{"gold_per_floor":[118,218,229,229,246,246,281,297,297,297,297,328,339,356,356,455,455,467,467,46,46,61,61,77,107,107,133,133,133,143,161,161,161],"floor_reached":33,"playtime":2033,"items_purged":[],"score":451,"play_id":"b049b4fc-ae88-450f-a997-3797f2b4fb86","local_time":"20180816154414","is_ascension_mode":true,"campfire_choices":[{"data":"Calculated Gamble","floor":6,"key":"SMITH"},{"floor":11,"key":"REST"},{"floor":15,"key":"REST"},{"data":"Dagger Spray","floor":23,"key":"SMITH"},{"floor":28,"key":"REST"},{"floor":32,"key":"REST"}],"neow_cost":"","seed_source_timestamp":162235823610059,"circlet_count":0,"master_deck":["Defend_G","Defend_G","Defend_G","Defend_G","Defend_G","Strike_G","Strike_G","Strike_G","Survivor","Neutralize","Calculated Gamble+1","Dagger Spray+1","Flying Knee","Quick Slash","Backstab","Slice","PiercingWail","Underhanded Strike","Adrenaline","PiercingWail","Deflect+1","Dagger Throw+1","Tactician+1"],"relics":["Ring of the Snake","The Courier","Dead Branch","Incense Burner","Ice Cream","StoneCalendar","Sling","Dodecahedron","Darkstone Periapt","Lantern"],"potions_floor_usage":[16,16,24,25,25,33,33],"damage_taken":[{"damage":0,"enemies":"Small Slimes","floor":1,"turns":4},{"damage":0,"enemies":"Cultist","floor":3,"turns":4},{"damage":6,"enemies":"Jaw Worm","floor":5,"turns":6},{"damage":33,"enemies":"Gremlin Nob","floor":7,"turns":5},{"damage":14,"enemies":"Gremlin Gang","floor":8,"turns":4},{"damage":19,"enemies":"3 Sentries","floor":12,"turns":6},{"damage":3,"enemies":"3 Louse","floor":13,"turns":3},{"damage":0,"enemies":"Red Slaver","floor":14,"turns":2},{"damage":15,"enemies":"Hexaghost","floor":16,"turns":13},{"damage":13,"enemies":"Spheric Guardian","floor":18,"turns":5},{"damage":0,"enemies":"3 Byrds","floor":22,"turns":5},{"damage":8,"enemies":"Cultist and Chosen","floor":24,"turns":5},{"damage":0,"enemies":"Slavers","floor":25,"turns":4},{"damage":30,"enemies":"Book of Stabbing","floor":27,"turns":5},{"damage":17,"enemies":"Snecko","floor":30,"turns":5},{"damage":0,"enemies":"Centurion and Healer","floor":31,"turns":5},{"damage":89,"enemies":"Collector","floor":33,"turns":10}],"seed_played":"258070014372523519","potions_obtained":[{"floor":1,"key":"Poison Potion"},{"floor":13,"key":"EssenceOfSteel"},{"floor":14,"key":"EssenceOfSteel"},{"floor":16,"key":"Regen Potion"},{"floor":18,"key":"Ancient Potion"},{"floor":24,"key":"SteroidPotion"},{"floor":31,"key":"Block Potion"}],"is_trial":false,"path_per_floor":["M","?","M","?","M","R","E","M","T","?","R","E","M","M","R","B",null,"M","?","$","?","M","R","M","E","T","E","R","$","M","M","R"],"character_chosen":"THE_SILENT","items_purchased":["StoneCalendar","Sling","PiercingWail"],"campfire_rested":4,"item_purchase_floors":[20,20,20],"current_hp_per_floor":[63,63,63,63,57,57,24,10,10,10,31,12,9,9,30,15,56,43,66,66,66,66,66,58,58,58,28,49,49,32,32,53,0],"gold":161,"neow_bonus":"","is_prod":false,"is_daily":false,"chose_seed":false,"campfire_upgraded":2,"win_rate":0,"timestamp":1534448654,"path_taken":["M","?","?","?","M","R","E","M","T","?","R","E","M","M","R","BOSS","M","?","$","?","M","R","M","E","T","E","R","$","M","?","R","BOSS"],"build_version":"2018-08-09","purchased_purges":0,"victory":false,"max_hp_per_floor":[70,70,70,70,70,70,70,70,70,70,70,70,70,70,70,70,70,70,70,70,70,70,70,70,70,70,70,70,70,70,70,70,70],"card_choices":[{"not_picked":["Outmaneuver","Underhanded Strike"],"picked":"Calculated Gamble","floor":1},{"not_picked":["Bouncing Flask","Caltrops"],"picked":"Dagger Spray","floor":3},{"not_picked":["Dagger Throw","Acrobatics"],"picked":"Flying Knee","floor":5},{"not_picked":["Tactician","PiercingWail"],"picked":"Quick Slash","floor":7},{"not_picked":["Sucker Punch","Storm of Steel"],"picked":"Backstab","floor":8},{"not_picked":["Dagger Spray","Unload"],"picked":"Slice","floor":12},{"not_picked":["Blade Dance","Quick Slash"],"picked":"PiercingWail","floor":13},{"not_picked":["Dagger Throw","Eviscerate"],"picked":"Underhanded Strike","floor":14},{"not_picked":["Wraith Form v2","Envenom"],"picked":"Adrenaline","floor":16},{"not_picked":["Bouncing Flask","Blur+1","Riddle With Holes"],"picked":"SKIP","floor":18},{"not_picked":["Flying Knee","Expertise"],"picked":"Deflect+1","floor":22},{"not_picked":["All Out Attack","Riddle With Holes"],"picked":"Dagger Throw+1","floor":24},{"not_picked":["PiercingWail","Outmaneuver","Malaise"],"picked":"SKIP","floor":25},{"not_picked":["Poisoned Stab+1","Backflip"],"picked":"Tactician+1","floor":27},{"not_picked":["Deadly Poison","Outmaneuver","Slice"],"picked":"SKIP","floor":30},{"not_picked":["Crippling Poison","Outmaneuver+1","Tools of the Trade"],"picked":"SKIP","floor":31}],"player_experience":469210,"relics_obtained":[{"floor":7,"key":"Dead Branch"},{"floor":9,"key":"Incense Burner"},{"floor":12,"key":"Ice Cream"},{"floor":25,"key":"Dodecahedron"},{"floor":26,"key":"Darkstone Periapt"},{"floor":27,"key":"Lantern"}],"event_choices":[{"event_name":"Golden Shrine","player_choice":"Pray","floor":2,"damage_taken":0},{"event_name":"WeMeetAgain","player_choice":"Potion","floor":4,"damage_taken":0},{"event_name":"Living Wall","player_choice":"Forget","floor":10,"damage_taken":0},{"event_name":"The Library","player_choice":"Heal","floor":19,"damage_taken":0},{"event_name":"Back to Basics","player_choice":"Elegance","floor":21,"damage_taken":0}],"is_beta":false,"boss_relics":[{"not_picked":["Snecko Eye","Coffee Dripper","Cursed Key"]}],"items_purged_floors":[],"is_endless":false,"potions_floor_spawned":[1,13,14,16,18,24,31],"killed_by":"Collector","ascension_level":8}