{"gold_per_floor":[118,43,54,4,19,19,32,64,64,64,96,174,174,205,205,283,283,300,28,28,28,42,71,104,104,104,136,116,136,148,182,182,182],"floor_reached":33,"playtime":2951,"items_purged":["Strike_B"],"score":562,"play_id":"1158f55a-1005-46cf-9e1a-de78c6b6a586","local_time":"20190519113510","is_ascension_mode":true,"campfire_choices":[{"data":"Streamline","floor":6.0,"key":"SMITH"},{"data":"Doom and Gloom","floor":10.0,"key":"SMITH"},{"data":"Defragment","floor":13.0,"key":"SMITH"},{"floor":15.0,"key":"REST"},{"floor":25.0,"key":"REST"},{"data":"Darkness","floor":32,"key":"SMITH"}],"neow_cost":"NONE","seed_source_timestamp":2162322658692219,"circlet_count":0,"master_deck":["AscendersBane","Strike_B","Strike_B","Defend_B","Defend_B","Defend_B","Defend_B","Zap","Dualcast","Cold Snap","Cold Snap","Streamline+1","Rebound","Auto Shields","Doom and Gloom+1","Defragment+1","Chaos","Seek","Capacitor","Necronomicurse","Conserve Battery","Darkness+1","Go for the Eyes","Steam","Redo","FTL","Leap+1"],"special_seed":0,"relics":["Cracked Core","Blood Vial","Gremlin Horn","Ornamental Fan","Runic Dome","Sling","Necronomicon","Letter Opener","Red Mask","Symbiotic Virus","Regal Pillow","DataDisk"],"potions_floor_usage":[30,31],"damage_taken":[{"damage":7.0,"enemies":"2 Louse","floor":1.0,"turns":2.0},{"damage":0.0,"enemies":"Jaw Worm","floor":3.0,"turns":3.0},{"damage":4.0,"enemies":"Small Slimes","floor":5.0,"turns":3.0},{"damage":0.0,"enemies":"Exordium Thugs","floor":7.0,"turns":4.0},{"damage":11.0,"enemies":"3 Sentries","floor":8.0,"turns":6.0},{"damage":2.0,"enemies":"Gremlin Nob","floor":11.0,"turns":4.0},{"damage":12.0,"enemies":"3 Sentries","floor":14.0,"turns":4.0},{"damage":25.0,"enemies":"Slime Boss","floor":16.0,"turns":8.0},{"damage":13.0,"enemies":"Chosen","floor":18.0,"turns":4.0},{"damage":8.0,"enemies":"Spheric Guardian","floor":22.0,"turns":4.0},{"damage":1.0,"enemies":"Slavers","floor":23.0,"turns":3.0},{"damage":8.0,"enemies":"Masked Bandits","floor":24.0,"turns":4.0},{"damage":1.0,"enemies":"Book of Stabbing","floor":27.0,"turns":4.0},{"damage":0,"enemies":"3 Cultists","floor":29,"turns":5},{"damage":1,"enemies":"Centurion and Healer","floor":30,"turns":4},{"damage":9,"enemies":"Slavers","floor":31,"turns":3},{"damage":53,"enemies":"Champ","floor":33,"turns":6}],"seed_played":"-8154101003702275797","potions_obtained":[{"floor":7.0,"key":"Fire Potion"},{"floor":8.0,"key":"EssenceOfSteel"},{"floor":11.0,"key":"Block Potion"},{"floor":14.0,"key":"EssenceOfSteel"},{"floor":22.0,"key":"Explosive Potion"},{"floor":23.0,"key":"SteroidPotion"},{"floor":27.0,"key":"GamblersBrew"},{"floor":28.0,"key":"EssenceOfSteel"}],"is_trial":false,"path_per_floor":["M","?","M","$","M","R","M","E","T","R","E","?","R","E","R","B",null,"M","$","?","?","M","E","?","R","T","E","?","M","M","E","R","B"],"character_chosen":"DEFECT","items_purchased":["SkillPotion","Sling"],"campfire_rested":2,"item_purchase_floors":[4,19],"current_hp_per_floor":[57,57,57,57,53,53,53,42,42,42,42,42,42,32,53,30,61,50,50,64,43,37,38,32,53,53,54,54,56,57,50,50,0],"gold":182,"neow_bonus":"THREE_CARDS","is_prod":false,"is_daily":false,"chose_seed":false,"campfire_upgraded":4,"win_rate":0,"timestamp":1558280110,"path_taken":["M","?","M","?","M","R","M","E","T","R","E","?","R","E","R","BOSS","M","$","?","?","M","E","?","R","T","E","?","?","M","E","R","BOSS"],"build_version":"2019-01-23","purchased_purges":1,"victory":false,"max_hp_per_floor":[71,71,71,71,71,71,71,71,71,71,71,71,71,71,71,71,71,71,71,71,71,71,71,71,71,71,71,71,71,71,71,71,71],"card_choices":[{"not_picked":["Blizzard","Leap"],"picked":"Cold Snap","floor":0.0},{"not_picked":["Hologram","Conserve Battery"],"picked":"Cold Snap","floor":1.0},{"not_picked":["Capacitor","BootSequence"],"picked":"Streamline","floor":3.0},{"not_picked":["Stack","Gash"],"picked":"Rebound","floor":5.0},{"not_picked":["Consume","Static Discharge"],"picked":"Auto Shields","floor":7.0},{"not_picked":["Glacier","Undo"],"picked":"Doom and Gloom","floor":8.0},{"not_picked":["Redo","Stack"],"picked":"Defragment","floor":11.0},{"not_picked":["Tempest","Barrage"],"picked":"Chaos","floor":14.0},{"not_picked":["Amplify","Biased Cognition"],"picked":"Seek","floor":16.0},{"not_picked":["Doom and Gloom","Steam"],"picked":"Capacitor","floor":18.0},{"not_picked":["Barrage","Ball Lightning"],"picked":"Conserve Battery","floor":22.0},{"not_picked":["Turbo","Gash"],"picked":"Darkness","floor":23.0},{"not_picked":["Steam Power","Stack"],"picked":"Go for the Eyes","floor":24.0},{"not_picked":["Heatsinks+1","Buffer"],"picked":"Steam","floor":27.0},{"not_picked":["Beam Cell","Recycle"],"picked":"Redo","floor":29},{"not_picked":["Steam+1","Barrage"],"picked":"FTL","floor":30},{"not_picked":["Hello World","Sweeping Beam"],"picked":"Leap+1","floor":31}],"player_experience":1530539,"relics_obtained":[{"floor":8.0,"key":"Blood Vial"},{"floor":11.0,"key":"Gremlin Horn"},{"floor":14.0,"key":"Ornamental Fan"},{"floor":21.0,"key":"Necronomicon"},{"floor":23.0,"key":"Letter Opener"},{"floor":24.0,"key":"Red Mask"},{"floor":26.0,"key":"Symbiotic Virus"},{"floor":27.0,"key":"Regal Pillow"},{"floor":31,"key":"DataDisk"}],"event_choices":[{"cards_removed":["Strike_B"],"damage_healed":0.0,"max_hp_gain":0.0,"max_hp_loss":0.0,"gold_gain":0.0,"event_name":"The Cleric","player_choice":"Card Removal","floor":2.0,"gold_loss":75.0,"damage_taken":0.0},{"damage_healed":0.0,"max_hp_gain":0.0,"max_hp_loss":0.0,"gold_gain":78.0,"event_name":"Golden Wing","player_choice":"Gained Gold","floor":12.0,"gold_loss":0.0,"damage_taken":0.0},{"damage_healed":14.0,"max_hp_gain":0.0,"max_hp_loss":0.0,"gold_gain":0.0,"event_name":"The Library","player_choice":"Heal","floor":20.0,"gold_loss":0.0,"damage_taken":0.0},{"damage_healed":0.0,"max_hp_gain":0.0,"max_hp_loss":0.0,"gold_gain":0.0,"event_name":"Cursed Tome","player_choice":"Obtained Book","floor":21.0,"gold_loss":0.0,"damage_taken":21.0},{"damage_healed":0.0,"max_hp_gain":0.0,"max_hp_loss":0.0,"gold_gain":0.0,"event_name":"Masked Bandits","player_choice":"Fought Bandits","floor":24.0,"gold_loss":0.0,"damage_taken":0.0},{"damage_healed":0.0,"max_hp_gain":0.0,"max_hp_loss":0.0,"gold_gain":0.0,"event_name":"The Woman in Blue","player_choice":"Bought 1 Potion","floor":28.0,"gold_loss":0.0,"damage_taken":0.0}],"is_beta":false,"boss_relics":[{"not_picked":["Snecko Eye","Eternal Feather"],"picked":"Runic Dome"}],"items_purged_floors":[19],"is_endless":false,"potions_floor_spawned":[7,8,11,14,22,23,27],"killed_by":"Champ","ascension_level":15}