{"gold_per_floor":[110,125,145,216,68,99,99,99,99,99,119,135,135,154,154,283,283,302,217,217,236,87,87,126,151,176,176,196,7,7,51,51,51],"floor_reached":33,"playtime":1824,"items_purged":["Strike_P"],"score":278,"play_id":"ee830e49-d8b3-456e-95fa-01e0d631bd11","local_time":"20190911132726","is_ascension_mode":true,"campfire_choices":[{"floor":10,"key":"REST"},{"floor":13,"key":"REST"},{"data":"FlowState","floor":15,"key":"SMITH"},{"floor":23,"key":"DIG"},{"floor":27,"key":"DIG"},{"floor":30,"key":"DIG"},{"data":"Fasting","floor":32,"key":"SMITH"}],"neow_cost":"TEN_PERCENT_HP_LOSS","seed_source_timestamp":9724064913956,"circlet_count":0,"master_deck":["Strike_P","Strike_P","Strike_P","Defend_P+1","Defend_P","Defend_P","Defend_P","Eruption","Vigilance","FlowState+1","FearNoEvil","Conclude","ThirdEye","CrushJoints","MasterReality","EmptyFist","ClearTheMind","Consecrate","Crescendo+1","CutThroughFate","Tantrum","Weave","Omniscience","MentalFortress","Fasting+1","ClearTheMind","FollowUp","InnerPeace+1","WreathOfFlame","TalkToTheHand","Meditate","Clarity+1"],"relics":["PureWater","Orrery","Gremlin Horn","Golden Idol","Eternal Feather","VioletLotus","Shovel","MutagenicStrength","Mango","Red Mask","Pen Nib","War Paint","Membership Card","MealTicket","Molten Egg 2"],"potions_floor_usage":[24,31,33,33],"damage_taken":[{"damage":17,"enemies":"Jaw Worm","floor":1,"turns":3},{"damage":7,"enemies":"Small Slimes","floor":2,"turns":3},{"damage":2,"enemies":"2 Louse","floor":3,"turns":2},{"damage":26,"enemies":"Lagavulin","floor":6,"turns":7},{"damage":16,"enemies":"Blue Slaver","floor":11,"turns":3},{"damage":7,"enemies":"Exordium Thugs","floor":12,"turns":5},{"damage":7,"enemies":"2 Fungi Beasts","floor":14,"turns":2},{"damage":19,"enemies":"The Guardian","floor":16,"turns":15},{"damage":0,"enemies":"Chosen","floor":18,"turns":4},{"damage":10,"enemies":"Shell Parasite","floor":21,"turns":7},{"damage":6,"enemies":"Masked Bandits","floor":24,"turns":3},{"damage":17,"enemies":"Shelled Parasite and Fungi","floor":25,"turns":6},{"damage":24,"enemies":"3 Cultists","floor":28,"turns":6},{"damage":32,"enemies":"Book of Stabbing","floor":31,"turns":5},{"damage":54,"enemies":"Collector","floor":33,"turns":5}],"seed_played":"-7931305577492046115","potions_obtained":[{"floor":2,"key":"SkillPotion"},{"floor":6,"key":"Fire Potion"},{"floor":18,"key":"Regen Potion"},{"floor":24,"key":"Block Potion"}],"is_trial":false,"path_per_floor":["M","M","M","?","$","E","?","?","T","R","M","M","R","M","R","B",null,"M","?","?","M","$","R","?","M","T","R","M","$","R","E","R","B"],"character_chosen":"WATCHER","items_purchased":["Orrery","ClearTheMind","FollowUp","Membership Card","Meditate"],"campfire_rested":2,"item_purchase_floors":[5,22,22,29,29],"current_hp_per_floor":[42,35,33,33,33,7,4,4,4,32,16,9,37,30,42,23,55,55,55,55,45,45,69,63,46,46,61,37,37,55,23,41,0],"gold":51,"neow_bonus":"THREE_RARE_CARDS","is_prod":false,"is_daily":false,"chose_seed":false,"campfire_upgraded":2,"win_rate":0,"timestamp":1568172446,"path_taken":["M","M","M","?","$","E","?","?","T","R","?","M","R","M","R","BOSS","M","?","?","M","$","R","?","M","T","R","M","?","R","E","R","BOSS"],"build_version":"2019-09-10","purchased_purges":1,"victory":false,"max_hp_per_floor":[59,59,59,59,59,59,59,55,55,55,55,55,55,55,55,55,55,55,55,55,55,55,69,69,69,69,69,69,69,69,69,69,69],"card_choices":[{"not_picked":["Vault","SignatureMove"],"picked":"FlowState","floor":0},{"not_picked":["FollowUp","Protect"],"picked":"FearNoEvil","floor":1},{"not_picked":["Protect","JustLucky"],"picked":"Conclude","floor":2},{"not_picked":["EmptyMind","Perseverance"],"picked":"ThirdEye","floor":3},{"not_picked":["ClearTheMind","Crescendo"],"picked":"CrushJoints","floor":5},{"not_picked":["CrushJoints","WindmillStrike"],"picked":"MasterReality","floor":5},{"not_picked":["Sanctity","Weave"],"picked":"EmptyFist","floor":5},{"not_picked":["Metaphysics","BowlingBash"],"picked":"ClearTheMind","floor":5},{"not_picked":["FlyingSleeves","CleanseEvil"],"picked":"Consecrate","floor":5},{"not_picked":["Sanctity","FlurryOfBlows"],"picked":"Crescendo","floor":6},{"not_picked":["EmptyMind","Prostrate"],"picked":"CutThroughFate","floor":11},{"not_picked":["EmptyBody","SpiritShield"],"picked":"Tantrum","floor":12},{"not_picked":["EmptyBody","Clarity"],"picked":"Weave","floor":14},{"not_picked":["Judgement","Nirvana"],"picked":"Omniscience","floor":16},{"not_picked":["Evaluate","Conclude"],"picked":"MentalFortress","floor":18},{"not_picked":["EmptyFist","Halt"],"picked":"Fasting","floor":21},{"not_picked":["Prostrate","Collect"],"picked":"InnerPeace+1","floor":24},{"not_picked":["EmptyFist","Wireheading"],"picked":"WreathOfFlame","floor":25},{"not_picked":["JustLucky","Conclude"],"picked":"TalkToTheHand","floor":28},{"not_picked":["Metaphysics","ClearTheMind"],"picked":"Clarity+1","floor":31}],"player_experience":1287078,"relics_obtained":[{"floor":6,"key":"Gremlin Horn"},{"floor":9,"key":"Eternal Feather"},{"floor":23,"key":"Mango"},{"floor":24,"key":"Red Mask"},{"floor":26,"key":"Pen Nib"},{"floor":27,"key":"War Paint"},{"floor":30,"key":"MealTicket"},{"floor":31,"key":"Molten Egg 2"}],"event_choices":[{"damage_healed":0,"gold_gain":71,"player_choice":"Gained Gold","damage_taken":0,"max_hp_gain":0,"max_hp_loss":0,"event_name":"Golden Wing","floor":4,"gold_loss":0},{"damage_healed":0,"gold_gain":0,"player_choice":"Fled","damage_taken":3,"max_hp_gain":0,"max_hp_loss":0,"event_name":"Scrap Ooze","floor":7,"gold_loss":0},{"damage_healed":0,"gold_gain":0,"player_choice":"Lose Max HP","damage_taken":0,"relics_obtained":["Golden Idol"],"max_hp_gain":0,"max_hp_loss":4,"event_name":"Golden Idol","floor":8,"gold_loss":0},{"damage_healed":0,"gold_gain":0,"player_choice":"Obtained Relic","damage_taken":0,"relics_obtained":["Shovel"],"max_hp_gain":0,"max_hp_loss":0,"event_name":"Addict","floor":19,"gold_loss":85},{"damage_healed":0,"gold_gain":0,"player_choice":"Inject Mutagens","damage_taken":0,"relics_obtained":["MutagenicStrength"],"max_hp_gain":0,"max_hp_loss":0,"event_name":"Drug Dealer","floor":20,"gold_loss":0},{"damage_healed":0,"gold_gain":0,"player_choice":"Fought Bandits","damage_taken":0,"max_hp_gain":0,"max_hp_loss":0,"event_name":"Masked Bandits","floor":24,"gold_loss":0}],"is_beta":true,"boss_relics":[{"not_picked":["Velvet Choker","Ectoplasm"],"picked":"VioletLotus"}],"items_purged_floors":[22],"is_endless":false,"potions_floor_spawned":[2,6,18,24],"killed_by":"Collector","ascension_level":1}