{"gold_per_floor":[116,126,126,126,199,238,8,8,8,49,73,89,130,148,148,268,268,291,390,81,81,96,139,139,178,213,225,251,296,327,353,365,507,519,555,567,229,287,300,300,335,335,385,426,426,457,457,473,473,473],"floor_reached":50,"playtime":3900,"items_purged":["Regret","Strike_G"],"score":961,"play_id":"79c73940-110b-4d85-9c5a-a9c153f76f84","local_time":"20190913231217","is_ascension_mode":true,"campfire_choices":[{"data":"Neutralize","floor":8.0,"key":"SMITH"},{"data":"Footwork","floor":15.0,"key":"SMITH"},{"floor":24.0,"key":"REST"},{"floor":27.0,"key":"RECALL"},{"floor":32.0,"key":"REST"},{"floor":40,"key":"DIG"},{"floor":42,"key":"DIG"},{"floor":47,"key":"DIG"},{"floor":49,"key":"REST"}],"neow_cost":"NONE","seed_source_timestamp":181339092136600,"circlet_count":0,"master_deck":["Defend_G","Defend_G","Defend_G","Defend_G","Defend_G","Survivor","Neutralize+1","Dagger Spray","All Out Attack","PiercingWail","Dagger Spray+1","Backstab+1","Footwork+1","Malaise","All Out Attack+1","Noxious Fumes","Phantasmal Killer","Corpse Explosion","Cloak And Dagger","Prepared+1","Acrobatics","After Image","Infinite Blades","Dodge and Roll","Crippling Poison+1","Dodge and Roll","Cloak And Dagger","Dodge and Roll"],"special_seed":0,"relics":["Ring of the Snake","NeowsBlessing","Golden Idol","Incense Burner","Matryoshka","Orichalcum","Blood Vial","Bag of Marbles","Juzu Bracelet","Vajra","Kunai","Fusion Hammer","Mercury Hourglass","Thread and Needle","MawBank","Lantern","Centennial Puzzle","Bag of Preparation","Empty Cage","Whetstone","Shovel","Regal Pillow","Gambling Chip","Molten Egg 2","Omamori","Potion Belt","PreservedInsect"],"potions_floor_usage":[44,44],"damage_taken":[{"damage":0.0,"enemies":"2 Louse","floor":1.0,"turns":1.0},{"damage":0.0,"enemies":"Small Slimes","floor":2.0,"turns":1.0},{"damage":0.0,"enemies":"Gremlin Nob","floor":6.0,"turns":1.0},{"damage":3.0,"enemies":"3 Sentries","floor":10.0,"turns":4.0},{"damage":0.0,"enemies":"Jaw Worm","floor":11.0,"turns":2.0},{"damage":0.0,"enemies":"Blue Slaver","floor":12.0,"turns":2.0},{"damage":5.0,"enemies":"Lagavulin","floor":13.0,"turns":5.0},{"damage":0.0,"enemies":"Exordium Wildlife","floor":14.0,"turns":1.0},{"damage":34.0,"enemies":"Slime Boss","floor":16.0,"turns":9.0},{"damage":0.0,"enemies":"Shell Parasite","floor":18.0,"turns":5.0},{"damage":9.0,"enemies":"Spheric Guardian","floor":22.0,"turns":4.0},{"damage":6.0,"enemies":"Book of Stabbing","floor":23.0,"turns":6.0},{"damage":0.0,"enemies":"Gremlin Leader","floor":25.0,"turns":5.0},{"damage":0.0,"enemies":"Centurion and Healer","floor":28.0,"turns":2.0},{"damage":3.0,"enemies":"Slavers","floor":29.0,"turns":2.0},{"damage":0.0,"enemies":"Shelled Parasite and Fungi","floor":30.0,"turns":1.0},{"damage":3.0,"enemies":"Snecko","floor":31.0,"turns":5.0},{"damage":24.0,"enemies":"Collector","floor":33.0,"turns":9.0},{"damage":0,"enemies":"Orb Walker","floor":35,"turns":3},{"damage":14,"enemies":"2 Orb Walkers","floor":38,"turns":5},{"damage":1,"enemies":"3 Shapes","floor":39,"turns":1},{"damage":19,"enemies":"Nemesis","floor":41,"turns":7},{"damage":12,"enemies":"Giant Head","floor":44,"turns":11},{"damage":3,"enemies":"Nemesis","floor":46,"turns":11},{"damage":0,"enemies":"Sphere and 2 Shapes","floor":48,"turns":3},{"damage":87,"enemies":"Time Eater","floor":50,"turns":20}],"seed_played":"2781421979648338289","potions_obtained":[{"floor":11.0,"key":"SneckoOil"},{"floor":12.0,"key":"SmokeBomb"},{"floor":16.0,"key":"Block Potion"},{"floor":23.0,"key":"GhostInAJar"},{"floor":31.0,"key":"Weak Potion"},{"floor":33.0,"key":"Energy Potion"},{"floor":38,"key":"Dexterity Potion"},{"floor":41,"key":"Strength Potion"},{"floor":44,"key":"Fruit Juice"}],"is_trial":false,"path_per_floor":["M","M","?","?","T","E","$","R","T","E","M","M","E","M","R","B",null,"M","?","$","?","M","E","R","E","T","R","M","E","M","M","R","B",null,"M","?","$","?","M","R","E","R","T","E","?","E","R","M","R","B"],"character_chosen":"THE_SILENT","items_purchased":["Blood Vial","Mercury Hourglass","Noxious Fumes","Whetstone","Infinite Blades","Dodge and Roll"],"campfire_rested":3,"item_purchase_floors":[7,20,20,37,37,37],"current_hp_per_floor":[63,63,46,46,46,46,46,46,46,45,47,49,46,48,48,16,57,59,59,59,59,52,48,69,70,70,70,70,67,69,67,70,46,64,66,66,66,54,55,55,38,38,38,33,33,32,32,34,71,0],"gold":473,"neow_bonus":"THREE_ENEMY_KILL","is_prod":false,"is_daily":false,"chose_seed":false,"campfire_upgraded":2,"win_rate":0,"timestamp":1568405537,"path_taken":["M","M","?","?","?","E","?","R","T","E","M","M","E","M","R","BOSS","M","?","$","?","M","E","R","E","T","R","M","E","M","M","R","BOSS","M","?","$","?","M","R","E","R","T","E","?","E","R","M","R","BOSS"],"build_version":"2019-07-17","purchased_purges":2,"victory":false,"max_hp_per_floor":[70,70,70,70,70,70,70,70,70,70,70,70,70,70,70,70,70,70,70,70,70,70,70,70,70,70,70,70,70,70,70,70,70,70,70,70,70,70,70,70,70,70,70,75,75,75,75,75,75,75],"card_choices":[{"not_picked":["Deadly Poison","Sucker Punch"],"picked":"Dagger Spray","floor":1.0},{"not_picked":["Deflect","Dodge and Roll"],"picked":"All Out Attack","floor":2.0},{"not_picked":["Backstab","Doppelganger"],"picked":"PiercingWail","floor":6.0},{"not_picked":["Unload","PiercingWail"],"picked":"Dagger Spray","floor":10.0},{"not_picked":["Acrobatics","Deadly Poison","Deflect"],"picked":"SKIP","floor":11.0},{"not_picked":["Deflect","Phantasmal Killer","Skewer"],"picked":"SKIP","floor":12.0},{"not_picked":["Endless Agony","Choke"],"picked":"Backstab","floor":13.0},{"not_picked":["Poisoned Stab","Slice"],"picked":"Footwork","floor":14.0},{"not_picked":["Storm of Steel","Night Terror"],"picked":"Malaise","floor":16.0},{"not_picked":["Flying Knee","Deadly Poison"],"picked":"All Out Attack+1","floor":18.0},{"not_picked":["Terror","Underhanded Strike"],"picked":"Cloak And Dagger","floor":22.0},{"not_picked":["Dagger Throw+1","Masterful Stab","Flying Knee"],"picked":"SKIP","floor":23.0},{"not_picked":["Die Die Die","Burst","Bane"],"picked":"SKIP","floor":25.0},{"not_picked":["Slice+1","Dagger Spray"],"picked":"Prepared+1","floor":28.0},{"not_picked":["Bullet Time","Dagger Throw","Dash"],"picked":"SKIP","floor":29.0},{"not_picked":["Flying Knee","Blade Dance"],"picked":"Acrobatics","floor":30.0},{"not_picked":["Slice","Calculated Gamble","Prepared"],"picked":"SKIP","floor":31.0},{"not_picked":["Glass Knife","Malaise"],"picked":"After Image","floor":33.0},{"not_picked":["Dagger Spray+1","Poisoned Stab+1","Flying Knee+1"],"picked":"SKIP","floor":35},{"not_picked":["Deadly Poison","Blade Dance+1"],"picked":"Crippling Poison+1","floor":38},{"not_picked":["Bullet Time","Acrobatics+1"],"picked":"Dodge and Roll","floor":39},{"not_picked":["Deadly Poison","Blade Dance+1","Bane"],"picked":"SKIP","floor":41},{"not_picked":["Flying Knee+1","Predator+1"],"picked":"Cloak And Dagger","floor":44},{"not_picked":["Leg Sweep","Deflect+1","Endless Agony+1"],"picked":"SKIP","floor":46},{"not_picked":["Cloak And Dagger","Outmaneuver"],"picked":"Dodge and Roll","floor":48}],"player_experience":257376,"relics_obtained":[{"floor":5.0,"key":"Matryoshka"},{"floor":6.0,"key":"Orichalcum"},{"floor":9.0,"key":"Bag of Marbles"},{"floor":9.0,"key":"Juzu Bracelet"},{"floor":10.0,"key":"Vajra"},{"floor":13.0,"key":"Kunai"},{"floor":23.0,"key":"Thread and Needle"},{"floor":25.0,"key":"MawBank"},{"floor":26.0,"key":"Lantern"},{"floor":26.0,"key":"Centennial Puzzle"},{"floor":29.0,"key":"Bag of Preparation"},{"floor":38,"key":"Shovel"},{"floor":40,"key":"Regal Pillow"},{"floor":41,"key":"Gambling Chip"},{"floor":42,"key":"Molten Egg 2"},{"floor":44,"key":"Omamori"},{"floor":46,"key":"Potion Belt"},{"floor":47,"key":"PreservedInsect"}],"event_choices":[{"damage_healed":0.0,"max_hp_gain":0.0,"max_hp_loss":0.0,"gold_gain":0.0,"event_name":"Golden Idol","player_choice":"Take Damage","floor":3.0,"gold_loss":0.0,"damage_taken":17.0,"relics_obtained":["Golden Idol"]},{"damage_healed":0.0,"max_hp_gain":0.0,"max_hp_loss":0.0,"gold_gain":0.0,"event_name":"Big Fish","player_choice":"Box","floor":4.0,"gold_loss":0.0,"damage_taken":0.0,"relics_obtained":["Incense Burner"],"cards_obtained":["Regret"]},{"damage_healed":0.0,"max_hp_gain":0.0,"max_hp_loss":0.0,"gold_gain":99.0,"event_name":"Nest","player_choice":"Stole From Cult","floor":19.0,"gold_loss":0.0,"damage_taken":0.0},{"damage_healed":0.0,"max_hp_gain":0.0,"max_hp_loss":0.0,"gold_gain":0.0,"cards_transformed":["Strike_G","Strike_G"],"event_name":"Drug Dealer","player_choice":"Became Test Subject","floor":21.0,"gold_loss":0.0,"damage_taken":0.0,"cards_obtained":["Phantasmal Killer","Corpse Explosion"]},{"damage_healed":0,"gold_gain":0,"player_choice":"Memory 1","damage_taken":0,"max_hp_gain":0,"max_hp_loss":0,"event_name":"SensoryStone","floor":36,"gold_loss":0},{"damage_healed":0,"gold_gain":0,"player_choice":"Fight","damage_taken":0,"max_hp_gain":0,"max_hp_loss":0,"event_name":"Mysterious Sphere","floor":38,"gold_loss":0},{"damage_healed":0,"gold_gain":0,"player_choice":"Ignored","damage_taken":0,"max_hp_gain":0,"max_hp_loss":0,"event_name":"Tomb of Lord Red Mask","floor":45,"gold_loss":0}],"is_beta":false,"boss_relics":[{"not_picked":["Astrolabe","Philosopher\u0027s Stone"],"picked":"Fusion Hammer"},{"not_picked":["Runic Dome","WristBlade"],"picked":"Empty Cage"}],"items_purged_floors":[7,37],"is_endless":false,"potions_floor_spawned":[11,12,16,23,31,33,38,41,44],"killed_by":"Time Eater","ascension_level":7}