{"gold_per_floor":[113,188,4,22,197,197,215,215,270,286,300,300,300,312,312,413,413,431,706,236,254,271,271],"floor_reached":23,"playtime":1327,"items_purged":["Regret"],"score":183,"play_id":"868bcd08-fa81-437d-b35f-d9c1aebad5cc","local_time":"20190326125553","is_ascension_mode":false,"campfire_choices":[{"floor":6,"key":"REST"},{"floor":8,"key":"REST"},{"data":"Zap","floor":13,"key":"SMITH"},{"floor":15,"key":"REST"}],"neow_cost":"PERCENT_DAMAGE","seed_source_timestamp":62373085429712,"circlet_count":0,"master_deck":["Strike_B","Strike_B","Strike_B","Strike_B","Defend_B","Defend_B","Defend_B","Defend_B","Zap+1","Dualcast","Defragment","Capacitor","Ball Lightning","Flash of Steel","Hologram","Static Discharge","Steam","Turbo","Thunder Strike","Meteor Strike","Ball Lightning+1","Self Repair","Cold Snap","Sweeping Beam+1","Conserve Battery+1"],"relics":["Cracked Core","FossilizedHelix","Inserter","Bottled Tornado"],"potions_floor_usage":[7,16,16,18,21],"damage_taken":[{"damage":2,"enemies":"Jaw Worm","floor":1,"turns":3},{"damage":9,"enemies":"2 Louse","floor":4,"turns":3},{"damage":7,"enemies":"Small Slimes","floor":7,"turns":3},{"damage":13,"enemies":"Red Slaver","floor":10,"turns":4},{"damage":9,"enemies":"2 Fungi Beasts","floor":11,"turns":3},{"damage":0,"enemies":"Blue Slaver","floor":14,"turns":2},{"damage":48,"enemies":"Hexaghost","floor":16,"turns":8},{"damage":4,"enemies":"Spheric Guardian","floor":18,"turns":4},{"damage":6,"enemies":"3 Byrds","floor":21,"turns":4},{"damage":32,"enemies":"Snake Plant","floor":22,"turns":4},{"damage":42,"enemies":"Slavers","floor":23,"turns":3}],"seed_played":"-6167001596595859741","potions_obtained":[{"floor":1,"key":"PowerPotion"},{"floor":4,"key":"LiquidBronze"},{"floor":11,"key":"Ancient Potion"},{"floor":16,"key":"Block Potion"},{"floor":18,"key":"FocusPotion"}],"is_trial":false,"path_per_floor":["M","?","$","M","?","R","M","R","T","M","M","?","R","M","R","B",null,"M","?","$","M","M","E"],"character_chosen":"DEFECT","items_purchased":["Capacitor","Ball Lightning","Flash of Steel","Bottled Tornado","Self Repair","Cold Snap"],"campfire_rested":3,"item_purchase_floors":[3,3,3,20,20,20],"current_hp_per_floor":[52,41,41,32,32,54,47,69,69,56,47,40,40,40,62,14,75,71,71,71,65,40,0],"gold":271,"neow_bonus":"ONE_RARE_RELIC","is_prod":false,"is_daily":false,"chose_seed":false,"campfire_upgraded":1,"win_rate":0,"timestamp":1553568953,"path_taken":["M","?","$","M","?","R","M","R","T","M","M","?","R","M","R","BOSS","M","?","$","?","M","E"],"build_version":"2019-01-23","purchased_purges":1,"victory":false,"max_hp_per_floor":[75,75,75,75,75,75,75,75,75,75,75,75,75,75,75,75,75,75,75,75,75,75,75],"card_choices":[{"not_picked":["BootSequence","Force Field"],"picked":"Defragment","floor":1},{"not_picked":["Coolheaded","Rebound"],"picked":"Hologram","floor":4},{"not_picked":["BootSequence","Go for the Eyes"],"picked":"Static Discharge","floor":7},{"not_picked":["Compile Driver","Reinforced Body"],"picked":"Steam","floor":10},{"not_picked":["Skim","Compile Driver"],"picked":"Turbo","floor":11},{"not_picked":["Streamline","Chaos"],"picked":"Thunder Strike","floor":14},{"not_picked":["All For One","Amplify"],"picked":"Meteor Strike","floor":16},{"not_picked":["Compile Driver+1","Reinforced Body"],"picked":"Ball Lightning+1","floor":18},{"not_picked":["Leap","BootSequence"],"picked":"Sweeping Beam+1","floor":21},{"not_picked":["Steam","Compile Driver"],"picked":"Conserve Battery+1","floor":22}],"player_experience":168966,"relics_obtained":[],"event_choices":[{"damage_healed":0,"gold_gain":75,"player_choice":"Gather Gold","damage_taken":11,"max_hp_gain":0,"max_hp_loss":0,"event_name":"World of Goop","floor":2,"gold_loss":0},{"damage_healed":0,"gold_gain":175,"player_choice":"AGREE","damage_taken":0,"max_hp_gain":0,"max_hp_loss":0,"event_name":"Liars Game","floor":5,"gold_loss":0,"cards_obtained":["Doubt"]},{"cards_removed":["Doubt"],"damage_healed":0,"gold_gain":0,"player_choice":"Card Removal","damage_taken":7,"max_hp_gain":0,"max_hp_loss":0,"event_name":"Golden Wing","floor":12,"gold_loss":0},{"damage_healed":0,"gold_gain":275,"player_choice":"Desecrate","damage_taken":0,"max_hp_gain":0,"max_hp_loss":0,"event_name":"Golden Shrine","floor":19,"gold_loss":0,"cards_obtained":["Regret"]}],"is_beta":false,"boss_relics":[{"not_picked":["Astrolabe","Fusion Hammer"],"picked":"Inserter"}],"items_purged_floors":[20],"is_endless":false,"potions_floor_spawned":[1,4,11,16,18],"killed_by":"Slavers","ascension_level":0}