{"gold_per_floor":[114,126,126,51,51,51,69,98,178,143,177,177,233,256,256,328,328,341,361,461,461,472,472],"floor_reached":23,"playtime":1246,"items_purged":["Strike_G"],"score":394,"play_id":"8bc757e9-9f90-4437-8d38-498e0b6b7e05","local_time":"20190505103515","is_ascension_mode":true,"campfire_choices":[{"data":"Neutralize","floor":6.0,"key":"SMITH"},{"data":"Noxious Fumes","floor":12.0,"key":"SMITH"},{"data":"Well Laid Plans","floor":15.0,"key":"SMITH"}],"neow_cost":"NONE","seed_source_timestamp":939115436136428,"circlet_count":0,"master_deck":["AscendersBane","Defend_G","Defend_G","Defend_G","Defend_G","Defend_G","Strike_G","Strike_G","Strike_G+1","Strike_G","Survivor","Neutralize+1","Well Laid Plans+1","All Out Attack+1","Finisher+1","Noxious Fumes+1","Endless Agony","Venomology","Catalyst+1","PiercingWail+1","Blade Dance+1"],"special_seed":0,"relics":["Ring of the Snake","Bronze Scales","Orichalcum","Tiny Chest","Regal Pillow","Whetstone","Runic Pyramid","Girya","Frozen Egg 2","Nloth\u0027s Gift"],"potions_floor_usage":[20,20,20,23],"damage_taken":[{"damage":1.0,"enemies":"Small Slimes","floor":1.0,"turns":4.0},{"damage":1.0,"enemies":"2 Louse","floor":2.0,"turns":3.0},{"damage":0.0,"enemies":"Jaw Worm","floor":7.0,"turns":4.0},{"damage":12.0,"enemies":"Gremlin Nob","floor":8.0,"turns":4.0},{"damage":15.0,"enemies":"Lagavulin","floor":11.0,"turns":6.0},{"damage":2.0,"enemies":"The Guardian","floor":16.0,"turns":11.0},{"damage":13.0,"enemies":"Spheric Guardian","floor":18.0,"turns":4.0},{"damage":0.0,"enemies":"Chosen","floor":19.0,"turns":3.0},{"damage":22,"enemies":"Colosseum Slavers","floor":20,"turns":5},{"damage":10,"enemies":"Colosseum Nobs","floor":20,"turns":5},{"damage":12,"enemies":"Snake Plant","floor":22,"turns":5},{"damage":18,"enemies":"Book of Stabbing","floor":23,"turns":1}],"seed_played":"3308285834171576880","potions_obtained":[{"floor":2.0,"key":"Block Potion"},{"floor":8.0,"key":"SpeedPotion"},{"floor":16.0,"key":"Swift Potion"},{"floor":22,"key":"Regen Potion"}],"is_trial":false,"path_per_floor":["M","M","?","$","?","R","M","E","T","?","E","R","?","T","R","B",null,"M","M","?","?","M","E"],"character_chosen":"THE_SILENT","items_purchased":[],"campfire_rested":0,"item_purchase_floors":[],"current_hp_per_floor":[58,57,52,52,52,52,52,40,40,56,41,41,41,41,41,39,59,46,46,14,14,2,0],"gold":472,"neow_bonus":"RANDOM_COMMON_RELIC","is_prod":false,"is_daily":false,"chose_seed":false,"campfire_upgraded":3,"win_rate":0,"timestamp":1557066915,"path_taken":["M","M","?","$","?","R","M","E","T","?","E","R","?","?","R","BOSS","M","M","?","?","?","E"],"build_version":"2019-01-23","purchased_purges":1,"victory":false,"max_hp_per_floor":[66,66,66,66,66,66,66,66,66,66,66,66,66,66,66,66,66,66,66,66,66,66,66],"card_choices":[{"not_picked":["Outmaneuver","Backflip"],"picked":"Well Laid Plans","floor":1.0},{"not_picked":["Backflip","Riddle With Holes"],"picked":"All Out Attack","floor":2.0},{"not_picked":["Cloak And Dagger","Tactician"],"picked":"Finisher","floor":7.0},{"not_picked":["Prepared","Bane"],"picked":"Noxious Fumes","floor":8.0},{"not_picked":["Flying Knee","Slice","Blur"],"picked":"Endless Agony","floor":11.0},{"not_picked":["Night Terror","Tools of the Trade","Storm of Steel"],"picked":"Venomology","floor":16.0},{"not_picked":["Flechettes","Poisoned Stab","Blur"],"picked":"Catalyst+1","floor":18.0},{"not_picked":["Quick Slash","Infinite Blades","Reflex"],"picked":"PiercingWail+1","floor":19.0},{"not_picked":["Flying Knee+1","Tools of the Trade+1"],"picked":"Blade Dance+1","floor":22}],"player_experience":1429070,"relics_obtained":[{"floor":8.0,"key":"Question Card"},{"floor":9.0,"key":"Tiny Chest"},{"floor":11.0,"key":"Regal Pillow"},{"floor":14.0,"key":"Whetstone"},{"floor":20,"key":"Girya"},{"floor":20,"key":"Frozen Egg 2"}],"event_choices":[{"damage_healed":0.0,"max_hp_gain":0.0,"max_hp_loss":0.0,"gold_gain":0.0,"event_name":"Scrap Ooze","player_choice":"Success","floor":3.0,"gold_loss":0.0,"damage_taken":5.0,"relics_obtained":["Orichalcum"]},{"damage_healed":0.0,"max_hp_gain":0.0,"max_hp_loss":0.0,"gold_gain":0.0,"event_name":"Living Wall","player_choice":"Grow","floor":5.0,"gold_loss":0.0,"damage_taken":0.0,"cards_upgraded":["All Out Attack"]},{"damage_healed":16.0,"max_hp_gain":0.0,"max_hp_loss":0.0,"gold_gain":0.0,"event_name":"The Cleric","player_choice":"Healed","floor":10.0,"gold_loss":35.0,"damage_taken":0.0},{"damage_healed":0.0,"max_hp_gain":0.0,"max_hp_loss":0.0,"gold_gain":56.0,"event_name":"Golden Wing","player_choice":"Gained Gold","floor":13.0,"gold_loss":0.0,"damage_taken":0.0},{"damage_healed":0,"gold_gain":0,"player_choice":"Fight","damage_taken":0,"max_hp_gain":0,"max_hp_loss":0,"event_name":"Colosseum","floor":20,"gold_loss":0},{"damage_healed":0,"gold_gain":0,"player_choice":"Fought Nobs","damage_taken":0,"max_hp_gain":0,"max_hp_loss":0,"event_name":"Colosseum","floor":20,"gold_loss":0},{"damage_healed":0,"gold_gain":0,"player_choice":"Traded Relic","damage_taken":0,"relics_obtained":["Nloth\u0027s Gift"],"max_hp_gain":0,"max_hp_loss":0,"event_name":"N\u0027loth","floor":21,"relics_lost":["Question Card"],"gold_loss":0}],"is_beta":false,"boss_relics":[{"not_picked":["HoveringKite","Pandora\u0027s Box"],"picked":"Runic Pyramid"}],"items_purged_floors":[4],"is_endless":false,"potions_floor_spawned":[2,8,16,19,20,22],"killed_by":"Book of Stabbing","ascension_level":20}