{"gold_per_floor":[115,115,128,149,149,149,182,182,236,236,275,305,343,368,368,459,459,473,116,139,162,182,222,222,222],"floor_reached":25,"playtime":1785,"items_purged":["Strike_B"],"score":482,"play_id":"127d457e-f3ba-43a9-b7b7-ae0cdaa8f7cc","local_time":"20190813133711","is_ascension_mode":true,"campfire_choices":[{"data":"Streamline","floor":6,"key":"SMITH"},{"floor":8,"key":"REST"},{"floor":10,"key":"REST"},{"floor":15,"key":"REST"},{"floor":24,"key":"REST"}],"neow_cost":"NONE","seed_source_timestamp":1461068008897335,"circlet_count":0,"master_deck":["AscendersBane","Strike_B","Strike_B","Defend_B","Defend_B","Defend_B","Defend_B","Zap","Dualcast","Biased Cognition","Cold Snap","Cold Snap","Streamline+1","Beam Cell","Ball Lightning","Conserve Battery","Glacier","Capacitor","Core Surge","Coolheaded"],"relics":["Cracked Core","Golden Idol","Omamori","Matryoshka","Pen Nib","Art of War","Bronze Scales","Odd Mushroom","Anchor","Busted Crown","HandDrill","Dream Catcher"],"potions_floor_usage":[12,13,16,21,23],"damage_taken":[{"damage":1,"enemies":"Cultist","floor":1,"turns":3},{"damage":5,"enemies":"Small Slimes","floor":3,"turns":3},{"damage":0,"enemies":"2 Louse","floor":4,"turns":3},{"damage":23,"enemies":"3 Sentries","floor":7,"turns":8},{"damage":6,"enemies":"Gremlin Nob","floor":11,"turns":3},{"damage":12,"enemies":"The Mushroom Lair","floor":12,"turns":3},{"damage":11,"enemies":"Lagavulin","floor":13,"turns":6},{"damage":0,"enemies":"Blue Slaver","floor":14,"turns":2},{"damage":13,"enemies":"Slime Boss","floor":16,"turns":6},{"damage":2,"enemies":"Spheric Guardian","floor":18,"turns":4},{"damage":8,"enemies":"Chosen","floor":20,"turns":4},{"damage":11,"enemies":"Shelled Parasite and Fungi","floor":21,"turns":4},{"damage":0,"enemies":"Snecko","floor":22,"turns":4},{"damage":32,"enemies":"Slavers","floor":23,"turns":6},{"damage":21,"enemies":"Book of Stabbing","floor":25,"turns":3}],"seed_played":"-7073117474152148763","potions_obtained":[{"floor":7,"key":"SpeedPotion"},{"floor":11,"key":"Poison Potion"},{"floor":12,"key":"Weak Potion"},{"floor":20,"key":"SpeedPotion"},{"floor":23,"key":"Fire Potion"}],"is_trial":false,"path_per_floor":["M","?","M","M","?","R","E","R","T","R","E","?","E","M","R","B",null,"M","$","M","M","M","E","R","E"],"character_chosen":"DEFECT","items_purchased":["HandDrill","PowerPotion"],"campfire_rested":4,"item_purchase_floors":[19,19],"current_hp_per_floor":[63,63,58,58,32,32,9,28,28,47,41,29,18,18,37,24,54,52,52,44,33,33,1,20,0],"gold":222,"neow_bonus":"TRANSFORM_CARD","is_prod":false,"is_daily":false,"chose_seed":false,"campfire_upgraded":1,"win_rate":0,"timestamp":1565717831,"path_taken":["M","?","M","M","?","R","E","R","T","R","E","?","E","M","R","BOSS","M","$","M","M","M","E","R","E"],"build_version":"2019-07-17","purchased_purges":1,"victory":false,"max_hp_per_floor":[71,64,64,64,64,64,64,64,64,64,64,64,64,64,64,64,64,64,64,64,64,64,64,64,64],"card_choices":[{"not_picked":["Beam Cell","Hologram"],"picked":"Cold Snap","floor":1},{"not_picked":["BootSequence","Leap"],"picked":"Cold Snap","floor":3},{"not_picked":["Leap","Capacitor"],"picked":"Streamline","floor":4},{"not_picked":["Capacitor","Rip and Tear"],"picked":"Beam Cell","floor":7},{"not_picked":["Thunder Strike","Barrage"],"picked":"Ball Lightning","floor":11},{"not_picked":["Streamline","Go for the Eyes"],"picked":"Conserve Battery","floor":12},{"not_picked":["Compile Driver","Stack"],"picked":"Glacier","floor":13},{"not_picked":["Beam Cell","Go for the Eyes"],"picked":"Capacitor","floor":14},{"not_picked":["All For One","Thunder Strike"],"picked":"Core Surge","floor":16},{"not_picked":[],"picked":"Coolheaded","floor":18},{"not_picked":["Turbo"],"picked":"SKIP","floor":20},{"not_picked":["Go for the Eyes"],"picked":"SKIP","floor":21},{"not_picked":["Steam"],"picked":"SKIP","floor":22},{"not_picked":["Sunder"],"picked":"SKIP","floor":23}],"player_experience":1791311,"relics_obtained":[{"floor":7,"key":"Matryoshka"},{"floor":9,"key":"Pen Nib"},{"floor":9,"key":"Art of War"},{"floor":11,"key":"Bronze Scales"},{"floor":12,"key":"Odd Mushroom"},{"floor":13,"key":"Anchor"},{"floor":23,"key":"Dream Catcher"}],"event_choices":[{"damage_healed":0,"gold_gain":0,"player_choice":"Lose Max HP","damage_taken":0,"relics_obtained":["Golden Idol"],"max_hp_gain":0,"max_hp_loss":7,"event_name":"Golden Idol","floor":2,"gold_loss":0},{"damage_healed":0,"gold_gain":0,"player_choice":"Success","damage_taken":26,"relics_obtained":["Omamori"],"max_hp_gain":0,"max_hp_loss":0,"event_name":"Scrap Ooze","floor":5,"gold_loss":0},{"damage_healed":0,"gold_gain":0,"player_choice":"Fought Mushrooms","damage_taken":0,"max_hp_gain":0,"max_hp_loss":0,"event_name":"Mushrooms","floor":12,"gold_loss":0}],"is_beta":false,"boss_relics":[{"not_picked":["Tiny House","Orrery"],"picked":"Busted Crown"}],"items_purged_floors":[19],"is_endless":false,"potions_floor_spawned":[7,11,12,20,23],"killed_by":"Book of Stabbing","ascension_level":20}