{"gold_per_floor":[117,117,130,12,27,57,57,17,40,52,68,68,94,94,94,189,189,203,203,217,23,37,37,53,4,4,4,38,38,64,64,64,162,162,172,172,172,172],"floor_reached":38,"playtime":2553,"items_purged":[],"score":445,"play_id":"0c1f93c3-82f1-41ae-b56a-be22ba97525c","local_time":"20190531191015","is_ascension_mode":false,"campfire_choices":[{"data":"Demon Form","floor":15,"key":"SMITH"},{"data":"Apotheosis","floor":23,"key":"SMITH"},{"floor":32,"key":"REST"}],"neow_cost":"NONE","seed_source_timestamp":24028699794633,"circlet_count":0,"master_deck":["Defend_R","Defend_R","Defend_R","Defend_R","Bash","Infernal Blade","Clothesline","Inflame+1","Carnage","Pommel Strike","Intimidate","Shockwave","Demon Form+1","Flex","Offering","Headbutt","Apotheosis+1","Shrug It Off","Iron Wave+1","Twin Strike","Warcry+1","Metallicize+1","Bite","Bite","Bite","Bite","Bite","Madness+1","Madness+1"],"relics":["Burning Blood","NeowsBlessing","Vajra","Oddly Smooth Stone","Bag of Preparation","Dream Catcher","Mark of Pain","CultistMask","Toxic Egg 2","Strawberry","Fusion Hammer"],"potions_floor_usage":[6,16,22,28,33,38,38],"damage_taken":[{"damage":0,"enemies":"Small Slimes","floor":1,"turns":1},{"damage":0,"enemies":"2 Louse","floor":3,"turns":1},{"damage":0,"enemies":"Jaw Worm","floor":5,"turns":1},{"damage":21,"enemies":"3 Sentries","floor":6,"turns":6},{"damage":1,"enemies":"2 Fungi Beasts","floor":10,"turns":3},{"damage":3,"enemies":"Red Slaver","floor":11,"turns":4},{"damage":33,"enemies":"Lagavulin","floor":13,"turns":6},{"damage":16,"enemies":"Hexaghost","floor":16,"turns":7},{"damage":4,"enemies":"Chosen","floor":18,"turns":3},{"damage":10,"enemies":"Spheric Guardian","floor":20,"turns":3},{"damage":9,"enemies":"Cultist and Chosen","floor":22,"turns":5},{"damage":0,"enemies":"Chosen and Byrds","floor":24,"turns":4},{"damage":13,"enemies":"Slavers","floor":28,"turns":6},{"damage":31,"enemies":"Book of Stabbing","floor":30,"turns":4},{"damage":65,"enemies":"Automaton","floor":33,"turns":10},{"damage":9,"enemies":"3 Shapes","floor":35,"turns":3},{"damage":110,"enemies":"Awakened One","floor":38,"turns":8}],"seed_played":"127375558711925379","potions_obtained":[{"floor":1,"key":"Swift Potion"},{"floor":3,"key":"PowerPotion"},{"floor":10,"key":"SpeedPotion"},{"floor":13,"key":"PowerPotion"},{"floor":18,"key":"Swift Potion"},{"floor":30,"key":"Strength Potion"},{"floor":33,"key":"Strength Potion"},{"floor":35,"key":"BloodPotion"}],"is_trial":false,"path_per_floor":["M","?","M","$","M","E","?","$","T","M","M","?","E","?","R","B",null,"M","?","M","$","M","R","M","$","T","$","E","?","E","?","R","B",null,"M","?","?","B"],"character_chosen":"IRONCLAD","items_purchased":["Inflame","Carnage","Shockwave","Apotheosis","Twin Strike"],"campfire_rested":1,"item_purchase_floors":[4,4,8,21,25],"current_hp_per_floor":[80,73,79,79,80,65,65,65,65,70,73,73,46,46,46,36,80,80,80,76,76,73,73,79,79,79,79,72,72,56,56,82,43,87,86,75,75,0],"gold":172,"neow_bonus":"THREE_ENEMY_KILL","is_prod":false,"is_daily":false,"chose_seed":false,"campfire_upgraded":2,"win_rate":0.0,"timestamp":1559322615,"path_taken":["M","?","M","$","M","E","?","?","T","M","M","?","E","?","R","BOSS","M","?","?","$","M","R","M","$","T","$","E","?","E","?","R","BOSS","M","?","?","BOSS"],"build_version":"2019-01-23","purchased_purges":0,"victory":false,"max_hp_per_floor":[80,80,80,80,80,80,80,80,80,80,80,80,80,80,80,80,80,80,80,80,80,80,80,80,80,80,80,80,80,87,87,87,87,87,87,87,87,87],"card_choices":[{"not_picked":["Anger","Dropkick"],"picked":"Infernal Blade","floor":1},{"not_picked":["Rupture","Warcry"],"picked":"Clothesline","floor":3},{"not_picked":["Clothesline","Whirlwind"],"picked":"Pommel Strike","floor":5},{"not_picked":["Armaments","Ghostly Armor"],"picked":"Intimidate","floor":6},{"not_picked":["Shrug It Off","Dual Wield"],"picked":"Demon Form","floor":10},{"not_picked":["Second Wind","Perfected Strike","Body Slam"],"picked":"SKIP","floor":11},{"not_picked":["Clash","Anger"],"picked":"Flex","floor":13},{"not_picked":["Demon Form","Fiend Fire"],"picked":"Offering","floor":16},{"not_picked":["True Grit","Pommel Strike","Flex"],"picked":"SKIP","floor":18},{"not_picked":["Burning Pact","Rage+1"],"picked":"Headbutt","floor":20},{"not_picked":["Clothesline","Pommel Strike"],"picked":"Shrug It Off","floor":22},{"not_picked":["Warcry+1","Pommel Strike"],"picked":"Iron Wave+1","floor":24},{"not_picked":["Infernal Blade+1","Searing Blow"],"picked":"Warcry+1","floor":28},{"not_picked":["Sword Boomerang","Pommel Strike+1"],"picked":"Metallicize+1","floor":30},{"not_picked":["Iron Wave","Perfected Strike","Clash"],"picked":"SKIP","floor":35}],"player_experience":10,"relics_obtained":[{"floor":6,"key":"Vajra"},{"floor":9,"key":"Oddly Smooth Stone"},{"floor":13,"key":"Bag of Preparation"},{"floor":26,"key":"Toxic Egg 2"},{"floor":28,"key":"Blood Vial"},{"floor":30,"key":"Strawberry"}],"event_choices":[{"cards_removed":["Strike_R"],"damage_healed":0,"gold_gain":0,"player_choice":"Card Removal","damage_taken":7,"max_hp_gain":0,"max_hp_loss":0,"event_name":"Golden Wing","floor":2,"gold_loss":0},{"damage_healed":0,"gold_gain":0,"player_choice":"Grow","damage_taken":0,"max_hp_gain":0,"max_hp_loss":0,"event_name":"Living Wall","floor":7,"gold_loss":0,"cards_upgraded":["Inflame"]},{"damage_healed":0,"gold_gain":0,"player_choice":"Ignored","damage_taken":0,"max_hp_gain":0,"max_hp_loss":0,"event_name":"Liars Game","floor":12,"gold_loss":0},{"damage_healed":0,"gold_gain":0,"player_choice":"Gave Potion","damage_taken":0,"relics_obtained":["Dream Catcher"],"max_hp_gain":0,"max_hp_loss":0,"event_name":"WeMeetAgain","floor":14,"gold_loss":0},{"damage_healed":0,"gold_gain":0,"player_choice":"Trade","damage_taken":0,"relics_obtained":["CultistMask"],"max_hp_gain":0,"max_hp_loss":0,"event_name":"FaceTrader","floor":19,"gold_loss":0},{"damage_healed":0,"gold_gain":0,"player_choice":"Ignored","damage_taken":0,"max_hp_gain":0,"max_hp_loss":0,"event_name":"Cursed Tome","floor":29,"gold_loss":0},{"damage_healed":0,"gold_gain":0,"player_choice":"Became a vampire (Vial)","damage_taken":0,"max_hp_gain":0,"max_hp_loss":0,"event_name":"Vampires","floor":31,"relics_lost":["Blood Vial"],"gold_loss":0,"cards_obtained":["Bite","Bite","Bite","Bite","Bite"]},{"damage_healed":0,"gold_gain":0,"player_choice":"Embrace Madness","damage_taken":11,"max_hp_gain":0,"max_hp_loss":0,"event_name":"Winding Halls","floor":36,"gold_loss":0,"cards_obtained":["Madness","Madness"]},{"damage_healed":0,"gold_gain":0,"player_choice":"Took Portal","damage_taken":0,"max_hp_gain":0,"max_hp_loss":0,"event_name":"SecretPortal","floor":37,"gold_loss":0}],"is_beta":false,"boss_relics":[{"not_picked":["Runic Pyramid","Busted Crown"],"picked":"Mark of Pain"},{"not_picked":["Runic Dome","Sozu"],"picked":"Fusion Hammer"}],"items_purged_floors":[],"is_endless":false,"potions_floor_spawned":[1,3,10,13,18,30,33,35],"killed_by":"Awakened One","ascension_level":0}