{"gold_per_floor":[111,111,30,49,49,49,4,4,4,44,44,62,362,380,380,380],"floor_reached":16,"playtime":460,"items_purged":[],"score":98,"play_id":"6a5dd1fd-869e-4c68-8f97-80677288de72","local_time":"20190327201622","is_ascension_mode":false,"campfire_choices":[{"data":"Infernal Blade","floor":6,"key":"SMITH"},{"data":"Body Slam","floor":8,"key":"SMITH"},{"floor":15,"key":"REST"}],"neow_cost":"CURSE","seed_source_timestamp":35102991190889,"circlet_count":0,"master_deck":["Strike_R","Strike_R","Strike_R","Strike_R","Strike_R","Defend_R","Defend_R","Defend_R","Defend_R","Bash","Pain","Berserk+1","Pommel Strike","Infernal Blade+1","Pommel Strike","Injury","Body Slam+1","Iron Wave","Flex","Armaments"],"relics":["Burning Blood","Golden Idol","Kunai","Old Coin"],"potions_floor_usage":[4,10,10,10,12,16],"damage_taken":[{"damage":15,"enemies":"Jaw Worm","floor":1,"turns":4},{"damage":4,"enemies":"Cultist","floor":4,"turns":2},{"damage":40,"enemies":"3 Sentries","floor":10,"turns":9},{"damage":10,"enemies":"Small Slimes","floor":12,"turns":2},{"damage":10,"enemies":"3 Louse","floor":14,"turns":3},{"damage":55,"enemies":"Hexaghost","floor":16,"turns":9}],"seed_played":"-7739149048553363797","potions_obtained":[{"floor":2,"key":"SteroidPotion"},{"floor":2,"key":"EssenceOfSteel"},{"floor":2,"key":"Fire Potion"},{"floor":4,"key":"Weak Potion"},{"floor":10,"key":"Energy Potion"},{"floor":14,"key":"PowerPotion"}],"is_trial":false,"path_per_floor":["M","?","$","M","?","R","$","R","T","E","?","M","T","M","R","B"],"character_chosen":"IRONCLAD","items_purchased":["Infernal Blade","Body Slam"],"campfire_rested":1,"item_purchase_floors":[3,7],"current_hp_per_floor":[71,71,71,73,73,73,73,73,73,39,39,35,35,31,55,0],"gold":380,"neow_bonus":"THREE_RARE_CARDS","is_prod":false,"is_daily":false,"chose_seed":false,"campfire_upgraded":2,"win_rate":0,"timestamp":1553681782,"path_taken":["M","?","?","?","?","R","$","R","T","E","?","M","?","M","R","BOSS"],"build_version":"2019-01-23","purchased_purges":0,"victory":false,"max_hp_per_floor":[80,80,80,80,80,80,80,80,80,80,80,80,80,80,80,80],"card_choices":[{"not_picked":["Exhume","Offering"],"picked":"Berserk","floor":0},{"not_picked":["Twin Strike","True Grit"],"picked":"Pommel Strike","floor":1},{"not_picked":["Reckless Charge","Body Slam"],"picked":"Pommel Strike","floor":4},{"not_picked":["Heavy Blade","Brutality"],"picked":"Iron Wave","floor":10},{"not_picked":["Sword Boomerang","Heavy Blade"],"picked":"Flex","floor":12},{"not_picked":["Clash","Disarm"],"picked":"Armaments","floor":14}],"player_experience":209271,"relics_obtained":[{"floor":10,"key":"Kunai"},{"floor":13,"key":"Old Coin"}],"event_choices":[{"damage_healed":0,"gold_gain":0,"player_choice":"Got Potions","damage_taken":0,"max_hp_gain":0,"max_hp_loss":0,"event_name":"Lab","floor":2,"gold_loss":0},{"damage_healed":0,"gold_gain":0,"player_choice":"Take Wound","damage_taken":0,"relics_obtained":["Golden Idol"],"max_hp_gain":0,"max_hp_loss":0,"event_name":"Golden Idol","floor":5,"gold_loss":0,"cards_obtained":["Injury"]},{"damage_healed":0,"gold_gain":0,"player_choice":"Grow","damage_taken":0,"max_hp_gain":0,"max_hp_loss":0,"event_name":"Living Wall","floor":11,"gold_loss":0,"cards_upgraded":["Berserk"]}],"is_beta":false,"boss_relics":[],"items_purged_floors":[],"is_endless":false,"potions_floor_spawned":[4,10,14],"killed_by":"Hexaghost","ascension_level":0}