{"gold_per_floor":[117,134,151,151,161,196,52,52,130,187,262,273,273,289,289,390,440,450,450,450,338,338,338,355,383,383,6,6,6,37,51,51,149,149,165,0,353,372,384,417,417,451,477,487,487,348,368,383,383,383],"floor_reached":51,"playtime":5205,"items_purged":["Strike_R"],"score":1011,"play_id":"51d02279-fbf9-47e2-ac43-61afe9a2230c","local_time":"20180810031206","is_ascension_mode":true,"campfire_choices":[{"floor":8,"key":"REST"},{"data":"Metallicize","floor":13,"key":"SMITH"},{"data":"Double Tap","floor":15,"key":"SMITH"},{"data":"Feel No Pain","floor":23,"key":"SMITH"},{"floor":28,"key":"REST"},{"data":"Perfected Strike","floor":32,"key":"SMITH"},{"floor":41,"key":"REST"},{"floor":45,"key":"REST"},{"floor":49,"key":"REST"}],"neow_cost":"TEN_PERCENT_HP_LOSS","seed_source_timestamp":2529965549143049,"circlet_count":0,"master_deck":["Strike_R+1","Strike_R","Defend_R","Defend_R","Defend_R","Bash+1","Sever Soul+1","Corruption+1","Pommel Strike","Pommel Strike","Infernal Blade","Clash","Double Tap+1","Ghostly Armor","Shrug It Off","Metallicize+1","Exhume","Disarm","Perfected Strike+1","Feel No Pain+1","Pummel","Shrug It Off","Exhume","Reaper","Ghostly Armor","Exhume","Rage+1","Shrug It Off+1","Flex+1","Offering","Dropkick+1"],"relics":["Burning Blood","Nunchaku","Shuriken","Tiny Chest","Tiny House","Bag of Marbles","Matryoshka","Bag of Preparation","Bottled Lightning","Happy Flower","Gremlin Horn","Paper Frog","Fusion Hammer","Red Mask","Old Coin","Pantograph","Bottled Flame","Whetstone","Oddly Smooth Stone"],"potions_floor_usage":[14,16,25,25,25,33,42,42,48,50,50],"damage_taken":[{"damage":8,"enemies":"Jaw Worm","floor":1,"turns":4},{"damage":5,"enemies":"Cultist","floor":2,"turns":4},{"damage":20,"enemies":"Small Slimes","floor":3,"turns":4},{"damage":9,"enemies":"Red Slaver","floor":5,"turns":3},{"damage":30,"enemies":"Lagavulin","floor":6,"turns":5},{"damage":15,"enemies":"3 Sentries","floor":10,"turns":5},{"damage":0,"enemies":"Blue Slaver","floor":12,"turns":1},{"damage":0,"enemies":"Looter","floor":14,"turns":1},{"damage":8,"enemies":"Hexaghost","floor":16,"turns":6},{"damage":21,"enemies":"Chosen","floor":18,"turns":5},{"damage":6,"enemies":"3 Byrds","floor":24,"turns":4},{"damage":70,"enemies":"Slavers","floor":25,"turns":7},{"damage":0,"enemies":"Book of Stabbing","floor":30,"turns":5},{"damage":2,"enemies":"Snake Plant","floor":31,"turns":5},{"damage":61,"enemies":"Champ","floor":33,"turns":12},{"damage":31,"enemies":"3 Shapes","floor":35,"turns":5},{"damage":30,"floor":37,"turns":10},{"damage":2,"enemies":"Orb Walker","floor":38,"turns":3},{"damage":4,"enemies":"Maw","floor":39,"turns":7},{"damage":50,"enemies":"Nemesis","floor":40,"turns":7},{"damage":9,"enemies":"Giant Head","floor":42,"turns":6},{"damage":44,"enemies":"Flame Bruiser 2 Orb","floor":44,"turns":7},{"damage":6,"enemies":"Spire Growth","floor":47,"turns":3},{"damage":19,"enemies":"Transient","floor":48,"turns":5},{"damage":90,"enemies":"Awakened One","floor":50,"turns":15}],"seed_played":"2028644693431832743","potions_obtained":[{"floor":1,"key":"FearPotion"},{"floor":6,"key":"Weak Potion"},{"floor":12,"key":"Explosive Potion"},{"floor":16,"key":"PowerPotion"},{"floor":17,"key":"SteroidPotion"},{"floor":18,"key":"LiquidBronze"},{"floor":24,"key":"Swift Potion"},{"floor":30,"key":"FearPotion"},{"floor":37,"key":"FearPotion"},{"floor":40,"key":"Weak Potion"},{"floor":42,"key":"Fire Potion"},{"floor":44,"key":"BloodPotion"},{"floor":48,"key":"Strength Potion"}],"is_trial":false,"path_per_floor":["M","M","M","?","M","E","$","R","T","E","?","M","R","M","R","B",null,"M","?","?","$","T","R","M","E","T","$","R","?","E","M","R","B",null,"M","?","?","M","M","E","R","E","T","M","R","$","M","M","R","B"],"character_chosen":"IRONCLAD","items_purchased":["Ghostly Armor","Feel No Pain","Pummel","Gremlin Horn","Exhume","Offering"],"campfire_rested":5,"item_purchase_floors":[7,21,21,27,27,46],"current_hp_per_floor":[70,71,57,57,54,30,30,51,51,66,55,61,61,67,67,65,75,62,62,62,62,62,62,62,10,10,10,33,33,51,65,65,14,61,64,64,70,77,77,45,68,65,65,33,56,56,56,57,77,25],"gold":383,"neow_bonus":"TRANSFORM_TWO_CARDS","is_prod":false,"is_daily":false,"chose_seed":false,"campfire_upgraded":4,"win_rate":0,"timestamp":1533885126,"path_taken":["M","M","M","?","?","E","$","R","T","E","?","M","R","M","R","BOSS","M","?","?","$","?","R","M","E","T","$","R","?","E","M","R","BOSS","M","?","?","?","M","E","R","E","T","M","R","$","M","M","R","BOSS"],"build_version":"2018-08-09","purchased_purges":1,"victory":true,"max_hp_per_floor":[72,72,72,72,72,72,72,72,72,72,72,72,72,72,72,72,77,77,77,77,77,77,77,77,77,77,77,77,77,77,77,77,77,77,77,77,77,77,77,77,77,77,77,77,77,77,77,77,77,77],"card_choices":[{"not_picked":["Armaments","Havoc"],"picked":"Pommel Strike","floor":1},{"not_picked":["Anger","Warcry"],"picked":"Pommel Strike","floor":2},{"not_picked":["Pommel Strike","Wild Strike"],"picked":"Infernal Blade","floor":3},{"not_picked":["Wild Strike","Iron Wave"],"picked":"Clash","floor":5},{"not_picked":["Rupture","Sword Boomerang"],"picked":"Double Tap","floor":6},{"not_picked":["Entrench","Double Tap"],"picked":"Shrug It Off","floor":10},{"not_picked":["Combust","Warcry"],"picked":"Metallicize","floor":12},{"not_picked":["Rampage","Clash","Flex"],"picked":"SKIP","floor":14},{"not_picked":["Bludgeon","Fiend Fire"],"picked":"Exhume","floor":16},{"not_picked":["Clash","Sever Soul"],"picked":"Disarm","floor":17},{"not_picked":["Seeing Red","Uppercut"],"picked":"Perfected Strike","floor":18},{"not_picked":["Clothesline","Spot Weakness"],"picked":"Shrug It Off","floor":24},{"not_picked":["Clothesline+1","Body Slam","Rampage+1"],"picked":"SKIP","floor":25},{"not_picked":["Clothesline+1","Sword Boomerang+1"],"picked":"Ghostly Armor","floor":30},{"not_picked":["Pommel Strike","Power Through","True Grit"],"picked":"SKIP","floor":31},{"not_picked":["Fiend Fire","Barricade"],"picked":"Exhume","floor":33},{"not_picked":["Warcry","Iron Wave"],"picked":"Rage+1","floor":35},{"not_picked":["Cleave+1","Second Wind"],"picked":"Shrug It Off+1","floor":37},{"not_picked":["Shrug It Off+1","Body Slam"],"picked":"Flex+1","floor":38},{"not_picked":["Power Through","Heavy Blade+1","Iron Wave+1"],"picked":"SKIP","floor":39},{"not_picked":["Rage+1","Bloodletting","Inflame+1"],"picked":"SKIP","floor":40},{"not_picked":["Twin Strike+1","Disarm","Sever Soul+1"],"picked":"SKIP","floor":42},{"not_picked":["Second Wind","Feel No Pain","Clothesline"],"picked":"SKIP","floor":44},{"not_picked":["Shrug It Off+1","Heavy Blade"],"picked":"Dropkick+1","floor":47},{"not_picked":["Corruption+1","Berserk","Havoc"],"picked":"SKIP","floor":48}],"player_experience":396419,"relics_obtained":[{"floor":6,"key":"Nunchaku"},{"floor":9,"key":"Shuriken"},{"floor":10,"key":"Tiny Chest"},{"floor":22,"key":"Matryoshka"},{"floor":25,"key":"Bag of Preparation"},{"floor":26,"key":"Bottled Lightning"},{"floor":26,"key":"Happy Flower"},{"floor":30,"key":"Paper Frog"},{"floor":37,"key":"Old Coin"},{"floor":40,"key":"Pantograph"},{"floor":42,"key":"Bottled Flame"},{"floor":43,"key":"Whetstone"},{"floor":43,"key":"Oddly Smooth Stone"}],"event_choices":[{"event_name":"Upgrade Shrine","player_choice":"Upgraded","floor":4,"damage_taken":0},{"event_name":"World of Goop","player_choice":"Gather Gold","floor":11,"damage_taken":0},{"event_name":"Vampires","player_choice":"Ignored","floor":19,"damage_taken":0},{"event_name":"WeMeetAgain","player_choice":"Potion","floor":20,"damage_taken":0},{"event_name":"Transmorgrifier","player_choice":"Transform","floor":29,"damage_taken":0},{"event_name":"Tomb of Lord Red Mask","player_choice":"Paid","floor":36,"damage_taken":0},{"event_name":"Mysterious Sphere","player_choice":"Fight","floor":37,"damage_taken":0}],"is_beta":false,"boss_relics":[{"not_picked":["Lizard Tail","Runic Cube"],"picked":"Tiny House"},{"not_picked":["Astrolabe","Empty Cage"],"picked":"Fusion Hammer"}],"items_purged_floors":[7],"is_endless":false,"potions_floor_spawned":[1,6,12,16,18,24,30,37,40,42,44,48],"ascension_level":7}