{"gold_per_floor":[114,132,146,146,165,165,178,178,205,230,35,35,51,65,65,160,160,175,175,175,191,144,144,158,192,192,221,235,235,245,263,263,364,364,380,380,390,490,504,504],"floor_reached":40,"playtime":4269,"items_purged":[],"score":747,"play_id":"639cc095-58c0-4d7e-9665-db220d4932d4","local_time":"20181110022015","is_ascension_mode":true,"campfire_choices":[{"data":"Defragment","floor":6.0,"key":"SMITH"},{"data":"Conserve Battery","floor":8.0,"key":"SMITH"},{"data":"White Noise","floor":12.0,"key":"SMITH"},{"floor":15.0,"key":"REST"},{"floor":23.0,"key":"REST"},{"floor":29.0,"key":"REST"},{"floor":32.0,"key":"REST"}],"neow_cost":"NONE","seed_source_timestamp":0,"circlet_count":0,"master_deck":["AscendersBane","Zap","Dualcast","Streamline","Conserve Battery+1","White Noise+1","Capacitor","Defragment+1","Gash","Cold Snap","Barrage","BootSequence","Coolheaded","Beam Cell","Go for the Eyes","Scrape","Redo","Sweeping Beam","Amplify","Redo+1","Cold Snap","Sweeping Beam+1","Hologram+1","Coolheaded+1","Doom and Gloom","Turbo","Seek","Pain","Stack+1","Reinforced Body+1","Darkness","Ball Lightning+1"],"special_seed":0,"relics":["Pandora\u0027s Box","Ancient Tea Set","Omamori","Fusion Hammer","MutagenicStrength","Nloth\u0027s Gift","Oddly Smooth Stone","Thread and Needle","Bottled Flame","Calling Bell","Juzu Bracelet","The Courier","Pocketwatch","Ginger"],"potions_floor_usage":[],"damage_taken":[{"damage":4.0,"enemies":"2 Louse","floor":1.0,"turns":2.0},{"damage":3.0,"enemies":"Cultist","floor":2.0,"turns":4.0},{"damage":0.0,"enemies":"Small Slimes","floor":3.0,"turns":3.0},{"damage":3.0,"enemies":"Red Slaver","floor":5.0,"turns":4.0},{"damage":13.0,"enemies":"Exordium Thugs","floor":7.0,"turns":6.0},{"damage":10.0,"enemies":"3 Sentries","floor":10.0,"turns":10.0},{"damage":12.0,"enemies":"2 Fungi Beasts","floor":13.0,"turns":3.0},{"damage":5.0,"enemies":"Red Slaver","floor":14.0,"turns":4.0},{"damage":0.0,"enemies":"Slime Boss","floor":16.0,"turns":6.0},{"damage":8.0,"enemies":"3 Byrds","floor":18.0,"turns":5.0},{"damage":12.0,"enemies":"Shell Parasite","floor":21.0,"turns":6.0},{"damage":6.0,"enemies":"Shelled Parasite and Fungi","floor":24.0,"turns":5.0},{"damage":47.0,"enemies":"Slavers","floor":25.0,"turns":7.0},{"damage":10.0,"enemies":"Gremlin Leader","floor":27.0,"turns":7.0},{"damage":0.0,"enemies":"Sentry and Sphere","floor":28.0,"turns":6.0},{"damage":7.0,"enemies":"Centurion and Healer","floor":30.0,"turns":6.0},{"damage":11.0,"enemies":"3 Cultists","floor":31.0,"turns":6.0},{"damage":36.0,"enemies":"Collector","floor":33.0,"turns":10.0},{"damage":17.0,"enemies":"3 Darklings","floor":35.0,"turns":5.0},{"damage":5.0,"enemies":"3 Shapes","floor":37.0,"turns":5.0},{"damage":6.0,"enemies":"Mind Bloom Boss Battle","floor":38.0,"turns":9.0},{"damage":7,"enemies":"3 Darklings","floor":39,"turns":5},{"damage":35,"enemies":"Giant Head","floor":40,"turns":9}],"seed_played":"-6471618003240881580","potions_obtained":[{"floor":5.0,"key":"Poison Potion"},{"floor":7.0,"key":"Strength Potion"},{"floor":10.0,"key":"Energy Potion"},{"floor":13.0,"key":"EssenceOfSteel"},{"floor":16.0,"key":"PowerPotion"},{"floor":24.0,"key":"EssenceOfSteel"},{"floor":27.0,"key":"Swift Potion"},{"floor":28.0,"key":"Fruit Juice"},{"floor":30.0,"key":"GamblersBrew"},{"floor":33.0,"key":"Weak Potion"},{"floor":39,"key":"Ancient Potion"}],"is_trial":false,"path_per_floor":["M","M","M","?","M","R","M","R","T","E","$","R","M","M","R","B",null,"M","?","?","M","$","R","M","E","T","E","M","R","M","M","R","B",null,"M","?","M","?","M","E"],"character_chosen":"DEFECT","items_purchased":["Lantern","Scrape","Cold Snap"],"campfire_rested":4,"item_purchase_floors":[11,11,22],"current_hp_per_floor":[64,61,61,61,58,58,45,45,45,35,35,35,23,18,40,40,66,58,58,58,46,46,68,62,15,15,5,10,34,27,16,40,4,61,44,44,39,33,26,0],"gold":504,"neow_bonus":"BOSS_RELIC","is_prod":false,"is_daily":false,"chose_seed":false,"campfire_upgraded":3,"win_rate":0,"timestamp":1541834415,"path_taken":["M","M","M","?","M","R","M","R","T","E","$","R","?","M","R","BOSS","M","?","?","M","$","R","M","E","T","E","M","R","?","M","R","BOSS","M","?","M","?","M","E"],"build_version":"2018-11-08","purchased_purges":0,"victory":false,"max_hp_per_floor":[75,75,75,75,75,75,75,75,75,75,75,75,75,75,75,75,75,75,75,75,75,75,75,75,75,75,75,80,80,80,80,80,80,80,80,80,80,80,80,80],"card_choices":[{"not_picked":["Self Repair","Static Discharge"],"picked":"BootSequence","floor":1.0},{"not_picked":["Hello World","Static Discharge","Aggregate"],"picked":"SKIP","floor":2.0},{"not_picked":["Stack","Barrage","Capacitor"],"picked":"SKIP","floor":3.0},{"not_picked":["Leap","Conserve Battery"],"picked":"Coolheaded","floor":5.0},{"not_picked":["Hologram","Coolheaded"],"picked":"Beam Cell","floor":7.0},{"not_picked":["Beam Cell","Capacitor"],"picked":"Go for the Eyes","floor":10.0},{"not_picked":["Machine Learning","Go for the Eyes"],"picked":"Redo","floor":13.0},{"not_picked":["Echo Form","Redo"],"picked":"Sweeping Beam","floor":14.0},{"not_picked":["Core Surge","Creative AI"],"picked":"Amplify","floor":16.0},{"not_picked":["Streamline","Glacier"],"picked":"Redo+1","floor":18.0},{"not_picked":["Stack","Hologram","Beam Cell"],"picked":"SKIP","floor":21.0},{"not_picked":["Rip and Tear","Fusion"],"picked":"Sweeping Beam+1","floor":24.0},{"not_picked":["Biased Cognition","Undo"],"picked":"Hologram+1","floor":25.0},{"not_picked":["Cold Snap","Multi-Cast"],"picked":"Coolheaded+1","floor":27.0},{"not_picked":["Conserve Battery","Cold Snap"],"picked":"Doom and Gloom","floor":28.0},{"not_picked":["Cold Snap","Coolheaded","Rebound"],"picked":"SKIP","floor":30.0},{"not_picked":["Rip and Tear","Blizzard"],"picked":"Turbo","floor":31.0},{"not_picked":["Hyperbeam","Machine Learning"],"picked":"Seek","floor":33.0},{"not_picked":["Gash+1","Chaos"],"picked":"Stack+1","floor":35.0},{"not_picked":["Coolheaded+1","Beam Cell+1"],"picked":"Reinforced Body+1","floor":37.0},{"not_picked":["Fusion","Turbo+1"],"picked":"Darkness","floor":38.0},{"not_picked":["Doom and Gloom+1","Reprogram+1"],"picked":"Ball Lightning+1","floor":39}],"player_experience":652597,"relics_obtained":[{"floor":9.0,"key":"Ancient Tea Set"},{"floor":10.0,"key":"Omamori"},{"floor":25.0,"key":"Oddly Smooth Stone"},{"floor":26.0,"key":"Thread and Needle"},{"floor":27.0,"key":"Bottled Flame"},{"floor":34.0,"key":"Juzu Bracelet"},{"floor":34.0,"key":"The Courier"},{"floor":34.0,"key":"Pocketwatch"},{"floor":38.0,"key":"Ginger"}],"event_choices":[{"damage_healed":0.0,"max_hp_gain":0.0,"max_hp_loss":0.0,"gold_gain":0.0,"event_name":"WeMeetAgain","player_choice":"Ignored","floor":4.0,"gold_loss":0.0,"damage_taken":0.0},{"damage_healed":0.0,"max_hp_gain":0.0,"max_hp_loss":0.0,"gold_gain":0.0,"event_name":"Drug Dealer","player_choice":"Inject Mutagens","floor":19.0,"gold_loss":0.0,"damage_taken":0.0,"relics_obtained":["MutagenicStrength"]},{"damage_healed":0.0,"max_hp_gain":0.0,"max_hp_loss":0.0,"gold_gain":0.0,"event_name":"N\u0027loth","player_choice":"Traded Relic","floor":20.0,"relics_lost":["Lantern"],"gold_loss":0.0,"damage_taken":0.0,"relics_obtained":["Nloth\u0027s Gift"]},{"damage_healed":0.0,"max_hp_gain":0.0,"max_hp_loss":0.0,"gold_gain":0.0,"event_name":"Match and Keep!","player_choice":"0 cards matched","floor":36.0,"gold_loss":0.0,"damage_taken":0.0,"cards_obtained":[]},{"damage_healed":0.0,"max_hp_gain":0.0,"max_hp_loss":0.0,"gold_gain":0.0,"event_name":"MindBloom","player_choice":"Fight","floor":38.0,"gold_loss":0.0,"damage_taken":0.0}],"is_beta":false,"boss_relics":[{"not_picked":["Snecko Eye","Runic Dome"],"picked":"Fusion Hammer"},{"not_picked":["Orrery","Eternal Feather"],"picked":"Calling Bell"}],"items_purged_floors":[],"is_endless":false,"potions_floor_spawned":[5,7,10,13,16,24,27,28,30,33,39],"killed_by":"Giant Head","ascension_level":11}