{"gold_per_floor":[110,129,149,159,434,434,450,468,522,539,557,557],"floor_reached":12,"playtime":648,"items_purged":[],"score":84,"play_id":"663deaf2-f76c-4481-8aef-9b3524d98607","local_time":"20190912160346","is_ascension_mode":true,"campfire_choices":[{"data":"Prostrate","floor":6,"key":"SMITH"}],"neow_cost":"NONE","seed_source_timestamp":19371084013495,"circlet_count":0,"master_deck":["Strike_P","Strike_P","Strike_P","Strike_P","Defend_P","Defend_P","Defend_P","Defend_P","Eruption","Vigilance","FollowUp","Prostrate+1","Sanctity","StepAndStrike","Regret","Protect","FollowUp","JustLucky"],"relics":["PureWater","InkBottle","Pen Nib"],"potions_floor_usage":[10],"damage_taken":[{"damage":0,"enemies":"Cultist","floor":1,"turns":4},{"damage":4,"enemies":"Jaw Worm","floor":2,"turns":3},{"damage":0,"enemies":"2 Louse","floor":3,"turns":2},{"damage":3,"enemies":"Blue Slaver","floor":4,"turns":5},{"damage":9,"enemies":"Large Slime","floor":7,"turns":7},{"damage":10,"enemies":"2 Fungi Beasts","floor":8,"turns":4},{"damage":0,"enemies":"Lots of Slimes","floor":10,"turns":2},{"damage":2,"enemies":"Blue Slaver","floor":11,"turns":5},{"damage":76,"enemies":"Gremlin Nob","floor":12,"turns":6}],"seed_played":"-5447844064553747822","potions_obtained":[{"floor":3,"key":"FairyPotion"},{"floor":4,"key":"SmokeBomb"},{"floor":8,"key":"Explosive Potion"}],"is_trial":false,"path_per_floor":["M","M","M","M","?","R","M","M","T","M","M","E"],"character_chosen":"WATCHER","items_purchased":[],"campfire_rested":0,"item_purchase_floors":[],"current_hp_per_floor":[65,61,61,58,58,58,49,39,39,39,37,0],"gold":557,"neow_bonus":"RANDOM_COMMON_RELIC","is_prod":false,"is_daily":false,"chose_seed":false,"campfire_upgraded":1,"win_rate":0,"timestamp":1568268226,"path_taken":["M","M","?","M","?","R","?","M","T","M","?","E"],"build_version":"2019-09-11","purchased_purges":0,"victory":false,"max_hp_per_floor":[65,65,65,65,65,65,65,65,65,65,65,65],"card_choices":[{"not_picked":["Fasting","EmptyBody"],"picked":"FollowUp","floor":1},{"not_picked":["BowlingBash","FlyingSleeves"],"picked":"Prostrate","floor":2},{"not_picked":["Halt","CutThroughFate"],"picked":"Sanctity","floor":3},{"not_picked":["Collect","CutThroughFate"],"picked":"StepAndStrike","floor":4},{"not_picked":["Halt","BowlingBash"],"picked":"Protect","floor":7},{"not_picked":["CrushJoints","Swivel"],"picked":"FollowUp","floor":8},{"not_picked":["BowlingBash","ForeignInfluence"],"picked":"JustLucky","floor":10},{"not_picked":["ForeignInfluence","BowlingBash","Protect"],"picked":"SKIP","floor":11}],"player_experience":1313509,"relics_obtained":[{"floor":9,"key":"Pen Nib"}],"event_choices":[{"damage_healed":0,"gold_gain":275,"player_choice":"Desecrate","damage_taken":0,"max_hp_gain":0,"max_hp_loss":0,"event_name":"Golden Shrine","floor":5,"gold_loss":0,"cards_obtained":["Regret"]}],"is_beta":true,"boss_relics":[],"items_purged_floors":[],"is_endless":false,"potions_floor_spawned":[3,4,8],"killed_by":"Gremlin Nob","ascension_level":2}