{"gold_per_floor":[118,129,139,139,17,50,67,67,67,67,78,78,78,88,88,186,186,204,204,215,231,131,163,163,189,189,203,203,214,227,244,244,340,340,352,452,472,490,12,12,42,52,52,67,95,95,121,121,121,121],"floor_reached":51,"playtime":3714,"items_purged":["Defend_B","Defend_B","Strike_B"],"score":1134,"play_id":"83817d3a-079f-4287-941a-de9aafdc5903","local_time":"20181109032056","is_ascension_mode":true,"campfire_choices":[{"data":"Blizzard","floor":8,"key":"SMITH"},{"data":"Genetic Algorithm","floor":10,"key":"SMITH"},{"data":"Coolheaded","floor":12,"key":"SMITH"},{"floor":15,"key":"REST"},{"data":"Cold Snap","floor":24,"key":"SMITH"},{"floor":32,"key":"REST"},{"data":"Cold Snap","floor":40,"key":"SMITH"},{"floor":46,"key":"DIG"},{"data":"Echo Form","floor":49,"key":"SMITH"}],"neow_cost":"TEN_PERCENT_HP_LOSS","seed_source_timestamp":47333486683405,"circlet_count":0,"master_deck":["AscendersBane","Defend_B","Defend_B","Zap","Dualcast","Blizzard+1","Cold Snap+1","Cold Snap+1","Coolheaded+1","Genetic Algorithm+1","Gash","Core Surge","Conserve Battery+1","Gash+1","Echo Form+1","Glacier+1"],"relics":["FrozenCore","Omamori","DataDisk","Mercury Hourglass","Blue Candle","Du-Vu Doll","Torii","Coffee Dripper","Nunchaku","Lee\u0027s Waffle","Potion Belt","PreservedInsect","Shuriken","Shovel","Prayer Wheel","Symbiotic Virus"],"potions_floor_usage":[7,20,23,25,33,41,44,50,50],"damage_taken":[{"damage":0,"enemies":"2 Louse","floor":1,"turns":3},{"damage":8,"enemies":"Jaw Worm","floor":2,"turns":5},{"damage":0,"enemies":"Cultist","floor":3,"turns":3},{"damage":15,"enemies":"Gremlin Nob","floor":6,"turns":5},{"damage":0,"enemies":"3 Louse","floor":7,"turns":1},{"damage":0,"enemies":"2 Fungi Beasts","floor":11,"turns":3},{"damage":8,"enemies":"Exordium Wildlife","floor":14,"turns":4},{"damage":13,"enemies":"Hexaghost","floor":16,"turns":9},{"damage":0,"enemies":"Spheric Guardian","floor":18,"turns":4},{"damage":0,"enemies":"3 Byrds","floor":20,"turns":5},{"damage":0,"enemies":"Shelled Parasite and Fungi","floor":21,"turns":6},{"damage":18,"enemies":"Book of Stabbing","floor":23,"turns":7},{"damage":3,"enemies":"Gremlin Leader","floor":25,"turns":6},{"damage":6,"enemies":"3 Cultists","floor":27,"turns":5},{"damage":1,"enemies":"Snake Plant","floor":29,"turns":5},{"damage":18,"enemies":"Snecko","floor":30,"turns":5},{"damage":0,"enemies":"Centurion and Healer","floor":31,"turns":6},{"damage":23,"enemies":"Champ","floor":33,"turns":11},{"damage":10,"enemies":"3 Darklings","floor":35,"turns":4},{"damage":0,"enemies":"Mind Bloom Boss Battle","floor":36,"turns":7},{"damage":1,"enemies":"Orb Walker","floor":37,"turns":5},{"damage":0,"enemies":"4 Shapes","floor":38,"turns":6},{"damage":2,"enemies":"Giant Head","floor":41,"turns":10},{"damage":8,"enemies":"Transient","floor":42,"turns":5},{"damage":11,"enemies":"Spire Growth","floor":44,"turns":7},{"damage":1,"enemies":"Reptomancer","floor":45,"turns":6},{"damage":8,"enemies":"Giant Head","floor":47,"turns":8},{"damage":14,"enemies":"Time Eater","floor":50,"turns":12}],"seed_played":"1287914353101157504","potions_obtained":[{"floor":3,"key":"Explosive Potion"},{"floor":14,"key":"Poison Potion"},{"floor":16,"key":"Weak Potion"},{"floor":18,"key":"Weak Potion"},{"floor":29,"key":"PowerPotion"},{"floor":30,"key":"Energy Potion"},{"floor":33,"key":"LiquidBronze"},{"floor":35,"key":"SpeedPotion"},{"floor":37,"key":"SkillPotion"},{"floor":41,"key":"Strength Potion"},{"floor":44,"key":"Fruit Juice"},{"floor":47,"key":"Explosive Potion"}],"is_trial":false,"path_per_floor":["M","M","M","?","$","E","M","R","T","R","M","R","?","M","R","B",null,"M","?","M","M","$","E","R","E","T","M","?","M","M","M","R","B",null,"M","?","M","M","$","R","E","M","T","M","E","R","E","?","R","B",null],"character_chosen":"DEFECT","items_purchased":["Coolheaded","Lee\u0027s Waffle","Potion Belt"],"campfire_rested":2,"item_purchase_floors":[5,39,39],"current_hp_per_floor":[68,60,60,53,53,38,38,38,38,38,38,38,35,27,47,34,60,60,60,60,60,60,42,42,39,39,33,33,32,14,14,34,11,54,44,44,43,43,75,75,73,65,65,59,58,58,50,50,50,36],"gold":121,"neow_bonus":"REMOVE_TWO","is_prod":false,"is_daily":false,"chose_seed":false,"campfire_upgraded":6,"win_rate":0,"timestamp":1541751656,"path_taken":["M","M","M","?","$","E","M","R","T","R","M","R","?","M","R","BOSS","M","?","M","M","$","E","R","E","T","M","?","M","M","?","R","BOSS","M","?","M","M","$","R","E","M","T","M","E","R","E","?","R","BOSS"],"build_version":"2018-11-08","purchased_purges":3,"victory":true,"max_hp_per_floor":[68,68,68,68,68,68,68,68,68,68,68,68,68,68,68,68,68,68,68,68,68,68,68,68,68,68,68,68,68,68,68,68,68,68,68,68,68,68,75,75,75,75,75,80,80,80,80,76,76,76],"card_choices":[{"not_picked":["Stack","Double Energy"],"picked":"Blizzard","floor":1},{"not_picked":["Skim","Redo"],"picked":"Cold Snap","floor":2},{"not_picked":["Conserve Battery","Sweeping Beam"],"picked":"Cold Snap","floor":3},{"not_picked":["Rip and Tear","Hello World"],"picked":"Genetic Algorithm","floor":6},{"not_picked":["Leap","Streamline","Rebound"],"picked":"SKIP","floor":7},{"not_picked":["Coolheaded","Fusion"],"picked":"Gash","floor":11},{"not_picked":["Buffer","Compile Driver","Coolheaded"],"picked":"SKIP","floor":14},{"not_picked":["Hyperbeam","Multi-Cast"],"picked":"Core Surge","floor":16},{"not_picked":["Streamline","Leap","Hello World"],"picked":"SKIP","floor":18},{"not_picked":["Sweeping Beam","Reinforced Body","Chill"],"picked":"SKIP","floor":20},{"not_picked":["Reinforced Body+1","White Noise+1"],"picked":"Conserve Battery+1","floor":21},{"not_picked":["Chill","Genetic Algorithm","Sweeping Beam"],"picked":"SKIP","floor":23},{"not_picked":["Compile Driver","Storm+1"],"picked":"Gash","floor":25},{"not_picked":["Compile Driver","Storm","Consume"],"picked":"SKIP","floor":27},{"not_picked":["Leap","Conserve Battery","Steam Power"],"picked":"SKIP","floor":29},{"not_picked":["White Noise","Go for the Eyes+1","Scrape"],"picked":"SKIP","floor":30},{"not_picked":["Compile Driver+1","Redo","Streamline"],"picked":"SKIP","floor":31},{"not_picked":["Seek","Amplify"],"picked":"Echo Form","floor":33},{"not_picked":["Gash","Streamline+1","Hologram+1"],"picked":"SKIP","floor":35},{"not_picked":["Sweeping Beam","Rebound"],"picked":"Glacier+1","floor":37},{"not_picked":["Cold Snap","Double Energy+1","Rebound"],"picked":"SKIP","floor":38},{"not_picked":["Compile Driver","Redo","Static Discharge+1"],"picked":"SKIP","floor":41},{"not_picked":["Beam Cell+1","Tempest+1","Sweeping Beam+1"],"picked":"SKIP","floor":42},{"not_picked":["Sweeping Beam+1","Steam Power+1","Reprogram+1"],"picked":"SKIP","floor":44},{"not_picked":["Cold Snap+1","Skim","Rebound+1"],"picked":"SKIP","floor":45},{"not_picked":["All For One","Heatsinks+1","Loop"],"picked":"SKIP","floor":47}],"player_experience":645792,"relics_obtained":[{"floor":6,"key":"Omamori"},{"floor":9,"key":"DataDisk"},{"floor":23,"key":"Blue Candle"},{"floor":25,"key":"Du-Vu Doll"},{"floor":26,"key":"Torii"},{"floor":36,"key":"Nunchaku"},{"floor":41,"key":"PreservedInsect"},{"floor":43,"key":"Shuriken"},{"floor":45,"key":"Shovel"},{"floor":46,"key":"Prayer Wheel"},{"floor":47,"key":"Symbiotic Virus"}],"event_choices":[{"cards_removed":["Strike_B"],"damage_healed":0,"gold_gain":0,"player_choice":"Card Removal","damage_taken":7,"max_hp_gain":0,"max_hp_loss":0,"event_name":"Golden Wing","floor":4,"gold_loss":0},{"damage_healed":0,"gold_gain":0,"player_choice":"Success","damage_taken":3,"relics_obtained":["Mercury Hourglass"],"max_hp_gain":0,"max_hp_loss":0,"event_name":"Scrap Ooze","floor":13,"gold_loss":0},{"damage_healed":0,"gold_gain":0,"player_choice":"Ignored","damage_taken":0,"max_hp_gain":0,"max_hp_loss":0,"event_name":"Cursed Tome","floor":19,"gold_loss":0},{"damage_healed":0,"gold_gain":0,"player_choice":"Upgraded","damage_taken":0,"max_hp_gain":0,"max_hp_loss":0,"event_name":"Upgrade Shrine","floor":28,"gold_loss":0,"cards_upgraded":["Gash"]},{"damage_healed":0,"gold_gain":0,"player_choice":"Fight","damage_taken":0,"max_hp_gain":0,"max_hp_loss":0,"event_name":"MindBloom","floor":36,"gold_loss":0},{"damage_healed":0,"gold_gain":0,"player_choice":"Max HP","damage_taken":0,"max_hp_gain":0,"max_hp_loss":4,"event_name":"Winding Halls","floor":48,"gold_loss":0}],"is_beta":false,"boss_relics":[{"not_picked":["Busted Crown","Calling Bell"],"picked":"FrozenCore"},{"not_picked":["Snecko Eye","Tiny House"],"picked":"Coffee Dripper"}],"items_purged_floors":[5,22,39],"is_endless":false,"potions_floor_spawned":[3,14,16,18,29,30,33,35,37,41,44,47],"ascension_level":10}