{"gold_per_floor":[111,122,52,63,63,106,106,139,139,2,18,18,34,55,55,174,174,187,187,212,230,250,250,274,274,274,399,399,420,420,420,420,541,541,556,570,570,591,610,610,645,645,723,723,742,757,757,17,17,17],"floor_reached":51,"playtime":4117,"items_purged":["Defend_B"],"score":1059,"play_id":"463fb35e-d535-4c28-8cbc-5b8616e0da03","local_time":"20190903210553","is_ascension_mode":true,"campfire_choices":[{"data":"Defragment","floor":7.0,"key":"SMITH"},{"floor":15.0,"key":"REST"},{"data":"Defragment","floor":23.0,"key":"SMITH"},{"data":"Defragment","floor":25.0,"key":"SMITH"},{"floor":28.0,"key":"REST"},{"floor":32.0,"key":"REST"},{"data":"Chaos","floor":40.0,"key":"SMITH"},{"data":"Seek","floor":44.0,"key":"SMITH"},{"data":"Loop","floor":47,"key":"SMITH"},{"data":"Force Field","floor":49,"key":"SMITH"}],"neow_cost":"NONE","seed_source_timestamp":108202063655000,"circlet_count":0,"master_deck":["Defend_B","Defend_B","Zap","Dualcast+1","Defragment+1","Cold Snap","Defragment+1","Defragment+1","Machine Learning","Go for the Eyes","Chaos+1","Seek+1","Force Field+1","Defragment+1","Barrage+1","Coolheaded","FTL","Biased Cognition","Chill+1","Chaos+1","Force Field+1","Loop+1","Seek"],"special_seed":0,"relics":["Cracked Core","Golden Idol","Shuriken","Symbiotic Virus","Kunai","FossilizedHelix","Empty Cage","Shovel","Emotion Chip","Pear","Runic Pyramid","Lantern","Mummified Hand","Calipers","Frozen Eye"],"potions_floor_usage":[50],"damage_taken":[{"damage":0.0,"enemies":"Small Slimes","floor":1.0,"turns":3.0},{"damage":12.0,"enemies":"Jaw Worm","floor":2.0,"turns":3.0},{"damage":6.0,"enemies":"Cultist","floor":4.0,"turns":3.0},{"damage":21.0,"enemies":"Lagavulin","floor":6.0,"turns":8.0},{"damage":7.0,"enemies":"3 Sentries","floor":8.0,"turns":7.0},{"damage":13.0,"enemies":"Lots of Slimes","floor":11.0,"turns":3.0},{"damage":0.0,"enemies":"Red Slaver","floor":13.0,"turns":3.0},{"damage":6.0,"enemies":"Looter","floor":14.0,"turns":3.0},{"damage":0.0,"enemies":"Slime Boss","floor":16.0,"turns":9.0},{"damage":0.0,"enemies":"3 Byrds","floor":18.0,"turns":5.0},{"damage":0.0,"enemies":"Chosen","floor":20.0,"turns":4.0},{"damage":4.0,"enemies":"Centurion and Healer","floor":21.0,"turns":6.0},{"damage":15.0,"enemies":"Shelled Parasite and Fungi","floor":22.0,"turns":5.0},{"damage":0.0,"enemies":"Snecko","floor":24.0,"turns":5.0},{"damage":23.0,"enemies":"Colosseum Slavers","floor":27.0,"turns":4.0},{"damage":19.0,"enemies":"Colosseum Nobs","floor":27.0,"turns":5.0},{"damage":22.0,"enemies":"3 Cultists","floor":29.0,"turns":6.0},{"damage":22.0,"enemies":"Champ","floor":33.0,"turns":9.0},{"damage":3.0,"enemies":"Orb Walker","floor":35.0,"turns":3.0},{"damage":0.0,"enemies":"3 Shapes","floor":36.0,"turns":4.0},{"damage":0.0,"enemies":"Maw","floor":38.0,"turns":10.0},{"damage":0.0,"enemies":"Jaw Worm Horde","floor":39.0,"turns":5.0},{"damage":20.0,"enemies":"Giant Head","floor":41.0,"turns":10.0},{"damage":0.0,"enemies":"Writhing Mass","floor":45.0,"turns":5.0},{"damage":0.0,"enemies":"4 Shapes","floor":46.0,"turns":6.0},{"damage":0,"enemies":"Awakened One","floor":50,"turns":27}],"seed_played":"5215804510516492297","potions_obtained":[{"floor":1.0,"key":"FocusPotion"},{"floor":6.0,"key":"AttackPotion"},{"floor":11.0,"key":"SkillPotion"},{"floor":16.0,"key":"Dexterity Potion"},{"floor":20.0,"key":"Explosive Potion"},{"floor":21.0,"key":"Fire Potion"},{"floor":33.0,"key":"Regen Potion"},{"floor":35.0,"key":"Swift Potion"},{"floor":45.0,"key":"Dexterity Potion"}],"is_trial":false,"path_per_floor":["M","M","$","M","?","E","R","E","T","?","M","$","M","M","R","B",null,"M","?","M","M","M","R","M","R","T","?","R","M","?","?","R","B",null,"M","M","?","M","M","R","E","?","T","R","M","M","R","$","R","B",null],"character_chosen":"DEFECT","items_purchased":["Defragment","Calipers","Seek","Frozen Eye"],"campfire_rested":3,"item_purchase_floors":[3,48,48,48],"current_hp_per_floor":[75,63,63,57,57,36,36,29,29,29,16,16,16,10,32,32,65,65,65,65,61,46,46,46,46,46,14,39,17,17,17,42,20,70,67,67,67,67,67,67,62,62,62,62,62,62,62,62,62,62],"gold":17,"neow_bonus":"TEN_PERCENT_HP_BONUS","is_prod":false,"is_daily":false,"chose_seed":false,"campfire_upgraded":7,"win_rate":0,"timestamp":1567537553,"path_taken":["M","M","$","M","?","E","R","E","T","?","?","?","M","M","R","BOSS","M","?","M","M","M","R","M","R","T","?","R","M","?","?","R","BOSS","M","M","?","M","?","R","E","?","T","R","?","M","R","$","R","BOSS"],"build_version":"2019-07-17","purchased_purges":1,"victory":true,"max_hp_per_floor":[82,82,82,82,76,76,76,76,76,76,76,76,76,76,76,76,76,76,76,76,76,76,76,76,76,76,86,86,86,86,86,86,86,86,86,86,86,86,86,86,86,86,86,86,86,86,86,86,86,86],"card_choices":[{"not_picked":["FTL","Steam"],"picked":"Defragment","floor":1.0},{"not_picked":["Stack","Turbo"],"picked":"Cold Snap","floor":2.0},{"not_picked":["Go for the Eyes","Leap"],"picked":"Defragment","floor":4.0},{"not_picked":["Hologram","Leap"],"picked":"Machine Learning","floor":6.0},{"not_picked":["Auto Shields","Leap"],"picked":"Go for the Eyes","floor":8.0},{"not_picked":["Coolheaded","Cold Snap"],"picked":"Chaos","floor":11.0},{"not_picked":["Barrage","Genetic Algorithm","Streamline"],"picked":"SKIP","floor":13.0},{"not_picked":["Barrage","Redo","Stack"],"picked":"SKIP","floor":14.0},{"not_picked":["Multi-Cast","Reboot"],"picked":"Seek","floor":16.0},{"not_picked":["Hologram","Leap"],"picked":"Force Field+1","floor":18.0},{"not_picked":["Undo","Beam Cell","Reprogram"],"picked":"SKIP","floor":20.0},{"not_picked":["Rebound","Cold Snap+1"],"picked":"Defragment","floor":21.0},{"not_picked":["Melter+1","Coolheaded"],"picked":"Barrage+1","floor":22.0},{"not_picked":["Redo","Consume","Turbo+1"],"picked":"SKIP","floor":24.0},{"not_picked":["Sweeping Beam","Undo","Rip and Tear"],"picked":"SKIP","floor":29.0},{"not_picked":["Rainbow","Buffer"],"picked":"Biased Cognition","floor":33.0},{"not_picked":["Rebound","Blizzard","Stack+1"],"picked":"SKIP","floor":35.0},{"not_picked":["Storm","Leap"],"picked":"Chill+1","floor":36.0},{"not_picked":["Sweeping Beam","Auto Shields","Heatsinks"],"picked":"SKIP","floor":38.0},{"not_picked":["Stack+1","Sweeping Beam+1"],"picked":"Chaos+1","floor":39.0},{"not_picked":["Blizzard+1","Redo+1","Rainbow"],"picked":"SKIP","floor":41.0},{"not_picked":["Ball Lightning+1","Cold Snap+1"],"picked":"Force Field","floor":45.0},{"not_picked":["Go for the Eyes","Sweeping Beam"],"picked":"Loop","floor":46.0}],"player_experience":131455,"relics_obtained":[{"floor":6.0,"key":"Shuriken"},{"floor":8.0,"key":"Symbiotic Virus"},{"floor":9.0,"key":"Kunai"},{"floor":26.0,"key":"Shovel"},{"floor":27.0,"key":"Emotion Chip"},{"floor":27.0,"key":"Pear"},{"floor":41.0,"key":"Lantern"},{"floor":43.0,"key":"Mummified Hand"}],"event_choices":[{"damage_healed":0.0,"max_hp_gain":0.0,"max_hp_loss":6.0,"gold_gain":0.0,"event_name":"Golden Idol","player_choice":"Lose Max HP","floor":5.0,"gold_loss":0.0,"damage_taken":0.0,"relics_obtained":["Golden Idol"]},{"damage_healed":0.0,"max_hp_gain":0.0,"max_hp_loss":0.0,"gold_gain":0.0,"event_name":"WeMeetAgain","player_choice":"Paid Gold","floor":10.0,"gold_loss":137.0,"damage_taken":0.0,"relics_obtained":["FossilizedHelix"]},{"damage_healed":0.0,"max_hp_gain":0.0,"max_hp_loss":0.0,"gold_gain":0.0,"event_name":"Cursed Tome","player_choice":"Ignored","floor":19.0,"gold_loss":0.0,"damage_taken":0.0},{"damage_healed":0.0,"max_hp_gain":0.0,"max_hp_loss":0.0,"gold_gain":0.0,"event_name":"Colosseum","player_choice":"Fight","floor":27.0,"gold_loss":0.0,"damage_taken":0.0},{"damage_healed":0.0,"max_hp_gain":0.0,"max_hp_loss":0.0,"gold_gain":0.0,"event_name":"Colosseum","player_choice":"Fought Nobs","floor":27.0,"gold_loss":0.0,"damage_taken":0.0},{"damage_healed":0.0,"max_hp_gain":0.0,"max_hp_loss":0.0,"gold_gain":0.0,"cards_transformed":["Strike_B","Strike_B"],"event_name":"Drug Dealer","player_choice":"Became Test Subject","floor":30.0,"gold_loss":0.0,"damage_taken":0.0,"cards_obtained":["Coolheaded","FTL"]},{"damage_healed":0.0,"max_hp_gain":0.0,"max_hp_loss":0.0,"gold_gain":0.0,"event_name":"Upgrade Shrine","player_choice":"Upgraded","floor":31.0,"gold_loss":0.0,"damage_taken":0.0,"cards_upgraded":["Defragment"]},{"cards_removed":["Defend_B"],"damage_healed":0.0,"max_hp_gain":0.0,"max_hp_loss":0.0,"gold_gain":0.0,"event_name":"Purifier","player_choice":"Purged","floor":37.0,"gold_loss":0.0,"damage_taken":0.0},{"damage_healed":0.0,"max_hp_gain":0.0,"max_hp_loss":0.0,"gold_gain":0.0,"event_name":"Upgrade Shrine","player_choice":"Upgraded","floor":42.0,"gold_loss":0.0,"damage_taken":0.0,"cards_upgraded":["Dualcast"]}],"is_beta":false,"boss_relics":[{"not_picked":["Black Star","Orrery"],"picked":"Empty Cage"},{"not_picked":["Fusion Hammer","White Beast Statue"],"picked":"Runic Pyramid"}],"items_purged_floors":[48],"is_endless":false,"potions_floor_spawned":[1,6,11,16,20,21,27,33,35,38,45],"ascension_level":7}