{"gold_per_floor":[111,111,131,131,56,56,84,102,102,129,142,142,173,191,191,266,266,277,289,289,23,40,60,60,93,93,105,23,53,53,63,63,137,137,154,44,59,79,16,46,60,71,71,91,106,118,148,148,148,148,148],"floor_reached":51,"playtime":5106,"items_purged":["Regret","Strike_G","Strike_G"],"score":1696,"play_id":"8000ee75-795d-4988-8eed-a973baefb794","local_time":"20190507070228","is_ascension_mode":true,"campfire_choices":[{"data":"Neutralize","floor":6.0,"key":"SMITH"},{"data":"Slice","floor":12.0,"key":"SMITH"},{"data":"Acrobatics","floor":15.0,"key":"SMITH"},{"floor":24.0,"key":"REST"},{"floor":30,"key":"RECALL"},{"floor":32,"key":"REST"},{"floor":49,"key":"REST"}],"neow_cost":"NONE","seed_source_timestamp":1106810976818209,"circlet_count":0,"master_deck":["AscendersBane","Defend_G","Defend_G","Defend_G","Defend_G","Defend_G","Strike_G","Strike_G","Strike_G","Survivor","Neutralize+1","Underhanded Strike","Slice+1","Predator+1","Flechettes+1","Acrobatics+1","Dagger Throw+1","Glass Knife+1","Finisher+1","Backflip+1","Footwork+1","Adrenaline","Backflip+1","Infinite Blades","Burst","Cloak And Dagger","Riddle With Holes+1","Escape Plan","Caltrops"],"special_seed":0,"relics":["Ring of the Snake","NeowsBlessing","Singing Bowl","Omamori","Happy Flower","Molten Egg 2","Bronze Scales","FossilizedHelix","Fusion Hammer","Membership Card","Gremlin Horn","Vajra","Shuriken","Philosopher\u0027s Stone","ClockworkSouvenir","Orichalcum","Bottled Tornado","Unceasing Top"],"potions_floor_usage":[25,25,38,40,42,44,50,51],"damage_taken":[{"damage":0.0,"enemies":"Small Slimes","floor":1.0,"turns":1.0},{"damage":0.0,"enemies":"Cultist","floor":3.0,"turns":1.0},{"damage":0.0,"enemies":"Lagavulin","floor":7.0,"turns":1.0},{"damage":1.0,"enemies":"2 Louse","floor":8.0,"turns":3.0},{"damage":6.0,"enemies":"Gremlin Nob","floor":10.0,"turns":3.0},{"damage":0.0,"enemies":"2 Fungi Beasts","floor":11.0,"turns":3.0},{"damage":20.0,"enemies":"3 Sentries","floor":13.0,"turns":7.0},{"damage":0.0,"enemies":"Blue Slaver","floor":14.0,"turns":3.0},{"damage":18.0,"enemies":"Hexaghost","floor":16.0,"turns":10.0},{"damage":0.0,"enemies":"Spheric Guardian","floor":18.0,"turns":3.0},{"damage":3.0,"enemies":"2 Thieves","floor":19.0,"turns":3.0},{"damage":8.0,"enemies":"Snake Plant","floor":22.0,"turns":2.0},{"damage":0.0,"enemies":"Chosen and Byrds","floor":23.0,"turns":3.0},{"damage":0,"enemies":"Slavers","floor":25,"turns":6},{"damage":0,"enemies":"Shelled Parasite and Fungi","floor":27,"turns":2},{"damage":0,"enemies":"Book of Stabbing","floor":29,"turns":4},{"damage":5,"enemies":"Snake Plant","floor":31,"turns":3},{"damage":0,"enemies":"Automaton","floor":33,"turns":5},{"damage":0,"enemies":"3 Darklings","floor":35,"turns":3},{"damage":0,"enemies":"Orb Walker","floor":37,"turns":1},{"damage":7,"enemies":"Jaw Worm Horde","floor":38,"turns":4},{"damage":5,"enemies":"Giant Head","floor":40,"turns":6},{"damage":0,"enemies":"Maw","floor":41,"turns":5},{"damage":0,"enemies":"Writhing Mass","floor":42,"turns":4},{"damage":0,"enemies":"Transient","floor":44,"turns":6},{"damage":0,"enemies":"3 Darklings","floor":45,"turns":3},{"damage":0,"enemies":"Sphere and 2 Shapes","floor":46,"turns":3},{"damage":41,"enemies":"Nemesis","floor":47,"turns":9},{"damage":39,"enemies":"Awakened One","floor":50,"turns":11},{"damage":38,"enemies":"Time Eater","floor":51,"turns":5}],"seed_played":"-3671595797381728984","potions_obtained":[{"floor":1.0,"key":"SteroidPotion"},{"floor":3.0,"key":"FearPotion"},{"floor":7.0,"key":"Strength Potion"},{"floor":10.0,"key":"EssenceOfSteel"},{"floor":14.0,"key":"Regen Potion"},{"floor":20.0,"key":"EssenceOfSteel"},{"floor":20.0,"key":"GamblersBrew"},{"floor":22.0,"key":"SpeedPotion"},{"floor":23.0,"key":"Ancient Potion"},{"floor":25,"key":"FearPotion"},{"floor":29,"key":"Poison Potion"},{"floor":33,"key":"PowerPotion"},{"floor":40,"key":"FearPotion"},{"floor":41,"key":"SpeedPotion"},{"floor":42,"key":"GamblersBrew"},{"floor":45,"key":"Dexterity Potion"},{"floor":46,"key":"LiquidBronze"}],"is_trial":false,"path_per_floor":["M","?","M","?","$","R","E","M","T","E","M","R","E","M","R","B",null,"M","M","?","$","M","M","R","E","T","M","$","E","R","M","R","B",null,"M","$","M","M","$","E","M","M","T","M","M","M","E","?","R","B","B"],"character_chosen":"THE_SILENT","items_purchased":["Membership Card","Vajra","ClockworkSouvenir"],"campfire_rested":3,"item_purchase_floors":[21,28,36],"current_hp_per_floor":[59,59,59,59,59,59,61,60,60,54,54,54,34,34,34,31,59,59,58,58,58,50,50,70,70,70,72,72,72,72,67,72,72,72,72,72,72,67,67,64,66,68,68,70,72,72,31,48,73,34,0],"gold":148,"neow_bonus":"THREE_ENEMY_KILL","is_prod":false,"is_daily":false,"chose_seed":false,"campfire_upgraded":3,"win_rate":0,"timestamp":1557226948,"path_taken":["M","?","M","?","$","R","E","M","T","E","M","R","E","M","R","BOSS","M","?","?","$","M","?","R","E","T","M","$","E","R","M","R","BOSS","M","?","M","M","$","E","M","M","T","?","M","M","E","?","R","BOSS","BOSS"],"build_version":"2019-01-23","purchased_purges":3,"victory":false,"max_hp_per_floor":[66,66,66,66,66,66,68,68,68,68,68,68,68,68,68,68,68,68,70,70,70,70,70,70,70,70,72,72,72,72,72,72,72,72,72,72,72,74,74,76,78,80,80,82,84,84,84,84,84,84,84],"card_choices":[{"not_picked":["Blade Dance","Outmaneuver"],"picked":"Infinite Blades","floor":1.0},{"not_picked":["Blade Dance","Backflip"],"picked":"Underhanded Strike","floor":3.0},{"not_picked":["Backflip","Concentrate","PiercingWail"],"picked":"Singing Bowl","floor":7.0},{"not_picked":["PiercingWail","Outmaneuver"],"picked":"Slice","floor":8.0},{"not_picked":["Infinite Blades","A Thousand Cuts"],"picked":"Predator+1","floor":10.0},{"not_picked":["PiercingWail","Bouncing Flask"],"picked":"Flechettes+1","floor":11.0},{"not_picked":["Prepared","Slice+1"],"picked":"Acrobatics","floor":13.0},{"not_picked":["PiercingWail","Cloak And Dagger"],"picked":"Dagger Throw+1","floor":14.0},{"not_picked":["Tools of the Trade","Venomology"],"picked":"Glass Knife+1","floor":16.0},{"not_picked":["Underhanded Strike+1","Sucker Punch+1"],"picked":"Finisher+1","floor":18.0},{"not_picked":["Underhanded Strike+1","Predator+1","Quick Slash+1"],"picked":"Singing Bowl","floor":19.0},{"not_picked":["Heel Hook+1","Escape Plan+1"],"picked":"Backflip+1","floor":22.0},{"not_picked":["Finisher+1","Blade Dance"],"picked":"Footwork+1","floor":23.0},{"not_picked":["Masterful Stab+1","Predator+1"],"picked":"Adrenaline","floor":25},{"not_picked":["Outmaneuver","Deadly Poison","Sucker Punch+1"],"picked":"Singing Bowl","floor":27},{"not_picked":["Venomology","Underhanded Strike+1"],"picked":"Backflip+1","floor":29},{"not_picked":["PiercingWail","Poisoned Stab+1"],"picked":"Infinite Blades","floor":31},{"not_picked":["A Thousand Cuts","Die Die Die+1"],"picked":"Burst","floor":33},{"not_picked":["Blur","Underhanded Strike+1"],"picked":"Cloak And Dagger","floor":35},{"not_picked":["Expertise","Outmaneuver+1"],"picked":"Riddle With Holes+1","floor":37},{"not_picked":["Backflip","Bane+1","Venomology"],"picked":"Singing Bowl","floor":38},{"not_picked":["Skewer+1","Tactician","Poisoned Stab+1"],"picked":"Singing Bowl","floor":40},{"not_picked":["Deadly Poison","Dagger Spray+1","Skewer+1"],"picked":"Singing Bowl","floor":41},{"not_picked":["Deadly Poison","Accuracy","All Out Attack+1"],"picked":"Singing Bowl","floor":42},{"not_picked":["Dagger Spray+1","Deadly Poison","Bane+1"],"picked":"Singing Bowl","floor":44},{"not_picked":["Dagger Spray+1","Backflip","Catalyst"],"picked":"Singing Bowl","floor":45},{"not_picked":["Crippling Poison","Underhanded Strike+1"],"picked":"Escape Plan","floor":46},{"not_picked":["Sucker Punch+1","Blur"],"picked":"Caltrops","floor":47}],"player_experience":1485661,"relics_obtained":[{"floor":7.0,"key":"Happy Flower"},{"floor":9.0,"key":"Molten Egg 2"},{"floor":10.0,"key":"Bronze Scales"},{"floor":13.0,"key":"FossilizedHelix"},{"floor":25,"key":"Gremlin Horn"},{"floor":29,"key":"Shuriken"},{"floor":40,"key":"Orichalcum"},{"floor":43,"key":"Bottled Tornado"},{"floor":47,"key":"Unceasing Top"}],"event_choices":[{"damage_healed":0.0,"max_hp_gain":0.0,"max_hp_loss":0.0,"gold_gain":0.0,"event_name":"Big Fish","player_choice":"Box","floor":2.0,"gold_loss":0.0,"damage_taken":0.0,"relics_obtained":["Singing Bowl"],"cards_obtained":["Regret"]},{"cards_removed":["Infinite Blades"],"damage_healed":0.0,"max_hp_gain":0.0,"max_hp_loss":0.0,"gold_gain":0.0,"event_name":"WeMeetAgain","player_choice":"Gave Card","floor":4.0,"gold_loss":0.0,"damage_taken":0.0,"relics_obtained":["Omamori"]},{"damage_healed":0.0,"max_hp_gain":0.0,"max_hp_loss":0.0,"gold_gain":0.0,"event_name":"Lab","player_choice":"Got Potions","floor":20.0,"gold_loss":0.0,"damage_taken":0.0},{"damage_healed":17,"gold_gain":0,"player_choice":"Writhe","damage_taken":0,"max_hp_gain":0,"max_hp_loss":0,"event_name":"Winding Halls","floor":48,"gold_loss":0,"cards_obtained":["Writhe"]}],"is_beta":false,"boss_relics":[{"not_picked":["WristBlade","Ectoplasm"],"picked":"Fusion Hammer"},{"not_picked":["Tiny House","Coffee Dripper"],"picked":"Philosopher\u0027s Stone"}],"items_purged_floors":[5,21,39],"is_endless":false,"potions_floor_spawned":[1,3,7,10,14,22,23,25,29,33,40,41,42,45,46],"killed_by":"Time Eater","ascension_level":20}