{"gold_per_floor":[119,188,168,187,206,206,236,22,22,50,62,62,76,89,89,163,163,173,186,186,111,128,128,0,14,14,14,24,24,24],"floor_reached":30,"playtime":1016,"items_purged":["Strike_R"],"score":460,"play_id":"53e16466-b820-48f4-9e88-702167ad5096","local_time":"20190822195208","is_ascension_mode":true,"campfire_choices":[{"data":"Bash","floor":6.0,"key":"SMITH"},{"floor":12.0,"key":"REST"},{"floor":15.0,"key":"REST"},{"data":"Double Tap","floor":23,"key":"SMITH"},{"data":"Flame Barrier","floor":27,"key":"SMITH"},{"floor":29,"key":"REST"}],"neow_cost":"NONE","seed_source_timestamp":82968026955444,"circlet_count":0,"master_deck":["AscendersBane","Strike_R","Strike_R","Strike_R","Defend_R","Defend_R","Defend_R","Defend_R","Bash+1","Wild Strike","Anger","Headbutt","Flame Barrier+1","Shrug It Off","Pommel Strike+1","Clothesline+1","Iron Wave+1","Demon Form","Double Tap+1","Sword Boomerang+1","Dual Wield","Inflame","Limit Break"],"special_seed":0,"relics":["Burning Blood","Singing Bowl","Omamori","Pear","Molten Egg 2","Lizard Tail","Shuriken"],"potions_floor_usage":[18,22,25,30],"damage_taken":[{"damage":4.0,"enemies":"2 Louse","floor":1.0,"turns":3.0},{"damage":1.0,"enemies":"Cultist","floor":4.0,"turns":3.0},{"damage":5.0,"enemies":"Small Slimes","floor":5.0,"turns":3.0},{"damage":25.0,"enemies":"Lagavulin","floor":7.0,"turns":5.0},{"damage":42.0,"enemies":"3 Sentries","floor":10.0,"turns":13.0},{"damage":10.0,"enemies":"3 Louse","floor":11.0,"turns":4.0},{"damage":12.0,"enemies":"Large Slime","floor":13.0,"turns":4.0},{"damage":24.0,"enemies":"Exordium Thugs","floor":14.0,"turns":5.0},{"damage":41,"enemies":"Slime Boss","floor":16,"turns":9},{"damage":21,"enemies":"3 Byrds","floor":18,"turns":5},{"damage":22,"enemies":"Spheric Guardian","floor":19,"turns":5},{"damage":81,"enemies":"3 Cultists","floor":22,"turns":7},{"damage":12,"enemies":"Snake Plant","floor":25,"turns":5},{"damage":26,"enemies":"Centurion and Healer","floor":28,"turns":7},{"damage":59,"enemies":"Book of Stabbing","floor":30,"turns":4}],"seed_played":"5167387771632925726","potions_obtained":[{"floor":3.0,"key":"Strength Potion"},{"floor":4.0,"key":"Weak Potion"},{"floor":11.0,"key":"GamblersBrew"},{"floor":13.0,"key":"Regen Potion"},{"floor":14.0,"key":"SkillPotion"},{"floor":25,"key":"PowerPotion"},{"floor":28,"key":"Explosive Potion"}],"is_trial":false,"path_per_floor":["M","?","?","M","M","R","E","$","T","E","M","R","M","M","R","B",null,"M","M","?","?","M","R","$","M","T","R","M","R","E"],"character_chosen":"IRONCLAD","items_purchased":["Shrug It Off","Omamori","SkillPotion"],"campfire_rested":3,"item_purchase_floors":[8,8,24],"current_hp_per_floor":[77,77,77,82,82,82,63,63,73,37,33,60,54,36,63,28,76,61,47,66,66,53,53,53,47,47,47,27,55,0],"gold":24,"neow_bonus":"TEN_PERCENT_HP_BONUS","is_prod":false,"is_daily":false,"chose_seed":false,"campfire_upgraded":3,"win_rate":0,"timestamp":1566467528,"path_taken":["M","?","?","?","M","R","E","?","T","E","M","R","M","M","R","BOSS","M","M","?","?","M","R","$","M","T","R","M","R","E"],"build_version":"2019-07-17","purchased_purges":1,"victory":false,"max_hp_per_floor":[82,82,82,82,82,82,82,82,92,92,92,92,92,92,92,92,92,92,94,94,94,94,94,94,94,94,94,94,94,94],"card_choices":[{"not_picked":["Burning Pact","Heavy Blade"],"picked":"Wild Strike","floor":1.0},{"not_picked":["Heavy Blade","Wild Strike"],"picked":"Anger","floor":4.0},{"not_picked":["Cleave","Sever Soul"],"picked":"Headbutt","floor":5.0},{"not_picked":["Barricade","Blood for Blood"],"picked":"Flame Barrier","floor":7.0},{"not_picked":["Body Slam","Evolve"],"picked":"Pommel Strike","floor":10.0},{"not_picked":["Fire Breathing","Headbutt+1"],"picked":"Clothesline+1","floor":11.0},{"not_picked":["Clothesline+1","Wild Strike+1"],"picked":"Iron Wave+1","floor":13.0},{"not_picked":["Headbutt+1","Warcry"],"picked":"Demon Form","floor":14.0},{"not_picked":["Limit Break","Brutality"],"picked":"Double Tap","floor":16},{"not_picked":["Body Slam+1","Whirlwind+1"],"picked":"Sword Boomerang+1","floor":18},{"not_picked":["Sword Boomerang+1","Sever Soul+1","Clash+1"],"picked":"Singing Bowl","floor":19},{"not_picked":["Metallicize","Sword Boomerang+1"],"picked":"Dual Wield","floor":22},{"not_picked":["Perfected Strike+1","Clothesline+1"],"picked":"Inflame","floor":25},{"not_picked":["Clash+1","Perfected Strike+1"],"picked":"Limit Break","floor":28}],"player_experience":1203296,"relics_obtained":[{"floor":7.0,"key":"Singing Bowl"},{"floor":9.0,"key":"Pear"},{"floor":10.0,"key":"Molten Egg 2"},{"floor":26,"key":"Shuriken"}],"event_choices":[{"damage_healed":0.0,"max_hp_gain":0.0,"max_hp_loss":0.0,"gold_gain":69.0,"event_name":"Golden Wing","player_choice":"Gained Gold","floor":2.0,"gold_loss":0.0,"damage_taken":0.0},{"damage_healed":0.0,"max_hp_gain":0.0,"max_hp_loss":0.0,"gold_gain":0.0,"event_name":"The Woman in Blue","player_choice":"Bought 1 Potion","floor":3.0,"gold_loss":0.0,"damage_taken":0.0},{"damage_healed":19,"gold_gain":0,"player_choice":"Heal","damage_taken":0,"max_hp_gain":0,"max_hp_loss":0,"event_name":"The Library","floor":20,"gold_loss":0},{"cards_removed":["Strike_R"],"damage_healed":0,"gold_gain":0,"player_choice":"Gave Gold","damage_taken":0,"max_hp_gain":0,"max_hp_loss":0,"event_name":"Beggar","floor":21,"gold_loss":75}],"is_beta":false,"boss_relics":[{"not_picked":["Runic Dome","White Beast Statue"],"picked":"Lizard Tail"}],"items_purged_floors":[24],"is_endless":false,"potions_floor_spawned":[4,11,13,14,16,25,28],"killed_by":"Book of Stabbing","ascension_level":18}