{"gold_per_floor":[119,139,153,4,104,104,130,30,30,30,48,67,29,62,62,164,164,174,49,49,49,69,69,100,100,100,112,141,160,160,75,75,171,171,188,200,4,4,20,49,49,82,82,4,24,24,52,52,52,52],"floor_reached":51,"playtime":2588,"items_purged":["Strike_G","Strike_G"],"score":1363,"play_id":"421f6ad0-2e36-4bc8-ae29-a1184120f471","local_time":"20190902162948","is_ascension_mode":true,"campfire_choices":[{"data":"Catalyst","floor":6.0,"key":"SMITH"},{"data":"Noxious Fumes","floor":10.0,"key":"SMITH"},{"data":"Catalyst","floor":15.0,"key":"SMITH"},{"data":"Deadly Poison","floor":23,"key":"SMITH"},{"data":"Leg Sweep","floor":25,"key":"SMITH"},{"floor":32,"key":"REST"},{"floor":41,"key":"REST"},{"floor":49,"key":"RECALL"}],"neow_cost":"TEN_PERCENT_HP_LOSS","seed_source_timestamp":6828317807200,"circlet_count":0,"master_deck":["AscendersBane","Strike_G+1","Strike_G+1","Defend_G+1","Defend_G+1","Defend_G+1","Defend_G+1","Survivor","Neutralize","Leg Sweep+1","Deadly Poison+1","Catalyst+1","Noxious Fumes+1","Deadly Poison","Catalyst+1","Noxious Fumes","Cloak And Dagger","Footwork+1","Backflip","Acrobatics+1","Decay","Tools of the Trade","Backflip+1","Footwork","Bouncing Flask+1","Noxious Fumes","Well Laid Plans","Footwork+1","Footwork+1"],"special_seed":0,"relics":["Ring of the Snake","Shuriken","Anchor","Bird Faced Urn","Sozu","Bag of Preparation","Ancient Tea Set","Bottled Tornado","Centennial Puzzle","Fusion Hammer","PreservedInsect","Orichalcum","Mummified Hand","Molten Egg 2","Art of War"],"potions_floor_usage":[24,45],"damage_taken":[{"damage":0.0,"enemies":"Cultist","floor":1.0,"turns":5.0},{"damage":0.0,"enemies":"2 Louse","floor":2.0,"turns":5.0},{"damage":0.0,"enemies":"Small Slimes","floor":3.0,"turns":4.0},{"damage":14.0,"enemies":"3 Sentries","floor":7.0,"turns":8.0},{"damage":4.0,"enemies":"Blue Slaver","floor":11.0,"turns":3.0},{"damage":0.0,"enemies":"Red Slaver","floor":12.0,"turns":2.0},{"damage":0.0,"enemies":"Lagavulin","floor":14.0,"turns":4.0},{"damage":7.0,"enemies":"Hexaghost","floor":16.0,"turns":5.0},{"damage":0.0,"enemies":"Spheric Guardian","floor":18.0,"turns":2.0},{"damage":0,"enemies":"Shell Parasite","floor":22,"turns":5},{"damage":2,"enemies":"Book of Stabbing","floor":24,"turns":5},{"damage":2,"enemies":"Snecko","floor":27,"turns":5},{"damage":54,"enemies":"Slavers","floor":28,"turns":6},{"damage":0,"enemies":"Snake Plant","floor":29,"turns":3},{"damage":20,"enemies":"Collector","floor":33,"turns":5},{"damage":10,"enemies":"3 Darklings","floor":35,"turns":5},{"damage":14,"enemies":"3 Shapes","floor":36,"turns":7},{"damage":11,"enemies":"Sphere and 2 Shapes","floor":39,"turns":7},{"damage":0,"enemies":"Giant Head","floor":40,"turns":4},{"damage":2,"enemies":"Nemesis","floor":42,"turns":5},{"damage":5,"enemies":"Jaw Worm Horde","floor":45,"turns":4},{"damage":0,"enemies":"Giant Head","floor":47,"turns":4},{"damage":25,"enemies":"Donu and Deca","floor":50,"turns":8}],"seed_played":"5905012603966818136","potions_obtained":[{"floor":1.0,"key":"SteroidPotion"},{"floor":3.0,"key":"Swift Potion"},{"floor":14.0,"key":"EssenceOfSteel"}],"is_trial":false,"path_per_floor":["M","M","M","$","?","R","E","$","T","R","M","M","$","E","R","B",null,"M","$","?","?","M","R","E","R","T","M","E","M","?","?","R","B",null,"M","M","$","?","M","E","R","E","T","$","M","?","E","$","R","B",null],"character_chosen":"THE_SILENT","items_purchased":["Noxious Fumes","Noxious Fumes","Footwork","Backflip","Footwork","PreservedInsect","Well Laid Plans"],"campfire_rested":2,"item_purchase_floors":[4,13,19,19,37,37,44],"current_hp_per_floor":[63,63,63,63,63,63,49,49,49,49,45,45,45,45,45,42,58,62,62,62,62,63,63,63,63,63,61,11,15,15,15,33,19,52,50,44,44,44,43,53,60,60,60,60,55,55,60,60,60,45],"gold":52,"neow_bonus":"REMOVE_TWO","is_prod":false,"is_daily":false,"chose_seed":false,"campfire_upgraded":5,"win_rate":0,"timestamp":1567434588,"path_taken":["M","?","M","$","?","R","E","$","T","R","M","M","?","E","R","BOSS","M","$","?","?","M","R","E","R","T","M","E","?","?","?","R","BOSS","M","M","$","?","M","E","R","E","T","?","?","?","E","$","R","BOSS"],"build_version":"2019-07-17","purchased_purges":2,"victory":true,"max_hp_per_floor":[63,63,63,63,63,63,63,63,63,63,63,63,63,63,63,63,63,63,63,63,63,63,63,63,63,63,63,63,63,63,63,63,63,63,63,63,63,60,60,60,60,60,60,60,60,60,60,60,60,60],"card_choices":[{"not_picked":["Predator","Outmaneuver"],"picked":"Leg Sweep","floor":1.0},{"not_picked":["Predator","Dodge and Roll"],"picked":"Deadly Poison","floor":2.0},{"not_picked":["Blade Dance","After Image"],"picked":"Catalyst","floor":3.0},{"not_picked":["Acrobatics","Calculated Gamble"],"picked":"Deadly Poison","floor":7.0},{"not_picked":["Caltrops","Outmaneuver"],"picked":"Catalyst","floor":11.0},{"not_picked":["Bane","Prepared","Flying Knee"],"picked":"SKIP","floor":12.0},{"not_picked":["Skewer","Endless Agony"],"picked":"Cloak And Dagger","floor":14.0},{"not_picked":["A Thousand Cuts","Doppelganger"],"picked":"Malaise","floor":16.0},{"not_picked":["Skewer","Endless Agony","Expertise"],"picked":"SKIP","floor":18.0},{"not_picked":["Backstab","Blade Dance","Quick Slash"],"picked":"SKIP","floor":22},{"not_picked":["Outmaneuver","Flechettes"],"picked":"Acrobatics+1","floor":24},{"not_picked":["Blade Dance","Setup","Flying Knee"],"picked":"SKIP","floor":27},{"not_picked":["Setup","Expertise","Heel Hook+1"],"picked":"SKIP","floor":28},{"not_picked":["Setup","Dagger Spray","Dash"],"picked":"SKIP","floor":29},{"not_picked":["Storm of Steel","A Thousand Cuts"],"picked":"Tools of the Trade","floor":33},{"not_picked":["Dash","Setup+1","Bane"],"picked":"SKIP","floor":35},{"not_picked":["Reflex","Bane"],"picked":"Backflip+1","floor":36},{"not_picked":["Masterful Stab+1","Endless Agony"],"picked":"Bouncing Flask+1","floor":39},{"not_picked":["Sucker Punch+1","Cloak And Dagger"],"picked":"Noxious Fumes","floor":40},{"not_picked":["Masterful Stab","Underhanded Strike+1","Cloak And Dagger+1"],"picked":"SKIP","floor":42},{"not_picked":["Flechettes+1","Outmaneuver"],"picked":"Footwork+1","floor":45},{"not_picked":["Flying Knee+1","Calculated Gamble"],"picked":"Footwork+1","floor":47}],"player_experience":128867,"relics_obtained":[{"floor":7.0,"key":"Shuriken"},{"floor":9.0,"key":"Anchor"},{"floor":14.0,"key":"Bird Faced Urn"},{"floor":24,"key":"Bag of Preparation"},{"floor":26,"key":"Ancient Tea Set"},{"floor":28,"key":"Bottled Tornado"},{"floor":40,"key":"Orichalcum"},{"floor":42,"key":"Mummified Hand"},{"floor":43,"key":"Molten Egg 2"},{"floor":47,"key":"Art of War"}],"event_choices":[{"damage_healed":0.0,"max_hp_gain":0.0,"max_hp_loss":0.0,"gold_gain":100.0,"event_name":"Golden Shrine","player_choice":"Pray","floor":5.0,"gold_loss":0.0,"damage_taken":0.0},{"damage_healed":0.0,"max_hp_gain":0.0,"max_hp_loss":0.0,"gold_gain":0.0,"event_name":"Back to Basics","player_choice":"Simplicity","floor":20.0,"gold_loss":0.0,"damage_taken":0.0,"cards_upgraded":["Strike_G","Strike_G","Defend_G","Defend_G","Defend_G","Defend_G"]},{"damage_healed":0.0,"max_hp_gain":0.0,"max_hp_loss":0.0,"gold_gain":0.0,"event_name":"Upgrade Shrine","player_choice":"Upgraded","floor":21.0,"gold_loss":0.0,"damage_taken":0.0,"cards_upgraded":["Footwork"]},{"damage_healed":0,"gold_gain":0,"player_choice":"Smashed Altar","damage_taken":0,"max_hp_gain":0,"max_hp_loss":0,"event_name":"Forgotten Altar","floor":30,"gold_loss":0,"cards_obtained":["Decay"]},{"damage_healed":0,"gold_gain":0,"player_choice":"Obtained Relic","damage_taken":0,"relics_obtained":["Centennial Puzzle"],"max_hp_gain":0,"max_hp_loss":0,"event_name":"Addict","floor":31,"gold_loss":85},{"damage_healed":0,"gold_gain":0,"player_choice":"Max HP","damage_taken":0,"max_hp_gain":0,"max_hp_loss":3,"event_name":"Winding Halls","floor":38,"gold_loss":0},{"cards_removed":["Malaise"],"damage_healed":0,"gold_gain":0,"player_choice":"Removed Skill","damage_taken":0,"max_hp_gain":0,"max_hp_loss":0,"event_name":"Falling","floor":46,"gold_loss":0}],"is_beta":false,"boss_relics":[{"not_picked":["Busted Crown","Lizard Tail"],"picked":"Sozu"},{"not_picked":["Velvet Choker","Orrery"],"picked":"Fusion Hammer"}],"items_purged_floors":[4,8],"is_endless":false,"potions_floor_spawned":[1,3,14,22,24,29,33,35,40,47],"ascension_level":11}