{"gold_per_floor":[110,185,249,249,267,300,300,314,314,314,342,354,6,21,21,118,118,133,150,168,83,83],"floor_reached":22,"playtime":897,"items_purged":[],"score":196,"play_id":"5ff16971-70b7-4628-9373-35ebc9473851","local_time":"20190418034124","is_ascension_mode":false,"campfire_choices":[{"floor":7,"key":"REST"},{"data":"Infernal Blade","floor":10,"key":"SMITH"},{"data":"1","floor":15,"key":"LIFT"}],"neow_cost":"NONE","seed_source_timestamp":29940768182029,"circlet_count":0,"master_deck":["Strike_R","Strike_R","Strike_R","Strike_R","Strike_R","Defend_R","Defend_R","Defend_R","Defend_R","Bash+1","Infernal Blade+1","Warcry+1","Heavy Blade","Anger","Flex+1","Cleave","Anger","Double Tap+1","Armaments+1","Thunderclap","Entrench+1","Heavy Blade"],"relics":["Burning Blood","Toxic Egg 2","Boot","Centennial Puzzle","Membership Card","Girya","Orrery","Pear"],"potions_floor_usage":[6,11,16,19],"damage_taken":[{"damage":3,"enemies":"Small Slimes","floor":1,"turns":3},{"damage":14,"enemies":"Jaw Worm","floor":5,"turns":4},{"damage":40,"enemies":"Lagavulin","floor":6,"turns":7},{"damage":2,"enemies":"2 Louse","floor":8,"turns":3},{"damage":20,"enemies":"Gremlin Nob","floor":11,"turns":3},{"damage":0,"enemies":"Looter","floor":12,"turns":1},{"damage":0,"enemies":"Blue Slaver","floor":14,"turns":1},{"damage":39,"enemies":"Slime Boss","floor":16,"turns":8},{"damage":14,"enemies":"Spheric Guardian","floor":18,"turns":4},{"damage":12,"enemies":"Shell Parasite","floor":19,"turns":3},{"damage":36,"enemies":"Chosen and Byrds","floor":20,"turns":6},{"damage":48,"enemies":"Centurion and Healer","floor":22,"turns":6}],"seed_played":"-77931260938740601","potions_obtained":[{"floor":1,"key":"Swift Potion"},{"floor":6,"key":"SkillPotion"},{"floor":12,"key":"PowerPotion"},{"floor":14,"key":"Ancient Potion"},{"floor":18,"key":"Swift Potion"}],"is_trial":false,"path_per_floor":["M","?","?","?","M","E","R","M","T","R","E","M","$","M","R","B",null,"M","M","M","?","M"],"character_chosen":"IRONCLAD","items_purchased":["Membership Card","Girya"],"campfire_rested":1,"item_purchase_floors":[13,13],"current_hp_per_floor":[80,69,69,66,58,24,48,52,52,52,38,44,44,50,50,17,80,72,66,36,46,0],"gold":83,"neow_bonus":"UPGRADE_CARD","is_prod":false,"is_daily":false,"chose_seed":false,"campfire_upgraded":1,"win_rate":0,"timestamp":1555522884,"path_taken":["M","?","?","?","M","E","R","M","T","R","E","M","$","M","R","BOSS","M","M","M","?","M"],"build_version":"2019-01-23","purchased_purges":0,"victory":false,"max_hp_per_floor":[80,80,80,80,80,80,80,80,80,80,80,80,80,80,80,80,80,80,80,80,90,90],"card_choices":[{"not_picked":["Dropkick","Clash"],"picked":"Infernal Blade","floor":1},{"not_picked":["Wild Strike","Sever Soul"],"picked":"Warcry+1","floor":5},{"not_picked":["Iron Wave","Dark Embrace"],"picked":"Heavy Blade","floor":6},{"not_picked":["Wild Strike","Sword Boomerang"],"picked":"Anger","floor":8},{"not_picked":["Offering+1","Rage+1"],"picked":"Flex+1","floor":11},{"not_picked":["Sword Boomerang","Anger"],"picked":"Cleave","floor":12},{"not_picked":["Warcry+1","Twin Strike"],"picked":"Anger","floor":14},{"not_picked":["Brutality","Juggernaut"],"picked":"Double Tap+1","floor":16},{"not_picked":["Reckless Charge","Anger"],"picked":"Armaments+1","floor":17},{"not_picked":["Dropkick","Perfected Strike"],"picked":"Thunderclap","floor":17},{"not_picked":["Armaments+1","Headbutt"],"picked":"Entrench+1","floor":17},{"not_picked":["Combust","Wild Strike"],"picked":"Heavy Blade","floor":17},{"not_picked":["True Grit+1","Wild Strike+1","Warcry+1"],"picked":"SKIP","floor":18},{"not_picked":["Warcry+1","Carnage+1","Headbutt"],"picked":"SKIP","floor":19},{"not_picked":["Fire Breathing","Feel No Pain","Battle Trance+1"],"picked":"SKIP","floor":20}],"player_experience":320592,"relics_obtained":[{"floor":6,"key":"Boot"},{"floor":11,"key":"Centennial Puzzle"}],"event_choices":[{"damage_healed":0,"gold_gain":75,"player_choice":"Gather Gold","damage_taken":11,"max_hp_gain":0,"max_hp_loss":0,"event_name":"World of Goop","floor":2,"gold_loss":0},{"damage_healed":0,"gold_gain":64,"player_choice":"Gained Gold","damage_taken":0,"max_hp_gain":0,"max_hp_loss":0,"event_name":"Golden Wing","floor":3,"gold_loss":0},{"damage_healed":0,"gold_gain":0,"player_choice":"Success","damage_taken":3,"relics_obtained":["Toxic Egg 2"],"max_hp_gain":0,"max_hp_loss":0,"event_name":"Scrap Ooze","floor":4,"gold_loss":0},{"damage_healed":0,"gold_gain":0,"player_choice":"Obtained Relic","damage_taken":0,"relics_obtained":["Pear"],"max_hp_gain":0,"max_hp_loss":0,"event_name":"Addict","floor":21,"gold_loss":85}],"is_beta":false,"boss_relics":[{"not_picked":["Snecko Eye","Eternal Feather"],"picked":"Orrery"}],"items_purged_floors":[],"is_endless":false,"potions_floor_spawned":[1,6,12,14,18],"killed_by":"Centurion and Healer","ascension_level":0}