{"gold_per_floor":[109,109,109,30,46,73,73,84,84,100,100,118,118,148,148,246,246,261,272,288,308,321,321,104,104,128,145,145,168,203,217,217,217],"floor_reached":33,"playtime":1184,"items_purged":["Strike_R"],"score":486,"play_id":"0b9fef9a-283e-475b-a7ca-afc7bc3566d2","local_time":"20181202173516","is_ascension_mode":true,"campfire_choices":[{"data":"Whirlwind","floor":7,"key":"SMITH"},{"data":"Bloodletting","floor":11,"key":"SMITH"},{"data":"Hemokinesis","floor":13,"key":"SMITH"},{"data":"Bash","floor":15,"key":"SMITH"},{"floor":23,"key":"REST"},{"data":"Rupture","floor":25,"key":"SMITH"},{"floor":32,"key":"REST"}],"neow_cost":"NONE","seed_source_timestamp":153523270164844,"circlet_count":0,"master_deck":["AscendersBane","Strike_R+1","Strike_R+1","Strike_R+1","Defend_R+1","Defend_R+1","Defend_R+1","Defend_R+1","Bash+1","Blood for Blood+1","Hemokinesis+1","Whirlwind+1","Bloodletting+1","Ghostly Armor","Offering","Battle Trance","Rupture+1","Dropkick","Warcry"],"relics":["Burning Blood","Blue Candle","Gremlin Horn","Bag of Preparation","Runic Cube","Blood Vial","Centennial Puzzle","Boot"],"potions_floor_usage":[6,14,16,21,33,33],"damage_taken":[{"damage":2,"enemies":"Small Slimes","floor":1,"turns":4},{"damage":4,"enemies":"Cultist","floor":5,"turns":3},{"damage":7,"enemies":"Gremlin Nob","floor":6,"turns":3},{"damage":10,"enemies":"Jaw Worm","floor":8,"turns":2},{"damage":13,"enemies":"Exordium Wildlife","floor":10,"turns":3},{"damage":15,"enemies":"Red Slaver","floor":12,"turns":2},{"damage":12,"enemies":"3 Sentries","floor":14,"turns":2},{"damage":39,"enemies":"Slime Boss","floor":16,"turns":7},{"damage":13,"enemies":"2 Thieves","floor":18,"turns":3},{"damage":11,"enemies":"3 Byrds","floor":19,"turns":3},{"damage":11,"enemies":"Snecko","floor":20,"turns":2},{"damage":27,"enemies":"Snake Plant","floor":21,"turns":3},{"damage":14,"enemies":"Shelled Parasite and Fungi","floor":22,"turns":2},{"damage":16,"enemies":"Cultist and Chosen","floor":27,"turns":3},{"damage":14,"enemies":"Book of Stabbing","floor":30,"turns":2},{"damage":6,"enemies":"Snecko","floor":31,"turns":2},{"damage":93,"enemies":"Automaton","floor":33,"turns":6}],"seed_played":"7406630717712435720","potions_obtained":[{"floor":1,"key":"Block Potion"},{"floor":5,"key":"SkillPotion"},{"floor":8,"key":"Swift Potion"},{"floor":14,"key":"Explosive Potion"},{"floor":18,"key":"SpeedPotion"},{"floor":21,"key":"Ancient Potion"},{"floor":22,"key":"Poison Potion"}],"is_trial":false,"path_per_floor":["M","?","?","$","M","E","R","M","T","M","R","M","R","E","R","B",null,"M","M","M","M","M","R","$","R","T","M","?","T","E","M","R","B"],"character_chosen":"IRONCLAD","items_purchased":["Whirlwind","Rupture","Dropkick"],"campfire_rested":2,"item_purchase_floors":[4,24,24],"current_hp_per_floor":[76,76,76,76,78,77,77,73,73,66,66,57,57,51,51,18,65,58,53,48,27,19,43,43,43,43,35,35,35,29,31,55,0],"gold":217,"neow_bonus":"TRANSFORM_CARD","is_prod":false,"is_daily":false,"chose_seed":false,"campfire_upgraded":5,"win_rate":0,"timestamp":1543790116,"path_taken":["M","?","?","$","M","E","R","M","T","M","R","M","R","E","R","BOSS","M","M","M","?","M","R","$","R","T","M","?","?","E","?","R","BOSS"],"build_version":"2018-11-15","purchased_purges":1,"victory":false,"max_hp_per_floor":[80,80,80,80,80,80,80,80,80,80,80,80,80,80,80,80,80,80,80,80,80,80,80,80,80,80,80,80,80,80,80,80,80],"card_choices":[{"not_picked":["Burning Pact","Twin Strike"],"picked":"Hemokinesis","floor":1},{"not_picked":["Headbutt","Iron Wave"],"picked":"Bloodletting","floor":5},{"not_picked":["Clothesline","Clash","Armaments"],"picked":"SKIP","floor":6},{"not_picked":["Armaments","Iron Wave","Wild Strike"],"picked":"SKIP","floor":8},{"not_picked":["Sword Boomerang","Infernal Blade","Twin Strike"],"picked":"SKIP","floor":10},{"not_picked":["Perfected Strike","Cleave"],"picked":"Ghostly Armor","floor":12},{"not_picked":["Disarm","Dark Embrace","Clash"],"picked":"SKIP","floor":14},{"not_picked":["Berserk","Brutality"],"picked":"Offering","floor":16},{"not_picked":["Whirlwind+1","Armaments","Cleave"],"picked":"SKIP","floor":18},{"not_picked":["Burning Pact","Corruption"],"picked":"Battle Trance","floor":19},{"not_picked":["True Grit","Heavy Blade","Whirlwind"],"picked":"SKIP","floor":20},{"not_picked":["Second Wind","Power Through","Heavy Blade"],"picked":"SKIP","floor":21},{"not_picked":["Sword Boomerang","Warcry","Cleave"],"picked":"SKIP","floor":22},{"not_picked":["Warcry","Entrench","Thunderclap"],"picked":"SKIP","floor":27},{"not_picked":["True Grit","Wild Strike","Metallicize"],"picked":"SKIP","floor":30},{"not_picked":["Shrug It Off","Clothesline"],"picked":"Warcry","floor":31}],"player_experience":761720,"relics_obtained":[{"floor":6,"key":"Blue Candle"},{"floor":9,"key":"Gremlin Horn"},{"floor":14,"key":"Bag of Preparation"},{"floor":26,"key":"Blood Vial"},{"floor":29,"key":"Centennial Puzzle"},{"floor":30,"key":"Boot"}],"event_choices":[{"damage_healed":0,"gold_gain":0,"player_choice":"Grow","damage_taken":0,"max_hp_gain":0,"max_hp_loss":0,"event_name":"Living Wall","floor":2,"gold_loss":0,"cards_upgraded":["Blood for Blood"]},{"damage_healed":0,"gold_gain":0,"player_choice":"Bought 0 Potions","damage_taken":0,"max_hp_gain":0,"max_hp_loss":0,"event_name":"The Woman in Blue","floor":3,"gold_loss":0},{"damage_healed":0,"gold_gain":0,"player_choice":"Simplicity","damage_taken":0,"max_hp_gain":0,"max_hp_loss":0,"event_name":"Back to Basics","floor":28,"gold_loss":0,"cards_upgraded":["Strike_R","Strike_R","Strike_R","Defend_R","Defend_R","Defend_R","Defend_R"]}],"is_beta":false,"boss_relics":[{"not_picked":["Tiny House","Eternal Feather"],"picked":"Runic Cube"}],"items_purged_floors":[24],"is_endless":false,"potions_floor_spawned":[1,5,8,14,18,21,22],"killed_by":"Automaton","ascension_level":12}