{"gold_per_floor":[16,28,28,41,56,56,90,104,104,104,29,49,49],"floor_reached":13,"playtime":1032,"items_purged":["Defend_R"],"score":112,"play_id":"490388de-8bdd-4c9b-96e6-785a3ba1a4ee","local_time":"20190809220145","is_ascension_mode":false,"campfire_choices":[{"floor":6,"key":"REST"}],"neow_cost":"NO_GOLD","seed_source_timestamp":877252673227636,"circlet_count":0,"master_deck":["Strike_R","Strike_R","Strike_R","Strike_R","Strike_R","Defend_R","Defend_R","Defend_R","Bash"],"relics":["Burning Blood","Golden Idol","Centennial Puzzle","Mummified Hand"],"potions_floor_usage":[],"damage_taken":[{"damage":6,"enemies":"Cultist","floor":1,"turns":4},{"damage":14,"enemies":"Small Slimes","floor":2,"turns":6},{"damage":5,"enemies":"2 Louse","floor":4,"turns":3},{"damage":15,"enemies":"Large Slime","floor":5,"turns":7},{"damage":35,"enemies":"Gremlin Nob","floor":7,"turns":5},{"damage":34,"enemies":"Gremlin Gang","floor":8,"turns":6},{"damage":22,"enemies":"Red Slaver","floor":12,"turns":5},{"damage":11,"enemies":"Large Slime","floor":13,"turns":5}],"seed_played":"5963749008795206430","potions_obtained":[{"floor":1,"key":"Weak Potion"},{"floor":2,"key":"Dexterity Potion"},{"floor":5,"key":"Weak Potion"}],"is_trial":false,"path_per_floor":["M","M","?","M","M","R","E","M","T","?","$","M","M"],"character_chosen":"IRONCLAD","items_purchased":[],"campfire_rested":1,"item_purchase_floors":[],"current_hp_per_floor":[96,88,64,65,56,84,55,27,27,27,27,11,0],"gold":49,"neow_bonus":"TWENTY_PERCENT_HP_BONUS","is_prod":false,"is_daily":false,"chose_seed":false,"campfire_upgraded":0,"win_rate":0.0,"timestamp":1565406105,"path_taken":["M","M","?","M","M","R","E","M","T","?","$","M","M"],"build_version":"2019-07-17","purchased_purges":1,"victory":false,"max_hp_per_floor":[96,96,96,96,96,96,96,96,96,96,96,96,96],"card_choices":[{"not_picked":["Clash","Sever Soul","Wild Strike"],"picked":"SKIP","floor":1},{"not_picked":["Wild Strike","Feel No Pain","Perfected Strike"],"picked":"SKIP","floor":2},{"not_picked":["Twin Strike","Sword Boomerang","Headbutt"],"picked":"SKIP","floor":4},{"not_picked":["Dropkick","Headbutt","Warcry"],"picked":"SKIP","floor":5},{"not_picked":["Dropkick","Seeing Red","Carnage"],"picked":"SKIP","floor":7},{"not_picked":["Power Through","Uppercut","Headbutt"],"picked":"SKIP","floor":8},{"not_picked":["Sword Boomerang","Heavy Blade","Perfected Strike"],"picked":"SKIP","floor":12}],"player_experience":96962,"relics_obtained":[{"floor":7,"key":"Centennial Puzzle"},{"floor":9,"key":"Mummified Hand"}],"event_choices":[{"damage_healed":0,"gold_gain":0,"player_choice":"Take Damage","damage_taken":24,"relics_obtained":["Golden Idol"],"max_hp_gain":0,"max_hp_loss":0,"event_name":"Golden Idol","floor":3,"gold_loss":0},{"damage_healed":0,"gold_gain":0,"player_choice":"Ignored","damage_taken":0,"max_hp_gain":0,"max_hp_loss":0,"event_name":"Liars Game","floor":10,"gold_loss":0}],"is_beta":false,"boss_relics":[],"items_purged_floors":[11],"is_endless":false,"potions_floor_spawned":[1,2,5,7,12],"killed_by":"Large Slime","ascension_level":0}