{"gold_per_floor":[115,40,51,51,66,66,95,95,140,170,170,197,272,287,287,359,359,373,40,51,51,61,61,93,93,93,93,93,112,124,158,158,158],"floor_reached":33,"playtime":2154,"items_purged":[],"score":656,"play_id":"849439bc-a88c-45e7-b69f-ded9d71ed5ea","local_time":"20190504060101","is_ascension_mode":true,"campfire_choices":[{"data":"Neutralize","floor":6.0,"key":"SMITH"},{"data":"Finisher","floor":8.0,"key":"SMITH"},{"data":"Blade Dance","floor":11.0,"key":"SMITH"},{"floor":15.0,"key":"REST"},{"data":"Wraith Form v2","floor":23,"key":"SMITH"},{"data":"Finisher","floor":28,"key":"SMITH"},{"floor":32,"key":"DIG"}],"neow_cost":"NONE","seed_source_timestamp":846952526369516,"circlet_count":0,"master_deck":["AscendersBane","Defend_G+1","Defend_G+1","Defend_G+1","Defend_G+1","Defend_G+1","Strike_G+1","Strike_G+1","Strike_G+1","Strike_G+1","Survivor","Neutralize+1","Unload","Poisoned Stab","Well Laid Plans","Unload","Finisher+1","Blade Dance+1","Terror","Cloak And Dagger","Wraith Form v2+1","Dash","Finisher+1","Blur+1","PiercingWail+1"],"special_seed":0,"relics":["Ring of the Snake","Ancient Tea Set","Strawberry","The Specimen","Gremlin Horn","Coffee Dripper","Bag of Marbles","Potion Belt","Singing Bowl","Shovel","SsserpentHead","Smiling Mask","Blood Vial"],"potions_floor_usage":[16,16,18,24,29,31],"damage_taken":[{"damage":2.0,"enemies":"Jaw Worm","floor":1.0,"turns":5.0},{"damage":2.0,"enemies":"2 Louse","floor":3.0,"turns":3.0},{"damage":0.0,"enemies":"Small Slimes","floor":5.0,"turns":3.0},{"damage":17.0,"enemies":"3 Sentries","floor":7.0,"turns":8.0},{"damage":4.0,"enemies":"Lagavulin","floor":10.0,"turns":6.0},{"damage":7.0,"enemies":"3 Sentries","floor":12.0,"turns":5.0},{"damage":0.0,"enemies":"Blue Slaver","floor":14.0,"turns":2.0},{"damage":29,"enemies":"Slime Boss","floor":16,"turns":10},{"damage":4,"enemies":"2 Thieves","floor":18,"turns":4},{"damage":1,"enemies":"3 Byrds","floor":20,"turns":6},{"damage":0,"enemies":"Snecko","floor":22,"turns":3},{"damage":0,"enemies":"Gremlin Leader","floor":24,"turns":5},{"damage":0,"enemies":"Centurion and Healer","floor":29,"turns":5},{"damage":0,"enemies":"Snake Plant","floor":30,"turns":1},{"damage":12,"enemies":"Book of Stabbing","floor":31,"turns":6},{"damage":54,"enemies":"Collector","floor":33,"turns":10}],"seed_played":"694147209021586422","potions_obtained":[{"floor":3.0,"key":"GhostInAJar"},{"floor":5.0,"key":"FearPotion"},{"floor":10.0,"key":"SteroidPotion"},{"floor":14.0,"key":"FearPotion"},{"floor":16,"key":"Swift Potion"},{"floor":18,"key":"Poison Potion"},{"floor":24,"key":"EssenceOfSteel"},{"floor":29,"key":"SkillPotion"}],"is_trial":false,"path_per_floor":["M","?","M","?","M","R","E","R","T","E","R","E","?","M","R","B",null,"M","$","M","?","M","R","E","?","T","?","R","M","M","E","R","B"],"character_chosen":"THE_SILENT","items_purchased":["Bag of Marbles","Potion Belt"],"campfire_rested":1,"item_purchase_floors":[19,19],"current_hp_per_floor":[57,57,55,55,55,55,38,38,45,41,41,34,23,23,44,15,59,55,55,54,54,54,54,56,56,56,56,56,58,58,46,46,0],"gold":158,"neow_bonus":"ONE_RANDOM_RARE_CARD","is_prod":false,"is_daily":false,"chose_seed":false,"campfire_upgraded":5,"win_rate":0,"timestamp":1556964061,"path_taken":["M","?","M","?","M","R","E","R","T","E","R","E","?","M","R","BOSS","M","$","M","?","M","R","E","?","T","?","R","M","M","E","R","BOSS"],"build_version":"2019-01-23","purchased_purges":0,"victory":false,"max_hp_per_floor":[66,66,66,66,66,66,66,66,73,73,73,73,73,73,73,73,73,73,73,73,73,73,73,75,75,75,75,75,77,77,77,77,77],"card_choices":[{"not_picked":["PiercingWail","Deflect"],"picked":"Poisoned Stab","floor":1.0},{"not_picked":["PiercingWail","Blur"],"picked":"Well Laid Plans","floor":3.0},{"not_picked":["Flechettes","Well Laid Plans"],"picked":"Unload","floor":5.0},{"not_picked":["Poisoned Stab","Deflect"],"picked":"Finisher","floor":7.0},{"not_picked":["Choke","Acrobatics"],"picked":"Blade Dance","floor":10.0},{"not_picked":["Well Laid Plans","Backflip"],"picked":"Terror","floor":12.0},{"not_picked":["Riddle With Holes","Choke"],"picked":"Cloak And Dagger","floor":14.0},{"not_picked":["Glass Knife","Doppelganger"],"picked":"Wraith Form v2","floor":16},{"not_picked":["Acrobatics+1","Dagger Spray","Heel Hook"],"picked":"SKIP","floor":18},{"not_picked":["Prepared","Sucker Punch"],"picked":"Dash","floor":20},{"not_picked":["Dagger Throw","Deadly Poison"],"picked":"Finisher","floor":22},{"not_picked":["Concentrate+1","Setup","Blade Dance"],"picked":"Singing Bowl","floor":24},{"not_picked":["Dash","Underhanded Strike","Footwork"],"picked":"Singing Bowl","floor":29},{"not_picked":["Slice","Outmaneuver"],"picked":"Blur+1","floor":30},{"not_picked":["Masterful Stab","Distraction"],"picked":"PiercingWail+1","floor":31}],"player_experience":1395713,"relics_obtained":[{"floor":7.0,"key":"Ancient Tea Set"},{"floor":9.0,"key":"Strawberry"},{"floor":10.0,"key":"The Specimen"},{"floor":12.0,"key":"Gremlin Horn"},{"floor":24,"key":"Singing Bowl"},{"floor":26,"key":"Shovel"},{"floor":31,"key":"Smiling Mask"},{"floor":32,"key":"Blood Vial"}],"event_choices":[{"cards_removed":["Strike_G"],"damage_healed":0.0,"max_hp_gain":0.0,"max_hp_loss":0.0,"gold_gain":0.0,"event_name":"The Cleric","player_choice":"Card Removal","floor":2.0,"gold_loss":75.0,"damage_taken":0.0},{"damage_healed":0.0,"max_hp_gain":0.0,"max_hp_loss":0.0,"gold_gain":0.0,"event_name":"Shining Light","player_choice":"Ignored","floor":4.0,"gold_loss":0.0,"damage_taken":0.0},{"damage_healed":0.0,"max_hp_gain":0.0,"max_hp_loss":0.0,"gold_gain":75.0,"event_name":"World of Goop","player_choice":"Gather Gold","floor":13.0,"gold_loss":0.0,"damage_taken":11.0},{"damage_healed":0,"gold_gain":0,"player_choice":"Simplicity","damage_taken":0,"max_hp_gain":0,"max_hp_loss":0,"event_name":"Back to Basics","floor":21,"gold_loss":0,"cards_upgraded":["Defend_G","Defend_G","Defend_G","Defend_G","Defend_G","Strike_G","Strike_G","Strike_G","Strike_G"]},{"damage_healed":0,"gold_gain":0,"player_choice":"Ignored","damage_taken":0,"max_hp_gain":0,"max_hp_loss":0,"event_name":"Cursed Tome","floor":25,"gold_loss":0},{"damage_healed":0,"gold_gain":0,"player_choice":"Trade","damage_taken":0,"relics_obtained":["SsserpentHead"],"max_hp_gain":0,"max_hp_loss":0,"event_name":"FaceTrader","floor":27,"gold_loss":0}],"is_beta":false,"boss_relics":[{"not_picked":["White Beast Statue","Lizard Tail"],"picked":"Coffee Dripper"}],"items_purged_floors":[],"is_endless":false,"potions_floor_spawned":[3,5,10,14,16,18,24,29],"killed_by":"Collector","ascension_level":20}