{"gold_per_floor":[111,111,111,131,131,166,183,194,194,194,209,209,242,255,255,356,356,371,371,471,471,17,17,44,44,44,29,29,1,20,38,38,38],"floor_reached":33,"playtime":1925,"items_purged":[],"score":369,"play_id":"0aab9c59-854a-4a9b-9293-b81382a745d5","local_time":"20190516221842","is_ascension_mode":true,"campfire_choices":[{"data":"Bash","floor":10,"key":"SMITH"},{"data":"Berserk","floor":12,"key":"SMITH"},{"floor":15,"key":"REST"},{"floor":23,"key":"REST"},{"data":"Heavy Blade","floor":28,"key":"SMITH"},{"data":"Spot Weakness","floor":32,"key":"SMITH"}],"neow_cost":"TEN_PERCENT_HP_LOSS","seed_source_timestamp":2925061277021,"circlet_count":0,"master_deck":["Strike_R","Strike_R","Strike_R","Defend_R","Defend_R","Defend_R","Defend_R","Bash+1","Battle Trance","Shrug It Off","Heavy Blade+1","Berserk+1","Evolve","Flame Barrier","Spot Weakness+1","Cleave","Iron Wave","Rampage","Brutality+1","Power Through","Headbutt","RitualDagger","Pommel Strike","Wild Strike","Ghostly","Ghostly","Ghostly","Ghostly","Ghostly","Metallicize+1","Body Slam+1","Intimidate+1"],"relics":["Burning Blood","Champion Belt","Dream Catcher","Bird Faced Urn","Frozen Egg 2","Singing Bowl","Philosopher\u0027s Stone","Anchor","Du-Vu Doll","Bottled Lightning","Frozen Eye","Bag of Preparation","Potion Belt","The Courier"],"potions_floor_usage":[6,6,13,13,14,16,24,24,27],"damage_taken":[{"damage":4,"enemies":"Small Slimes","floor":1,"turns":3},{"damage":1,"enemies":"Jaw Worm","floor":4,"turns":5},{"damage":25,"enemies":"3 Sentries","floor":6,"turns":12},{"damage":0,"enemies":"2 Louse","floor":7,"turns":2},{"damage":0,"enemies":"Large Slime","floor":8,"turns":6},{"damage":16,"enemies":"Exordium Wildlife","floor":11,"turns":6},{"damage":40,"enemies":"Lagavulin","floor":13,"turns":8},{"damage":7,"enemies":"Exordium Thugs","floor":14,"turns":6},{"damage":16,"enemies":"The Guardian","floor":16,"turns":9},{"damage":31,"enemies":"Spheric Guardian","floor":18,"turns":5},{"damage":16,"enemies":"Colosseum Slavers","floor":20,"turns":6},{"damage":23,"enemies":"Colosseum Nobs","floor":20,"turns":5},{"damage":28,"enemies":"Book of Stabbing","floor":24,"turns":3},{"damage":3,"enemies":"2 Thieves","floor":27,"turns":4},{"damage":5,"enemies":"Snake Plant","floor":30,"turns":6},{"damage":5,"enemies":"3 Cultists","floor":31,"turns":5},{"damage":48,"enemies":"Collector","floor":33,"turns":6}],"seed_played":"2059028380969967307","potions_obtained":[{"floor":1,"key":"Swift Potion"},{"floor":4,"key":"SpeedPotion"},{"floor":7,"key":"Swift Potion"},{"floor":11,"key":"SteroidPotion"},{"floor":13,"key":"Weak Potion"},{"floor":14,"key":"Explosive Potion"},{"floor":20,"key":"FearPotion"},{"floor":24,"key":"AttackPotion"}],"is_trial":false,"path_per_floor":["M","?","?","M","?","E","M","M","T","R","M","R","E","M","R","B",null,"M","?","?","?","$","R","E","?","T","M","R","$","M","M","R","B"],"character_chosen":"IRONCLAD","items_purchased":["Frozen Eye","Bag of Preparation","Pommel Strike","SteroidPotion","Metallicize+1"],"campfire_rested":2,"item_purchase_floors":[22,22,22,22,29],"current_hp_per_floor":[72,65,58,63,63,44,50,60,60,60,54,54,24,23,44,38,64,43,43,22,16,16,37,21,21,21,30,30,30,37,39,39,0],"gold":38,"neow_bonus":"ONE_RARE_RELIC","is_prod":false,"is_daily":false,"chose_seed":false,"campfire_upgraded":4,"win_rate":0,"timestamp":1558009122,"path_taken":["M","?","?","M","?","E","M","?","T","R","M","R","E","M","R","BOSS","M","?","?","?","$","R","E","?","T","?","R","$","M","M","R","BOSS"],"build_version":"2019-01-23","purchased_purges":0,"victory":false,"max_hp_per_floor":[72,72,72,72,72,72,72,72,72,72,72,72,72,72,72,72,72,72,72,72,72,72,72,74,37,37,39,39,39,39,39,39,39],"card_choices":[{"not_picked":["Rage","Twin Strike"],"picked":"Battle Trance","floor":1},{"not_picked":["Corruption","Reckless Charge"],"picked":"Shrug It Off","floor":4},{"not_picked":["Disarm","Iron Wave"],"picked":"Berserk","floor":6},{"not_picked":["Warcry","Fire Breathing"],"picked":"Evolve","floor":7},{"not_picked":["Entrench","True Grit"],"picked":"Flame Barrier","floor":8},{"not_picked":["Twin Strike","Combust+1"],"picked":"Spot Weakness","floor":11},{"not_picked":["Iron Wave","Twin Strike"],"picked":"Cleave","floor":13},{"not_picked":["Dual Wield","True Grit"],"picked":"Iron Wave","floor":14},{"not_picked":["Havoc","Clothesline"],"picked":"Rampage","floor":15},{"not_picked":["Double Tap","Fiend Fire"],"picked":"Brutality+1","floor":16},{"not_picked":["Sword Boomerang","Pommel Strike"],"picked":"Power Through","floor":18},{"not_picked":["Cleave","Disarm"],"picked":"Headbutt","floor":20},{"not_picked":["Havoc","Armaments"],"picked":"Wild Strike","floor":23},{"not_picked":["Whirlwind","Flame Barrier","Headbutt+1"],"picked":"Singing Bowl","floor":24},{"not_picked":["Iron Wave","Sword Boomerang+1","Headbutt"],"picked":"Singing Bowl","floor":27},{"not_picked":["Anger","Reckless Charge"],"picked":"Body Slam+1","floor":30},{"not_picked":["Whirlwind+1","Dark Embrace+1"],"picked":"Intimidate+1","floor":31}],"player_experience":626012,"relics_obtained":[{"floor":6,"key":"Bird Faced Urn"},{"floor":9,"key":"Frozen Egg 2"},{"floor":13,"key":"Singing Bowl"},{"floor":20,"key":"Du-Vu Doll"},{"floor":20,"key":"Bottled Lightning"},{"floor":24,"key":"Potion Belt"},{"floor":26,"key":"The Courier"}],"event_choices":[{"damage_healed":0,"gold_gain":0,"player_choice":"Success","damage_taken":7,"relics_obtained":["Dream Catcher"],"max_hp_gain":0,"max_hp_loss":0,"event_name":"Scrap Ooze","floor":2,"gold_loss":0},{"cards_removed":["Strike_R"],"damage_healed":0,"gold_gain":0,"player_choice":"Card Removal","damage_taken":7,"max_hp_gain":0,"max_hp_loss":0,"event_name":"Golden Wing","floor":3,"gold_loss":0},{"damage_healed":0,"gold_gain":0,"cards_transformed":["Strike_R"],"player_choice":"Change","damage_taken":0,"max_hp_gain":0,"max_hp_loss":0,"event_name":"Living Wall","floor":5,"gold_loss":0,"cards_obtained":["Heavy Blade"]},{"damage_healed":0,"gold_gain":0,"player_choice":"Opened","damage_taken":0,"relics_obtained":["Anchor"],"max_hp_gain":0,"max_hp_loss":0,"event_name":"The Mausoleum","floor":19,"gold_loss":0},{"damage_healed":0,"gold_gain":0,"player_choice":"Fight","damage_taken":0,"max_hp_gain":0,"max_hp_loss":0,"event_name":"Colosseum","floor":20,"gold_loss":0},{"damage_healed":0,"gold_gain":0,"player_choice":"Fought Nobs","damage_taken":0,"max_hp_gain":0,"max_hp_loss":0,"event_name":"Colosseum","floor":20,"gold_loss":0},{"damage_healed":0,"gold_gain":0,"player_choice":"Joined the Cult","damage_taken":6,"max_hp_gain":0,"max_hp_loss":0,"event_name":"Nest","floor":21,"gold_loss":0,"cards_obtained":["RitualDagger"]},{"damage_healed":0,"gold_gain":0,"player_choice":"Became a Ghost","damage_taken":0,"max_hp_gain":0,"max_hp_loss":37,"event_name":"Ghosts","floor":25,"gold_loss":0,"cards_obtained":["Ghostly","Ghostly","Ghostly","Ghostly","Ghostly"]}],"is_beta":false,"boss_relics":[{"not_picked":["Velvet Choker","Tiny House"],"picked":"Philosopher\u0027s Stone"}],"items_purged_floors":[],"is_endless":false,"potions_floor_spawned":[1,4,7,11,13,14,20,24],"killed_by":"Collector","ascension_level":5}