{"gold_per_floor":[109,109,109,89,99,99,119,154,177,191,205,221,146,160,160,256,256,266,289,307,319,319,319,345,345,369,369],"floor_reached":27,"playtime":934,"items_purged":["Strike_R"],"score":376,"play_id":"a6ba2a74-7d83-4824-9426-c72c9d8fe15f","local_time":"20181202183300","is_ascension_mode":true,"campfire_choices":[{"data":"Rampage","floor":6,"key":"SMITH"},{"data":"Demon Form","floor":15,"key":"SMITH"},{"floor":23,"key":"REST"},{"data":"Dropkick","floor":25,"key":"SMITH"}],"neow_cost":"TEN_PERCENT_HP_LOSS","seed_source_timestamp":157236469613256,"circlet_count":0,"master_deck":["AscendersBane","Strike_R","Defend_R","Defend_R","Defend_R","Defend_R","Bash","Rampage+1","Battle Trance","Demon Form+1","Purity","Dropkick+1"],"relics":["Burning Blood","Ancient Tea Set","PreservedInsect","Sozu","Blood Vial","FossilizedHelix","Pen Nib"],"potions_floor_usage":[5,8,12,16],"damage_taken":[{"damage":2,"enemies":"2 Louse","floor":1,"turns":5},{"damage":2,"enemies":"Jaw Worm","floor":5,"turns":3},{"damage":0,"enemies":"Cultist","floor":7,"turns":2},{"damage":22,"enemies":"Gremlin Nob","floor":8,"turns":4},{"damage":0,"enemies":"Large Slime","floor":10,"turns":4},{"damage":7,"enemies":"Red Slaver","floor":11,"turns":4},{"damage":20,"enemies":"Gremlin Gang","floor":12,"turns":6},{"damage":10,"enemies":"3 Louse","floor":14,"turns":6},{"damage":38,"enemies":"Hexaghost","floor":16,"turns":6},{"damage":24,"enemies":"2 Thieves","floor":18,"turns":4},{"damage":2,"enemies":"Chosen","floor":20,"turns":4},{"damage":18,"enemies":"Centurion and Healer","floor":21,"turns":4},{"damage":37,"enemies":"Gremlin Leader","floor":24,"turns":4},{"damage":27,"enemies":"Sentry and Sphere","floor":27,"turns":5}],"seed_played":"-2584444411718827549","potions_obtained":[{"floor":1,"key":"Strength Potion"},{"floor":4,"key":"SteroidPotion"},{"floor":7,"key":"GamblersBrew"},{"floor":8,"key":"PowerPotion"},{"floor":10,"key":"FearPotion"}],"is_trial":false,"path_per_floor":["M","?","?","?","M","R","M","E","T","M","M","M","$","M","R","B",null,"M","T","M","M","?","R","E","R","T","M"],"character_chosen":"IRONCLAD","items_purchased":[],"campfire_rested":1,"item_purchase_floors":[],"current_hp_per_floor":[72,77,70,70,74,74,77,61,61,67,66,52,52,48,48,16,62,44,44,50,40,26,49,20,20,20,0],"gold":369,"neow_bonus":"REMOVE_TWO","is_prod":false,"is_daily":false,"chose_seed":false,"campfire_upgraded":3,"win_rate":0,"timestamp":1543793580,"path_taken":["M","?","?","?","M","R","M","E","T","M","M","M","$","M","R","BOSS","M","?","M","M","?","R","E","R","T","?"],"build_version":"2018-11-15","purchased_purges":1,"victory":false,"max_hp_per_floor":[72,77,77,77,77,77,77,77,77,77,77,77,77,77,77,77,77,77,77,77,77,77,77,77,77,77,77],"card_choices":[{"not_picked":["Warcry","True Grit"],"picked":"Rampage","floor":1},{"not_picked":["Armaments","Shockwave","Blood for Blood"],"picked":"SKIP","floor":5},{"not_picked":["Twin Strike","Perfected Strike","Body Slam"],"picked":"SKIP","floor":7},{"not_picked":["Warcry","Perfected Strike"],"picked":"Battle Trance","floor":8},{"not_picked":["Pommel Strike","Iron Wave","Wild Strike"],"picked":"SKIP","floor":10},{"not_picked":["Battle Trance","Body Slam"],"picked":"Demon Form","floor":11},{"not_picked":["Feel No Pain","Havoc","Perfected Strike"],"picked":"SKIP","floor":12},{"not_picked":["Pommel Strike","Warcry","Reckless Charge"],"picked":"SKIP","floor":14},{"not_picked":["Inflame","Warcry+1","Headbutt"],"picked":"SKIP","floor":18},{"not_picked":["Warcry","Power Through","Dual Wield"],"picked":"SKIP","floor":20},{"not_picked":["Searing Blow","True Grit","Shrug It Off"],"picked":"SKIP","floor":21},{"not_picked":["Rage","Evolve+1"],"picked":"Dropkick","floor":24}],"player_experience":765402,"relics_obtained":[{"floor":8,"key":"Ancient Tea Set"},{"floor":9,"key":"PreservedInsect"},{"floor":19,"key":"Blood Vial"},{"floor":24,"key":"FossilizedHelix"},{"floor":26,"key":"Pen Nib"}],"event_choices":[{"damage_healed":0,"gold_gain":0,"player_choice":"Donut","damage_taken":0,"max_hp_gain":5,"max_hp_loss":0,"event_name":"Big Fish","floor":2,"gold_loss":0},{"cards_removed":["Strike_R"],"damage_healed":0,"gold_gain":0,"player_choice":"Card Removal","damage_taken":7,"max_hp_gain":0,"max_hp_loss":0,"event_name":"Golden Wing","floor":3,"gold_loss":0},{"damage_healed":0,"gold_gain":0,"player_choice":"Bought 1 Potion","damage_taken":0,"max_hp_gain":0,"max_hp_loss":0,"event_name":"The Woman in Blue","floor":4,"gold_loss":0},{"damage_healed":0,"gold_gain":0,"player_choice":"CARD ","damage_taken":14,"max_hp_gain":0,"max_hp_loss":0,"event_name":"Knowing Skull","floor":22,"potions_obtained":[],"gold_loss":0,"cards_obtained":["Purity"]}],"is_beta":false,"boss_relics":[{"not_picked":["Eternal Feather","Snecko Eye"],"picked":"Sozu"}],"items_purged_floors":[13],"is_endless":false,"potions_floor_spawned":[1,7,8,10,20],"killed_by":"Sentry and Sphere","ascension_level":12}