{"gold_per_floor":[117,117,192,38,38,38,68,68,68,83,93,121,23,41,41,137,137,127,138,138,155,155,155,155,155,155,175,194,194,38,49,49,49],"floor_reached":33,"playtime":1313,"items_purged":["Strike_G"],"score":448,"play_id":"e5416a7c-0861-4fb0-b974-4bd5cab5bcff","local_time":"20181209171617","is_ascension_mode":true,"campfire_choices":[{"floor":6,"key":"RECALL"},{"floor":8,"key":"REST"},{"data":"Finisher","floor":15,"key":"SMITH"},{"data":"Die Die Die","floor":23,"key":"SMITH"},{"data":"RitualDagger","floor":25,"key":"SMITH"},{"data":"Cloak And Dagger","floor":29,"key":"SMITH"},{"floor":32,"key":"REST"}],"neow_cost":"NONE","seed_source_timestamp":488862077770843,"circlet_count":0,"master_deck":["AscendersBane","Defend_G","Defend_G","Defend_G+1","Defend_G","Defend_G","Strike_G","Strike_G","Strike_G","Strike_G","Survivor","Neutralize","Underhanded Strike+1","Blur","Tactician","Footwork","Prepared","Sucker Punch","Finisher+1","Die Die Die+1","Cloak And Dagger+1","Masterful Stab","RitualDagger+1","Backstab","Glass Knife"],"relics":["Ring of the Snake","NeowsBlessing","Pen Nib","Bronze Scales","Bird Faced Urn","Strawberry","WristBlade","MutagenicStrength","Bottled Flame","Vajra"],"potions_floor_usage":[12,16,18,27,33,33],"damage_taken":[{"damage":0,"enemies":"Cultist","floor":1,"turns":1},{"damage":0,"enemies":"Lagavulin","floor":7,"turns":1},{"damage":0,"enemies":"Small Slimes","floor":10,"turns":1},{"damage":0,"enemies":"2 Louse","floor":11,"turns":2},{"damage":20,"enemies":"3 Sentries","floor":12,"turns":10},{"damage":0,"enemies":"Looter","floor":14,"turns":3},{"damage":4,"enemies":"The Guardian","floor":16,"turns":14},{"damage":25,"enemies":"2 Thieves","floor":18,"turns":4},{"damage":11,"enemies":"3 Byrds","floor":19,"turns":4},{"damage":11,"enemies":"Snecko","floor":21,"turns":5},{"damage":4,"enemies":"Cultist and Chosen","floor":27,"turns":4},{"damage":6,"enemies":"Chosen and Byrds","floor":28,"turns":4},{"damage":0,"enemies":"Snake Plant","floor":31,"turns":1},{"damage":84,"enemies":"Collector","floor":33,"turns":8}],"seed_played":"-8519559085421893167","potions_obtained":[{"floor":11,"key":"AttackPotion"},{"floor":12,"key":"Regen Potion"},{"floor":14,"key":"Ancient Potion"},{"floor":16,"key":"Swift Potion"},{"floor":19,"key":"Energy Potion"},{"floor":28,"key":"GamblersBrew"}],"is_trial":false,"path_per_floor":["M","?","?","$","?","R","E","R","T","M","M","E","$","M","R","B",null,"M","M","?","M","?","R","?","R","T","M","M","R","$","M","R","B"],"character_chosen":"THE_SILENT","items_purchased":["Pen Nib","Sucker Punch","Vajra"],"campfire_rested":2,"item_purchase_floors":[4,13,30],"current_hp_per_floor":[63,49,38,38,35,35,35,56,56,56,56,45,45,47,47,60,73,50,41,66,55,55,55,49,49,49,47,43,43,43,43,66,0],"gold":49,"neow_bonus":"THREE_ENEMY_KILL","is_prod":false,"is_daily":false,"chose_seed":false,"campfire_upgraded":4,"win_rate":0,"timestamp":1544393777,"path_taken":["M","?","?","$","?","R","E","R","T","M","M","E","$","M","R","BOSS","M","M","?","M","?","R","?","R","T","M","M","R","$","M","R","BOSS"],"build_version":"2018-12-06","purchased_purges":1,"victory":false,"max_hp_per_floor":[70,70,70,70,70,70,70,70,70,70,70,77,77,77,77,77,77,77,77,77,77,77,77,77,77,77,77,77,77,77,77,77,77],"card_choices":[{"not_picked":["Flying Knee","Acrobatics"],"picked":"Underhanded Strike","floor":1},{"not_picked":["Noxious Fumes","Bouncing Flask"],"picked":"Blur","floor":7},{"not_picked":["Backstab","Backflip"],"picked":"Tactician","floor":10},{"not_picked":["Prepared","Dagger Spray"],"picked":"Footwork","floor":11},{"not_picked":["A Thousand Cuts","Blade Dance"],"picked":"Prepared","floor":12},{"not_picked":["Dagger Spray","Bane"],"picked":"Finisher","floor":14},{"not_picked":["Storm of Steel","Envenom"],"picked":"Die Die Die","floor":16},{"not_picked":["Outmaneuver","Poisoned Stab+1"],"picked":"Cloak And Dagger","floor":18},{"not_picked":["Calculated Gamble","Underhanded Strike"],"picked":"Masterful Stab","floor":19},{"not_picked":["Dash","Quick Slash","Prepared+1"],"picked":"SKIP","floor":21},{"not_picked":["Predator","Deflect"],"picked":"Backstab","floor":27},{"not_picked":["Deflect","Acrobatics"],"picked":"Glass Knife","floor":28},{"not_picked":["Eviscerate","Sucker Punch+1","Deflect"],"picked":"SKIP","floor":31}],"player_experience":842264,"relics_obtained":[{"floor":7,"key":"Bird Faced Urn"},{"floor":12,"key":"Strawberry"},{"floor":26,"key":"Bottled Flame"}],"event_choices":[{"damage_healed":0,"gold_gain":0,"player_choice":"Entered Light","damage_taken":14,"max_hp_gain":0,"max_hp_loss":0,"event_name":"Shining Light","floor":2,"gold_loss":0,"cards_upgraded":["Defend_G","Underhanded Strike"]},{"damage_healed":0,"gold_gain":75,"player_choice":"Gather Gold","damage_taken":11,"max_hp_gain":0,"max_hp_loss":0,"event_name":"World of Goop","floor":3,"gold_loss":0},{"damage_healed":0,"gold_gain":0,"player_choice":"Success","damage_taken":3,"relics_obtained":["Bronze Scales"],"max_hp_gain":0,"max_hp_loss":0,"event_name":"Scrap Ooze","floor":5,"gold_loss":0},{"damage_healed":25,"gold_gain":0,"player_choice":"Heal","damage_taken":0,"max_hp_gain":0,"max_hp_loss":0,"event_name":"The Library","floor":20,"gold_loss":0},{"damage_healed":0,"gold_gain":0,"player_choice":"Inject Mutagens","damage_taken":0,"relics_obtained":["MutagenicStrength"],"max_hp_gain":0,"max_hp_loss":0,"event_name":"Drug Dealer","floor":22,"gold_loss":0},{"damage_healed":0,"gold_gain":0,"player_choice":"Joined the Cult","damage_taken":6,"max_hp_gain":0,"max_hp_loss":0,"event_name":"Nest","floor":24,"gold_loss":0,"cards_obtained":["RitualDagger"]}],"is_beta":false,"boss_relics":[{"not_picked":["HoveringKite","Runic Pyramid"],"picked":"WristBlade"}],"items_purged_floors":[13],"is_endless":false,"potions_floor_spawned":[11,12,14,16,19,28],"killed_by":"Collector","ascension_level":12}