{"gold_per_floor":[10,21,38,38,38,38,38,38,38,73,86,86,86,106,106,209,209,224,244,169,169,188,188,200,200],"floor_reached":25,"playtime":1161,"items_purged":["Strike_B"],"score":264,"play_id":"2f7ff484-d054-4bf9-be79-c57ce4898fe7","local_time":"20190721214027","is_ascension_mode":true,"campfire_choices":[{"data":"Zap","floor":6,"key":"SMITH"},{"data":"Dualcast","floor":8,"key":"SMITH"},{"data":"Coolheaded","floor":13,"key":"SMITH"},{"data":"Hologram","floor":15,"key":"SMITH"},{"floor":23,"key":"REST"}],"neow_cost":"NO_GOLD","seed_source_timestamp":107701326064145,"circlet_count":0,"master_deck":["Strike_B","Strike_B","Defend_B","Defend_B","Defend_B","Defend_B","Zap+1","Dualcast+1","Coolheaded+1","Barrage","Cold Snap","Hologram+1","Biased Cognition","Loop"],"relics":["Cracked Core","Pocketwatch","Question Card","Blood Vial","Velvet Choker"],"potions_floor_usage":[10,16,19,24],"damage_taken":[{"damage":0,"enemies":"Small Slimes","floor":1,"turns":2},{"damage":5,"enemies":"Jaw Worm","floor":2,"turns":3},{"damage":0,"enemies":"Cultist","floor":3,"turns":3},{"damage":9,"enemies":"3 Sentries","floor":10,"turns":6},{"damage":4,"enemies":"Looter","floor":11,"turns":2},{"damage":5,"enemies":"3 Louse","floor":14,"turns":2},{"damage":16,"enemies":"The Guardian","floor":16,"turns":9},{"damage":4,"enemies":"3 Byrds","floor":18,"turns":5},{"damage":9,"enemies":"Shell Parasite","floor":19,"turns":4},{"damage":32,"enemies":"Shelled Parasite and Fungi","floor":22,"turns":6},{"damage":15,"enemies":"Snake Plant","floor":24,"turns":4},{"damage":28,"enemies":"Centurion and Healer","floor":25,"turns":4}],"seed_played":"9084310151667452007","potions_obtained":[{"floor":1,"key":"Fire Potion"},{"floor":11,"key":"AttackPotion"},{"floor":12,"key":"Explosive Potion"},{"floor":12,"key":"PowerPotion"},{"floor":16,"key":"SpeedPotion"},{"floor":19,"key":"PowerPotion"}],"is_trial":false,"path_per_floor":["M","M","M","$","?","R","?","R","T","E","M","?","R","M","R","B",null,"M","M","$","?","M","R","M","M"],"character_chosen":"DEFECT","items_purchased":[],"campfire_rested":1,"item_purchase_floors":[],"current_hp_per_floor":[68,63,63,63,63,63,63,63,63,54,52,52,52,49,49,35,65,63,56,56,56,26,48,35,9],"gold":200,"neow_bonus":"ONE_RARE_RELIC","is_prod":false,"is_daily":false,"chose_seed":false,"campfire_upgraded":4,"win_rate":0,"timestamp":1563738027,"path_taken":["M","M","M","$","?","R","?","R","T","E","M","?","R","M","R","BOSS","M","?","$","?","M","R","M","M"],"build_version":"2019-07-17","purchased_purges":1,"victory":false,"max_hp_per_floor":[75,75,75,75,75,75,75,75,75,75,75,75,75,75,75,75,75,75,75,75,75,75,75,75,75],"card_choices":[{"not_picked":["Sunder","Loop"],"picked":"Coolheaded","floor":1},{"not_picked":["Gash","Coolheaded"],"picked":"Barrage","floor":2},{"not_picked":["Conserve Battery","Streamline"],"picked":"Cold Snap","floor":3},{"not_picked":["Gash","Coolheaded","Chaos","Rainbow"],"picked":"SKIP","floor":10},{"not_picked":["Go for the Eyes","Steam","Beam Cell","Rip and Tear"],"picked":"SKIP","floor":11},{"not_picked":["Beam Cell","Compile Driver","Go for the Eyes"],"picked":"Hologram","floor":14},{"not_picked":["Rainbow","Creative AI","Fission"],"picked":"Biased Cognition","floor":16},{"not_picked":["Melter","Sweeping Beam","Streamline+1"],"picked":"Loop","floor":18},{"not_picked":["Steam","Reprogram","Streamline","Steam Power"],"picked":"SKIP","floor":19},{"not_picked":["Redo","Force Field+1","Sweeping Beam","Aggregate"],"picked":"SKIP","floor":22},{"not_picked":["Turbo+1","Skim","Ball Lightning+1","Gash"],"picked":"SKIP","floor":24}],"player_experience":69544,"relics_obtained":[{"floor":9,"key":"Question Card"},{"floor":10,"key":"Blood Vial"}],"event_choices":[{"cards_removed":["Strike_B"],"damage_healed":0,"gold_gain":0,"player_choice":"Forget","damage_taken":0,"max_hp_gain":0,"max_hp_loss":0,"event_name":"Living Wall","floor":5,"gold_loss":0},{"damage_healed":0,"gold_gain":0,"player_choice":"Leave","damage_taken":0,"max_hp_gain":0,"max_hp_loss":0,"event_name":"The Cleric","floor":7,"gold_loss":0},{"damage_healed":0,"gold_gain":0,"player_choice":"Got Potions","damage_taken":0,"max_hp_gain":0,"max_hp_loss":0,"event_name":"Lab","floor":12,"gold_loss":0},{"damage_healed":0,"gold_gain":0,"player_choice":"Ignored","damage_taken":0,"max_hp_gain":0,"max_hp_loss":0,"event_name":"Cursed Tome","floor":21,"gold_loss":0}],"is_beta":false,"boss_relics":[{"not_picked":["Ectoplasm","Tiny House"],"picked":"Velvet Choker"}],"items_purged_floors":[20],"is_endless":false,"potions_floor_spawned":[1,11,16,19],"killed_by":"Centurion and Healer","ascension_level":6}