{"gold_per_floor":[118,118,135,135,151,194,194,194,194,194,212,212,212,237,237,357,357,376,389,389,389,410,410,435,435,435,453,453],"floor_reached":28,"playtime":1577,"items_purged":[],"score":264,"play_id":"ec8a8c06-611e-40e5-ab40-69d9bc5bfc23","local_time":"20190910003518","is_ascension_mode":true,"campfire_choices":[{"floor":8,"key":"REST"},{"floor":10,"key":"REST"},{"floor":12,"key":"RECALL"},{"floor":15,"key":"REST"},{"floor":23,"key":"REST"}],"neow_cost":"NONE","seed_source_timestamp":481331617110700,"circlet_count":0,"master_deck":["Zap","Dualcast","Gash","FTL","Barrage","Defragment","Cold Snap","Heatsinks","Core Surge","Coolheaded","Auto Shields","Defragment","Buffer","Meteor Strike","Blizzard","Core Surge","Recycle","Cold Snap","White Noise","Go for the Eyes+1","Darkness+1","Capacitor"],"relics":["Cracked Core","Lantern","Golden Idol","Ice Cream","Emotion Chip","Pandora\u0027s Box","Enchiridion"],"potions_floor_usage":[16,19,27,28],"damage_taken":[{"damage":0,"enemies":"Small Slimes","floor":1,"turns":2},{"damage":2,"enemies":"Jaw Worm","floor":3,"turns":3},{"damage":0,"enemies":"2 Louse","floor":5,"turns":2},{"damage":37,"enemies":"Gremlin Nob","floor":6,"turns":4},{"damage":3,"enemies":"Blue Slaver","floor":11,"turns":2},{"damage":10,"enemies":"2 Fungi Beasts","floor":14,"turns":3},{"damage":30,"enemies":"The Guardian","floor":16,"turns":11},{"damage":0,"enemies":"Spheric Guardian","floor":18,"turns":3},{"damage":6,"enemies":"Shell Parasite","floor":19,"turns":6},{"damage":47,"enemies":"3 Cultists","floor":22,"turns":6},{"damage":25,"enemies":"Snake Plant","floor":24,"turns":6},{"damage":0,"enemies":"Shelled Parasite and Fungi","floor":27,"turns":7},{"damage":10,"enemies":"3 Cultists","floor":28,"turns":3}],"seed_played":"-9142480259124162651","potions_obtained":[{"floor":1,"key":"Dexterity Potion"},{"floor":14,"key":"Poison Potion"},{"floor":16,"key":"Block Potion"},{"floor":18,"key":"SneckoOil"},{"floor":22,"key":"GamblersBrew"}],"is_trial":false,"path_per_floor":["M","?","M","?","M","E","?","R","T","R","M","R","?","M","R","B",null,"M","M","?","?","M","R","M","?","T","M","M"],"character_chosen":"DEFECT","items_purchased":[],"campfire_rested":4,"item_purchase_floors":[],"current_hp_per_floor":[75,75,73,55,55,18,18,40,40,62,59,59,64,54,78,48,80,80,74,74,74,27,51,26,10,10,10,0],"gold":453,"neow_bonus":"RANDOM_COMMON_RELIC","is_prod":false,"is_daily":false,"chose_seed":false,"campfire_upgraded":0,"win_rate":0,"timestamp":1568093718,"path_taken":["M","?","M","?","M","E","?","R","T","R","?","R","?","M","R","BOSS","M","M","?","?","M","R","M","?","T","M","M"],"build_version":"2019-07-17","purchased_purges":0,"victory":false,"max_hp_per_floor":[75,75,75,75,75,75,75,75,75,75,75,75,80,80,80,80,80,80,80,80,80,80,80,80,80,80,80,80],"card_choices":[{"not_picked":["Steam Power","Scrape"],"picked":"Gash","floor":1},{"not_picked":["Streamline","Rebound"],"picked":"FTL","floor":3},{"not_picked":["Leap","Sunder"],"picked":"Barrage","floor":5},{"not_picked":["Core Surge","Blizzard"],"picked":"Defragment","floor":6},{"not_picked":["Leap","Ball Lightning"],"picked":"Cold Snap","floor":11},{"not_picked":["FTL","Coolheaded"],"picked":"Heatsinks","floor":14},{"not_picked":["Creative AI","Machine Learning"],"picked":"Core Surge","floor":16},{"not_picked":["Barrage","Conserve Battery"],"picked":"Cold Snap","floor":18},{"not_picked":["Double Energy","Go for the Eyes"],"picked":"White Noise","floor":19},{"not_picked":["Conserve Battery+1","Sweeping Beam"],"picked":"Go for the Eyes+1","floor":22},{"not_picked":["Recycle","Barrage"],"picked":"Darkness+1","floor":24},{"not_picked":["Leap","FTL"],"picked":"Capacitor","floor":27}],"player_experience":320799,"relics_obtained":[{"floor":6,"key":"Ice Cream"},{"floor":9,"key":"Emotion Chip"},{"floor":25,"key":"Enchiridion"}],"event_choices":[{"damage_healed":0,"gold_gain":0,"player_choice":"Leave","damage_taken":0,"max_hp_gain":0,"max_hp_loss":0,"event_name":"The Cleric","floor":2,"gold_loss":0},{"damage_healed":0,"gold_gain":0,"player_choice":"Take Damage","damage_taken":18,"relics_obtained":["Golden Idol"],"max_hp_gain":0,"max_hp_loss":0,"event_name":"Golden Idol","floor":4,"gold_loss":0},{"damage_healed":0,"gold_gain":0,"player_choice":"Ignored","damage_taken":0,"max_hp_gain":0,"max_hp_loss":0,"event_name":"Golden Wing","floor":7,"gold_loss":0},{"damage_healed":0,"gold_gain":0,"player_choice":"Donut","damage_taken":0,"max_hp_gain":5,"max_hp_loss":0,"event_name":"Big Fish","floor":13,"gold_loss":0},{"damage_healed":0,"gold_gain":0,"player_choice":"Ignored","damage_taken":0,"max_hp_gain":0,"max_hp_loss":0,"event_name":"Beggar","floor":20,"gold_loss":0},{"damage_healed":0,"gold_gain":0,"player_choice":"Ignored","damage_taken":0,"max_hp_gain":0,"max_hp_loss":0,"event_name":"Ghosts","floor":21,"gold_loss":0},{"damage_healed":0,"gold_gain":0,"player_choice":"Obtained Book","damage_taken":16,"max_hp_gain":0,"max_hp_loss":0,"event_name":"Cursed Tome","floor":25,"gold_loss":0}],"is_beta":false,"boss_relics":[{"not_picked":["Lizard Tail","Runic Dome"],"picked":"Pandora\u0027s Box"}],"items_purged_floors":[],"is_endless":false,"potions_floor_spawned":[1,14,16,18,22,24],"killed_by":"3 Cultists","ascension_level":4}