{"gold_per_floor":[113,113,113,126,86,86,117,32,32,32,32,46,60,77,77,154,154,143,193,207,207,222,222,222],"floor_reached":24,"playtime":936,"items_purged":[],"score":398,"play_id":"87c1dabc-8e27-4715-b9da-f2ac46fd8db9","local_time":"20190808060456","is_ascension_mode":true,"campfire_choices":[{"data":"Zap","floor":6,"key":"SMITH"},{"data":"White Noise","floor":11,"key":"SMITH"},{"data":"Dualcast","floor":15,"key":"SMITH"},{"floor":23,"key":"REST"}],"neow_cost":"NONE","seed_source_timestamp":91723005558212,"circlet_count":0,"master_deck":["AscendersBane","Strike_B","Strike_B","Strike_B","Defend_B","Defend_B","Defend_B","Defend_B","Zap+1","Dualcast+1","Gash","Loop","Cold Snap","White Noise+1","Melter","All For One","Decay","Undo","Cold Snap","Biased Cognition","Echo Form","Beam Cell","Turbo","Hologram"],"relics":["Cracked Core","NeowsBlessing","Dodecahedron","Incense Burner","Eternal Feather"],"potions_floor_usage":[14,18,22],"damage_taken":[{"damage":0,"enemies":"Small Slimes","floor":1,"turns":1},{"damage":0,"enemies":"Cultist","floor":4,"turns":1},{"damage":0,"enemies":"Lagavulin","floor":7,"turns":3},{"damage":3,"enemies":"Jaw Worm","floor":12,"turns":3},{"damage":6,"enemies":"Red Slaver","floor":13,"turns":3},{"damage":6,"enemies":"Lots of Slimes","floor":14,"turns":2},{"damage":33,"enemies":"Hexaghost","floor":16,"turns":12},{"damage":27,"enemies":"2 Thieves","floor":18,"turns":4},{"damage":3,"enemies":"Spheric Guardian","floor":20,"turns":3},{"damage":16,"enemies":"3 Cultists","floor":22,"turns":7},{"damage":58,"enemies":"Cultist and Chosen","floor":24,"turns":6}],"seed_played":"-7035593542096685649","potions_obtained":[{"floor":4,"key":"EssenceOfSteel"},{"floor":7,"key":"Explosive Potion"},{"floor":14,"key":"Explosive Potion"},{"floor":18,"key":"SteroidPotion"},{"floor":20,"key":"SkillPotion"}],"is_trial":false,"path_per_floor":["M","?","?","M","$","R","E","$","T","?","R","M","M","M","R","B",null,"M","?","M","?","M","R","M"],"character_chosen":"DEFECT","items_purchased":["White Noise","All For One"],"campfire_rested":1,"item_purchase_floors":[5,8],"current_hp_per_floor":[64,69,69,69,69,69,69,69,69,69,69,66,60,54,54,21,62,35,28,25,40,24,58,0],"gold":222,"neow_bonus":"THREE_ENEMY_KILL","is_prod":false,"is_daily":false,"chose_seed":false,"campfire_upgraded":3,"win_rate":0,"timestamp":1565208296,"path_taken":["M","?","?","?","$","R","E","$","T","?","R","M","?","?","R","BOSS","M","?","?","?","M","R","M"],"build_version":"2019-07-17","purchased_purges":0,"victory":false,"max_hp_per_floor":[71,76,76,76,76,76,76,76,76,76,76,76,76,76,76,76,76,76,76,76,76,76,76,76],"card_choices":[{"not_picked":["Beam Cell","Stack"],"picked":"Gash","floor":1},{"not_picked":["FTL","Turbo"],"picked":"Cold Snap","floor":4},{"not_picked":["Leap","Conserve Battery"],"picked":"Melter","floor":7},{"not_picked":["Recycle","Stack"],"picked":"Undo","floor":12},{"not_picked":["Leap","Undo"],"picked":"Cold Snap","floor":13},{"not_picked":["Cold Snap","Beam Cell"],"picked":"Biased Cognition","floor":14},{"not_picked":["Thunder Strike","Reboot"],"picked":"Echo Form","floor":16},{"not_picked":["Darkness","Reprogram"],"picked":"Beam Cell","floor":18},{"not_picked":["Reinforced Body","Steam"],"picked":"Turbo","floor":20},{"not_picked":["Gash","Sweeping Beam"],"picked":"Hologram","floor":22}],"player_experience":1169739,"relics_obtained":[{"floor":7,"key":"Dodecahedron"},{"floor":9,"key":"Incense Burner"}],"event_choices":[{"damage_healed":0,"gold_gain":0,"player_choice":"Donut","damage_taken":0,"max_hp_gain":5,"max_hp_loss":0,"event_name":"Big Fish","floor":2,"gold_loss":0},{"damage_healed":0,"gold_gain":0,"cards_transformed":["Strike_B"],"player_choice":"Transformed","damage_taken":0,"max_hp_gain":0,"max_hp_loss":0,"event_name":"Transmorgrifier","floor":3,"gold_loss":0,"cards_obtained":["Loop"]},{"damage_healed":0,"gold_gain":0,"player_choice":"Cursed","damage_taken":0,"max_hp_gain":0,"max_hp_loss":0,"event_name":"Wheel of Change","floor":10,"gold_loss":0,"cards_obtained":["Decay"]},{"damage_healed":0,"gold_gain":50,"player_choice":"Touch","damage_taken":7,"max_hp_gain":0,"max_hp_loss":0,"event_name":"FaceTrader","floor":19,"gold_loss":0},{"damage_healed":15,"gold_gain":0,"player_choice":"Heal","damage_taken":0,"max_hp_gain":0,"max_hp_loss":0,"event_name":"The Library","floor":21,"gold_loss":0}],"is_beta":false,"boss_relics":[{"not_picked":["Coffee Dripper","Black Star"],"picked":"Eternal Feather"}],"items_purged_floors":[],"is_endless":false,"potions_floor_spawned":[4,7,12,14,18,20],"killed_by":"Cultist and Chosen","ascension_level":16}