{"gold_per_floor":[114,189,189,209,225,256,272,290,290,310,113,124,135,135,135,259,259,282,61,80,94,114,114,132,165,165,178,178,193,207,207,207,331,331,344,444,460,198,213,213,252,252,252,272,272,288,44,44,44,44,44,44,44,79,79],"floor_reached":55,"playtime":3782,"items_purged":["Injury"],"score":854,"play_id":"ff97799b-2ea0-488b-aeee-915d3b1e611a","local_time":"20190909140547","is_ascension_mode":true,"campfire_choices":[{"floor":15,"key":"REST"},{"floor":23,"key":"REST"},{"floor":32,"key":"RECALL"},{"data":"Fiend Fire","floor":40,"key":"SMITH"},{"floor":42,"key":"REST"},{"floor":45,"key":"REST"},{"floor":49,"key":"REST"},{"data":"Corruption","floor":52,"key":"SMITH"}],"neow_cost":"NONE","seed_source_timestamp":441327234395800,"circlet_count":0,"master_deck":["Strike_R","Strike_R","Strike_R","Defend_R","Defend_R","Defend_R","Bash","Shockwave","Shrug It Off","Battle Trance","Seeing Red","Fiend Fire+1","Perfected Strike","Havoc","Havoc","Perfected Strike","Reaper","Pommel Strike","Perfected Strike","Sword Boomerang+1","Flame Barrier+1","Battle Trance","Disarm","Rage+1","Seeing Red+1","Shockwave","Intimidate","Juggernaut","Evolve","Shockwave","Demon Form","Ghostly Armor+1","Shockwave+1","Headbutt+1","Shrug It Off","Clothesline","Exhume","Corruption+1","Shrug It Off+1","Battle Trance+1","Havoc+1","Disarm+1","Dropkick+1"],"relics":["Burning Blood","Dodecahedron","Brimstone","Golden Idol","Runic Pyramid","Red Skull","Prayer Wheel","Anchor","Runic Dome","Ornamental Fan","Self Forming Clay","Paper Frog","Pear","Bag of Marbles"],"potions_floor_usage":[6,12,13,16,20,33,41,44,50,50,55],"damage_taken":[{"damage":10,"enemies":"Cultist","floor":1,"turns":5},{"damage":12,"enemies":"Small Slimes","floor":4,"turns":5},{"damage":0,"enemies":"2 Louse","floor":5,"turns":4},{"damage":21,"enemies":"Gremlin Nob","floor":6,"turns":4},{"damage":6,"enemies":"Looter","floor":7,"turns":4},{"damage":10,"enemies":"Blue Slaver","floor":8,"turns":4},{"damage":0,"enemies":"2 Fungi Beasts","floor":10,"turns":3},{"damage":9,"enemies":"Exordium Thugs","floor":12,"turns":2},{"damage":17,"enemies":"Lots of Slimes","floor":13,"turns":4},{"damage":58,"enemies":"The Guardian","floor":16,"turns":8},{"damage":10,"enemies":"Chosen","floor":18,"turns":3},{"damage":78,"enemies":"3 Byrds","floor":20,"turns":4},{"damage":10,"enemies":"Centurion and Healer","floor":21,"turns":3},{"damage":0,"enemies":"Snecko","floor":22,"turns":2},{"damage":17,"enemies":"Snake Plant","floor":24,"turns":2},{"damage":27,"enemies":"Gremlin Leader","floor":25,"turns":3},{"damage":25,"enemies":"Centurion and Healer","floor":27,"turns":5},{"damage":0,"enemies":"Snecko","floor":29,"turns":2},{"damage":2,"enemies":"3 Cultists","floor":30,"turns":3},{"damage":67,"enemies":"Automaton","floor":33,"turns":8},{"damage":31,"enemies":"3 Shapes","floor":35,"turns":5},{"damage":12,"enemies":"Orb Walker","floor":37,"turns":4},{"damage":2,"enemies":"4 Shapes","floor":39,"turns":4},{"damage":66,"enemies":"Reptomancer","floor":41,"turns":5},{"damage":7,"enemies":"Jaw Worm Horde","floor":44,"turns":3},{"damage":50,"enemies":"Writhing Mass","floor":46,"turns":4},{"damage":67,"enemies":"Awakened One","floor":50,"turns":9},{"damage":64,"enemies":"Shield and Spear","floor":54,"turns":4},{"damage":74,"enemies":"The Heart","floor":55,"turns":5}],"seed_played":"-3298674871954830902","potions_obtained":[{"floor":1,"key":"AttackPotion"},{"floor":7,"key":"Explosive Potion"},{"floor":12,"key":"AttackPotion"},{"floor":13,"key":"Regen Potion"},{"floor":16,"key":"Energy Potion"},{"floor":24,"key":"AttackPotion"},{"floor":25,"key":"Swift Potion"},{"floor":29,"key":"SpeedPotion"},{"floor":33,"key":"EssenceOfSteel"},{"floor":41,"key":"Ancient Potion"},{"floor":44,"key":"Explosive Potion"}],"is_trial":false,"path_per_floor":["M","?","?","M","M","E","M","M","T","M","$","M","M","?","R","B",null,"M","$","M","M","M","R","M","E","T","M","?","M","M","?","R","B",null,"M","?","M","$","M","R","E","R","T","M","R","M","$","?","R","B",null,"R","$","E","B"],"character_chosen":"IRONCLAD","items_purchased":["Brimstone","Red Skull","Ornamental Fan","Pear"],"campfire_rested":5,"item_purchase_floors":[11,19,38,47],"current_hp_per_floor":[84,73,73,67,73,58,58,54,54,60,60,57,46,46,72,35,88,84,84,30,26,48,74,63,42,42,45,36,42,84,84,84,23,88,78,78,72,72,76,76,16,42,42,41,67,33,43,43,72,42,98,98,98,40,0],"gold":79,"neow_bonus":"TEN_PERCENT_HP_BONUS","is_prod":false,"is_daily":false,"chose_seed":false,"campfire_upgraded":2,"win_rate":0,"timestamp":1568055947,"path_taken":["M","?","?","M","M","E","M","M","T","?","$","M","?","?","R","BOSS","M","$","M","M","M","R","M","E","T","M","?","M","M","?","R","BOSS","M","?","M","?","?","R","E","R","T","M","R","M","$","?","R","BOSS","R","$","E","BOSS"],"build_version":"2019-07-17","purchased_purges":1,"victory":false,"max_hp_per_floor":[88,88,88,88,88,88,88,88,88,88,88,88,88,88,88,88,88,88,88,88,88,88,88,88,88,88,88,88,88,88,88,88,88,88,88,88,88,88,88,88,88,88,88,88,88,88,98,98,98,98,98,98,98,98,98],"card_choices":[{"not_picked":["Shrug It Off","Body Slam"],"picked":"Shockwave","floor":1},{"not_picked":["Pommel Strike","Clash"],"picked":"Shrug It Off","floor":4},{"not_picked":["Armaments","Dual Wield"],"picked":"Battle Trance","floor":5},{"not_picked":["Flex","Feel No Pain"],"picked":"Seeing Red","floor":6},{"not_picked":["Iron Wave","Cleave"],"picked":"Fiend Fire","floor":7},{"not_picked":["Sword Boomerang","Headbutt"],"picked":"Perfected Strike","floor":8},{"not_picked":["Cleave","Feel No Pain"],"picked":"Havoc","floor":10},{"not_picked":["Second Wind","Warcry"],"picked":"Havoc","floor":12},{"not_picked":["Body Slam","Dropkick"],"picked":"Perfected Strike","floor":13},{"not_picked":["Barricade","Demon Form"],"picked":"Reaper","floor":16},{"not_picked":["Headbutt","Sword Boomerang"],"picked":"Pommel Strike","floor":18},{"not_picked":["Impervious","Cleave"],"picked":"Perfected Strike","floor":20},{"not_picked":["Perfected Strike","Clash"],"picked":"Sword Boomerang+1","floor":21},{"not_picked":["True Grit","Armaments"],"picked":"Flame Barrier+1","floor":22},{"not_picked":["Spot Weakness","Shrug It Off"],"picked":"Battle Trance","floor":24},{"not_picked":["Perfected Strike","Body Slam"],"picked":"Disarm","floor":25},{"not_picked":["Thunderclap","Dropkick"],"picked":"Rage+1","floor":27},{"not_picked":["Body Slam","Clothesline"],"picked":"Seeing Red+1","floor":27},{"not_picked":["Pommel Strike","Armaments"],"picked":"Shockwave","floor":29},{"not_picked":["Carnage","Sword Boomerang","Reckless Charge"],"picked":"SKIP","floor":29},{"not_picked":["Dropkick","Headbutt"],"picked":"Intimidate","floor":30},{"not_picked":["Bloodletting","Iron Wave"],"picked":"Juggernaut","floor":30},{"not_picked":["Barricade","Feed"],"picked":"Demon Form","floor":33},{"not_picked":["Shrug It Off+1","Headbutt"],"picked":"Ghostly Armor+1","floor":35},{"not_picked":["Clash+1","Perfected Strike"],"picked":"Shockwave+1","floor":35},{"not_picked":["Body Slam+1","Perfected Strike"],"picked":"Headbutt+1","floor":37},{"not_picked":["Cleave+1","Wild Strike+1"],"picked":"Shrug It Off","floor":37},{"not_picked":["Body Slam","Cleave"],"picked":"Clothesline","floor":39},{"not_picked":["Headbutt","Iron Wave"],"picked":"Exhume","floor":39},{"not_picked":["Wild Strike","Havoc+1"],"picked":"Corruption","floor":41},{"not_picked":["Second Wind+1","Body Slam"],"picked":"Shrug It Off+1","floor":44},{"not_picked":["Carnage+1","Clothesline"],"picked":"Battle Trance+1","floor":44},{"not_picked":["Evolve","Disarm"],"picked":"Havoc+1","floor":46},{"not_picked":["Havoc","Feed"],"picked":"Disarm+1","floor":46},{"not_picked":["Impervious","Twin Strike"],"picked":"Dropkick+1","floor":54}],"player_experience":298867,"relics_obtained":[{"floor":6,"key":"Dodecahedron"},{"floor":25,"key":"Prayer Wheel"},{"floor":26,"key":"Anchor"},{"floor":41,"key":"Self Forming Clay"},{"floor":43,"key":"Paper Frog"},{"floor":54,"key":"Bag of Marbles"}],"event_choices":[{"damage_healed":0,"gold_gain":75,"player_choice":"Gather Gold","damage_taken":11,"max_hp_gain":0,"max_hp_loss":0,"event_name":"World of Goop","floor":2,"gold_loss":0},{"cards_removed":["Defend_R"],"damage_healed":0,"gold_gain":0,"player_choice":"Purged","damage_taken":0,"max_hp_gain":0,"max_hp_loss":0,"event_name":"Purifier","floor":3,"gold_loss":0},{"damage_healed":0,"gold_gain":0,"player_choice":"Take Wound","damage_taken":0,"relics_obtained":["Golden Idol"],"max_hp_gain":0,"max_hp_loss":0,"event_name":"Golden Idol","floor":14,"gold_loss":0,"cards_obtained":["Injury"]},{"damage_healed":0,"gold_gain":0,"player_choice":"Stopped","damage_taken":9,"max_hp_gain":0,"max_hp_loss":0,"event_name":"Cursed Tome","floor":28,"gold_loss":0},{"damage_healed":0,"gold_gain":0,"cards_transformed":["Strike_R","Strike_R"],"player_choice":"Became Test Subject","damage_taken":0,"max_hp_gain":0,"max_hp_loss":0,"event_name":"Drug Dealer","floor":31,"gold_loss":0,"cards_obtained":["Evolve","Shockwave"]},{"damage_healed":0,"gold_gain":100,"player_choice":"Pray","damage_taken":0,"max_hp_gain":0,"max_hp_loss":0,"event_name":"Golden Shrine","floor":36,"gold_loss":0},{"damage_healed":0,"gold_gain":0,"player_choice":"Ignored","damage_taken":0,"max_hp_gain":0,"max_hp_loss":0,"event_name":"SecretPortal","floor":48,"gold_loss":0}],"is_beta":false,"boss_relics":[{"not_picked":["Philosopher\u0027s Stone","Mark of Pain"],"picked":"Runic Pyramid"},{"not_picked":["Orrery","Pandora\u0027s Box"],"picked":"Runic Dome"}],"items_purged_floors":[19],"is_endless":false,"potions_floor_spawned":[1,7,12,13,16,24,25,29,30,33,37,39,41,44],"killed_by":"The Heart","ascension_level":3}