{"gold_per_floor":[117,130,130,405,421,421,421,421,445,486,486,500,514,533,533,626,626,639,652,3,3,3],"floor_reached":22,"playtime":2801,"items_purged":[],"score":335,"play_id":"528af740-48cd-4fb6-96e7-ec011ea6c335","local_time":"20190808054250","is_ascension_mode":true,"campfire_choices":[{"data":"Zap","floor":6,"key":"SMITH"},{"floor":8,"key":"REST"},{"floor":11,"key":"REST"},{"floor":15,"key":"REST"}],"neow_cost":"NONE","seed_source_timestamp":88527471570481,"circlet_count":0,"master_deck":["AscendersBane","Strike_B","Strike_B","Strike_B","Strike_B","Defend_B","Defend_B","Defend_B","Defend_B","Zap+1","Dualcast","Conserve Battery","Consume","Injury","Glacier","Compile Driver","Self Repair","Static Discharge","FTL","Echo Form","Gash","Conserve Battery+1","Core Surge+1","All For One+1","Capacitor"],"relics":["Cracked Core","Golden Idol","Ancient Tea Set","Vajra","Philosopher\u0027s Stone","Molten Egg 2"],"potions_floor_usage":[10,19],"damage_taken":[{"damage":12,"enemies":"Small Slimes","floor":1,"turns":3},{"damage":6,"enemies":"2 Louse","floor":2,"turns":3},{"damage":9,"enemies":"Cultist","floor":5,"turns":4},{"damage":38,"enemies":"Lagavulin","floor":10,"turns":10},{"damage":16,"enemies":"Large Slime","floor":12,"turns":5},{"damage":8,"enemies":"Gremlin Gang","floor":13,"turns":6},{"damage":10,"enemies":"Exordium Thugs","floor":14,"turns":7},{"damage":42,"enemies":"The Guardian","floor":16,"turns":12},{"damage":10,"enemies":"Spheric Guardian","floor":18,"turns":7},{"damage":24,"enemies":"Chosen","floor":19,"turns":4},{"damage":49,"enemies":"Snake Plant","floor":22,"turns":3}],"seed_played":"4165303979151179439","potions_obtained":[{"floor":1,"key":"Block Potion"},{"floor":5,"key":"Energy Potion"},{"floor":10,"key":"Explosive Potion"},{"floor":14,"key":"Energy Potion"},{"floor":19,"key":"SpeedPotion"}],"is_trial":false,"path_per_floor":["M","M","?","?","M","R","?","R","T","E","R","M","M","M","R","B",null,"M","M","$","?","M"],"character_chosen":"DEFECT","items_purchased":["Molten Egg 2","Core Surge+1","All For One+1","Capacitor"],"campfire_rested":3,"item_purchase_floors":[20,20,20,20],"current_hp_per_floor":[59,53,53,53,44,44,44,67,67,29,52,36,28,25,48,13,62,66,42,42,42,0],"gold":3,"neow_bonus":"TEN_PERCENT_HP_BONUS","is_prod":false,"is_daily":false,"chose_seed":false,"campfire_upgraded":1,"win_rate":0,"timestamp":1565206970,"path_taken":["M","M","?","?","?","R","?","R","T","E","R","M","?","M","R","BOSS","M","M","$","?","M"],"build_version":"2019-07-17","purchased_purges":0,"victory":false,"max_hp_per_floor":[78,78,78,78,78,78,78,78,78,78,78,78,78,78,78,78,78,78,78,78,78,78],"card_choices":[{"not_picked":["Skim","Steam"],"picked":"Conserve Battery","floor":1},{"not_picked":["Lockon","Steam"],"picked":"Consume","floor":2},{"not_picked":["Streamline","Leap"],"picked":"Glacier","floor":5},{"not_picked":["Aggregate","Auto Shields"],"picked":"Compile Driver","floor":10},{"not_picked":["Heatsinks","Genetic Algorithm"],"picked":"Self Repair","floor":12},{"not_picked":["Scrape","Sweeping Beam"],"picked":"Static Discharge","floor":13},{"not_picked":["Conserve Battery","Stack"],"picked":"FTL","floor":14},{"not_picked":["Rainbow","Creative AI"],"picked":"Echo Form","floor":16},{"not_picked":["Heatsinks+1","Streamline"],"picked":"Gash","floor":18},{"not_picked":["Streamline+1","Aggregate"],"picked":"Conserve Battery+1","floor":19}],"player_experience":1166580,"relics_obtained":[{"floor":9,"key":"Ancient Tea Set"},{"floor":10,"key":"Vajra"}],"event_choices":[{"damage_healed":0,"gold_gain":0,"player_choice":"Take Wound","damage_taken":0,"relics_obtained":["Golden Idol"],"max_hp_gain":0,"max_hp_loss":0,"event_name":"Golden Idol","floor":3,"gold_loss":0,"cards_obtained":["Injury"]},{"damage_healed":0,"gold_gain":275,"player_choice":"Desecrate","damage_taken":0,"max_hp_gain":0,"max_hp_loss":0,"event_name":"Golden Shrine","floor":4,"gold_loss":0,"cards_obtained":["Regret"]},{"damage_healed":0,"gold_gain":0,"player_choice":"0 cards matched","damage_taken":0,"max_hp_gain":0,"max_hp_loss":0,"event_name":"Match and Keep!","floor":7,"gold_loss":0,"cards_obtained":[]},{"cards_removed":["Regret"],"damage_healed":0,"gold_gain":0,"player_choice":"Purged","damage_taken":0,"max_hp_gain":0,"max_hp_loss":0,"event_name":"Purifier","floor":21,"gold_loss":0}],"is_beta":false,"boss_relics":[{"not_picked":["Ectoplasm","Coffee Dripper"],"picked":"Philosopher\u0027s Stone"}],"items_purged_floors":[],"is_endless":false,"potions_floor_spawned":[1,5,10,14,19],"killed_by":"Snake Plant","ascension_level":16}