{"gold_per_floor":[361,511,14,27,27,27,27,52,52,52,83,96,134,157,157,246,246,264,49,69,69,13,53,53,73,73,89,110,110,133,7,7,102,102,125,140,154,170,188,188,224,14,14,80,80,123,123,138,138,138,138,138,38,76,76],"floor_reached":55,"playtime":4116,"items_purged":["Doubt","Strike_G"],"score":1400,"play_id":"28c674df-3caf-4803-b1e8-1c91703d1445","local_time":"20181226131002","is_ascension_mode":true,"campfire_choices":[{"data":"Neutralize","floor":6,"key":"SMITH"},{"floor":10,"key":"REST"},{"floor":15,"key":"REST"},{"floor":24,"key":"REST"},{"data":"Finisher","floor":29,"key":"SMITH"},{"floor":32,"key":"REST"},{"data":"Cloak And Dagger","floor":40,"key":"SMITH"},{"floor":47,"key":"RECALL"},{"floor":49,"key":"REST"},{"data":"Infinite Blades","floor":52,"key":"SMITH"}],"neow_cost":"TEN_PERCENT_HP_LOSS","seed_source_timestamp":39242337904956,"circlet_count":0,"master_deck":["AscendersBane","Defend_G","Defend_G","Defend_G","Defend_G","Strike_G","Strike_G","Strike_G","Strike_G","Survivor","Neutralize+1","Finisher+1","Deflect","Cloak And Dagger+1","Crippling Poison","Backstab","PiercingWail","Die Die Die","PiercingWail","Beam Cell","Master of Strategy","Infinite Blades+1","Blur","Die Die Die","True Grit+1","Purity","Iron Wave+1","Madness+1","Cloak And Dagger+1"],"relics":["Ring of the Snake","Shuriken","Bag of Marbles","Golden Idol","Mummified Hand","Vajra","Philosopher\u0027s Stone","PrismaticShard","Nloth\u0027s Gift","Dead Branch","Sozu","Sundial","OrangePellets","Singing Bowl","Torii","Orichalcum","Blue Candle"],"potions_floor_usage":[11,13,14,23,28,33],"damage_taken":[{"damage":0,"enemies":"Small Slimes","floor":1,"turns":3},{"damage":0,"enemies":"2 Louse","floor":4,"turns":3},{"damage":0,"enemies":"Cultist","floor":8,"turns":3},{"damage":10,"enemies":"3 Sentries","floor":11,"turns":7},{"damage":5,"enemies":"Blue Slaver","floor":12,"turns":4},{"damage":15,"enemies":"Gremlin Nob","floor":13,"turns":4},{"damage":0,"enemies":"Exordium Thugs","floor":14,"turns":2},{"damage":19,"enemies":"The Guardian","floor":16,"turns":16},{"damage":15,"enemies":"Spheric Guardian","floor":18,"turns":4},{"damage":4,"enemies":"Shell Parasite","floor":20,"turns":3},{"damage":29,"enemies":"Book of Stabbing","floor":23,"turns":7},{"damage":0,"enemies":"Snake Plant","floor":25,"turns":3},{"damage":0,"enemies":"Centurion and Healer","floor":27,"turns":2},{"damage":2,"enemies":"Shelled Parasite and Fungi","floor":28,"turns":3},{"damage":0,"enemies":"Snake Plant","floor":30,"turns":1},{"damage":53,"enemies":"Collector","floor":33,"turns":9},{"damage":0,"enemies":"Orb Walker","floor":35,"turns":1},{"damage":0,"enemies":"3 Shapes","floor":36,"turns":1},{"damage":3,"enemies":"Jaw Worm Horde","floor":37,"turns":3},{"damage":0,"enemies":"Sphere and 2 Shapes","floor":38,"turns":3},{"damage":0,"enemies":"Transient","floor":39,"turns":5},{"damage":2,"enemies":"Nemesis","floor":41,"turns":5},{"damage":0,"enemies":"2 Orb Walkers","floor":44,"turns":3},{"damage":0,"enemies":"Giant Head","floor":46,"turns":6},{"damage":0,"enemies":"Jaw Worm Horde","floor":48,"turns":2},{"damage":45,"enemies":"Awakened One","floor":50,"turns":9},{"damage":45,"enemies":"Shield and Spear","floor":54,"turns":5},{"damage":64,"enemies":"The Heart","floor":55,"turns":3}],"seed_played":"-6423772267866136053","potions_obtained":[{"floor":1,"key":"Explosive Potion"},{"floor":4,"key":"Block Potion"},{"floor":14,"key":"Fruit Juice"},{"floor":23,"key":"Explosive Potion"},{"floor":27,"key":"Regen Potion"}],"is_trial":false,"path_per_floor":["M","?","$","M","?","R","?","M","T","R","E","M","E","M","R","B",null,"M","$","M","?","$","E","R","M","T","M","M","R","M","$","R","B",null,"M","M","M","M","M","R","E","$","T","?","$","E","R","M","R","B",null,"R","$","E","B"],"character_chosen":"THE_SILENT","items_purchased":["Shuriken","Bag of Marbles","PrismaticShard","Dexterity Potion","Infinite Blades","Blur","OrangePellets"],"campfire_rested":5,"item_purchase_floors":[3,3,19,22,31,31,42],"current_hp_per_floor":[59,59,59,59,38,38,38,38,38,56,46,41,26,31,50,31,57,42,42,38,38,38,9,28,28,28,28,35,35,35,35,54,1,49,49,49,46,46,46,46,44,44,44,46,46,48,48,48,68,23,58,58,58,15,0],"gold":76,"neow_bonus":"TWO_FIFTY_GOLD","is_prod":false,"is_daily":false,"chose_seed":false,"campfire_upgraded":4,"win_rate":0,"timestamp":1545847802,"path_taken":["M","?","$","M","?","R","?","?","T","R","E","M","E","M","R","BOSS","M","$","M","?","?","E","R","M","T","?","M","R","M","$","R","BOSS","M","M","M","M","M","R","E","$","T","?","$","E","R","M","R","BOSS","R","$","E","BOSS"],"build_version":"2018-12-20","purchased_purges":2,"victory":false,"max_hp_per_floor":[60,60,60,60,60,60,60,60,60,60,60,60,60,65,65,65,65,65,65,65,65,65,65,65,65,65,65,65,65,65,65,65,65,65,65,65,65,65,65,65,65,65,65,67,67,69,69,69,69,69,69,69,69,71,71],"card_choices":[{"not_picked":["Prepared","Dodge and Roll"],"picked":"Finisher","floor":1},{"not_picked":["Dagger Spray","PiercingWail"],"picked":"Deflect","floor":4},{"not_picked":["Slice","Escape Plan"],"picked":"Cloak And Dagger","floor":8},{"not_picked":["Slice","Bouncing Flask"],"picked":"Crippling Poison","floor":11},{"not_picked":["Riddle With Holes","Flying Knee","Blade Dance"],"picked":"SKIP","floor":12},{"not_picked":["Dagger Throw","Deflect"],"picked":"Backstab","floor":13},{"not_picked":["Calculated Gamble","Dagger Throw"],"picked":"PiercingWail","floor":14},{"not_picked":["Night Terror","Burst"],"picked":"Die Die Die","floor":16},{"not_picked":["Endless Agony","Quick Slash"],"picked":"PiercingWail","floor":18},{"not_picked":["Wild Strike+1","Flying Knee"],"picked":"Beam Cell","floor":20},{"not_picked":["Bullet Time","Wild Strike"],"picked":"Master of Strategy","floor":23},{"not_picked":["Cold Snap","Shockwave","Armaments"],"picked":"SKIP","floor":25},{"not_picked":["Deflect","All For One","Skim"],"picked":"SKIP","floor":27},{"not_picked":["Battle Trance","Prepared","Compile Driver"],"picked":"SKIP","floor":28},{"not_picked":["Fire Breathing","Dodge and Roll","Outmaneuver"],"picked":"SKIP","floor":30},{"not_picked":["Barricade","Grand Finale"],"picked":"Die Die Die","floor":33},{"not_picked":["Blade Dance+1","Cleave+1","Sunder"],"picked":"SKIP","floor":35},{"not_picked":["Sword Boomerang","Anger"],"picked":"True Grit+1","floor":36},{"not_picked":["Quick Slash","Spot Weakness"],"picked":"Purity","floor":37},{"not_picked":["Barricade","Thunderclap","Cleave"],"picked":"SKIP","floor":38},{"not_picked":["Clash","Backflip+1"],"picked":"Iron Wave+1","floor":39},{"not_picked":["Thinking Ahead","Acrobatics"],"picked":"Madness+1","floor":41},{"not_picked":["Twin Strike+1","Defragment","Lockon"],"picked":"Singing Bowl","floor":44},{"not_picked":["Phantasmal Killer","Stack","All For One"],"picked":"Singing Bowl","floor":46},{"not_picked":["Go for the Eyes","Deadly Poison"],"picked":"Cloak And Dagger+1","floor":48},{"not_picked":["Go for the Eyes","Sucker Punch","Perfected Strike"],"picked":"Singing Bowl","floor":54}],"player_experience":997132,"relics_obtained":[{"floor":9,"key":"Mummified Hand"},{"floor":11,"key":"Vajra"},{"floor":13,"key":"Bird Faced Urn"},{"floor":23,"key":"Dead Branch"},{"floor":41,"key":"Sundial"},{"floor":43,"key":"Singing Bowl"},{"floor":44,"key":"Torii"},{"floor":46,"key":"Orichalcum"},{"floor":54,"key":"Blue Candle"}],"event_choices":[{"damage_healed":0,"gold_gain":150,"player_choice":"AGREE","damage_taken":0,"max_hp_gain":0,"max_hp_loss":0,"event_name":"Liars Game","floor":2,"gold_loss":0,"cards_obtained":["Doubt"]},{"damage_healed":0,"gold_gain":0,"player_choice":"Take Damage","damage_taken":21,"relics_obtained":["Golden Idol"],"max_hp_gain":0,"max_hp_loss":0,"event_name":"Golden Idol","floor":5,"gold_loss":0},{"cards_removed":["Defend_G"],"damage_healed":0,"gold_gain":0,"player_choice":"Offered Basic","damage_taken":0,"max_hp_gain":0,"max_hp_loss":0,"event_name":"Bonfire Elementals","floor":7,"gold_loss":0},{"damage_healed":0,"gold_gain":0,"player_choice":"Traded Relic","damage_taken":0,"relics_obtained":["Nloth\u0027s Gift"],"max_hp_gain":0,"max_hp_loss":0,"event_name":"N\u0027loth","floor":21,"relics_lost":["Bird Faced Urn"],"gold_loss":0},{"damage_healed":0,"gold_gain":0,"player_choice":"Fight","damage_taken":0,"max_hp_gain":0,"max_hp_loss":0,"event_name":"Mysterious Sphere","floor":44,"gold_loss":0}],"is_beta":false,"boss_relics":[{"not_picked":["Fusion Hammer","Runic Dome"],"picked":"Philosopher\u0027s Stone"},{"not_picked":["Coffee Dripper","Lizard Tail"],"picked":"Sozu"}],"items_purged_floors":[3,53],"is_endless":false,"potions_floor_spawned":[1,4,14,23,27,36,39,41,44,46,54],"killed_by":"The Heart","ascension_level":16}