{"gold_per_floor":[110,130,8,26,43,43,69,89,89,89,36,48,58,75,75,178,178,192,206,206,224,244,279,279,309,309,322,74,74,74,109,109,109],"floor_reached":33,"playtime":1859,"items_purged":["Strike_B","Strike_B"],"score":498,"play_id":"2325aeaa-717c-4e86-9ae1-354a07a11473","local_time":"20181203211935","is_ascension_mode":true,"campfire_choices":[{"data":"Rebound","floor":6,"key":"SMITH"},{"data":"Compile Driver","floor":10,"key":"SMITH"},{"floor":15,"key":"REST"},{"floor":24,"key":"REST"},{"floor":30,"key":"REST"},{"floor":32,"key":"REST"}],"neow_cost":"NONE","seed_source_timestamp":93738953940830,"circlet_count":0,"master_deck":["AscendersBane","Strike_B","Strike_B","Defend_B","Defend_B","Defend_B","Defend_B","Zap","Dualcast","Gash","Go for the Eyes","Coolheaded","Compile Driver+1","Rebound+1","Cold Snap","Hologram+1","Darkness+1","Auto Shields+1","Multi-Cast+1","Lockon+1","Hologram+1"],"relics":["Cracked Core","Meat on the Bone","Toxic Egg 2","Busted Crown","Oddly Smooth Stone","Kunai","Dodecahedron","Vajra","Bottled Lightning"],"potions_floor_usage":[5,7,16,16,25,31],"damage_taken":[{"damage":6,"enemies":"Cultist","floor":1,"turns":3},{"damage":3,"enemies":"Jaw Worm","floor":2,"turns":4},{"damage":2,"enemies":"2 Louse","floor":4,"turns":3},{"damage":15,"enemies":"Lots of Slimes","floor":5,"turns":4},{"damage":16,"enemies":"Lagavulin","floor":7,"turns":5},{"damage":6,"enemies":"Looter","floor":8,"turns":3},{"damage":16,"enemies":"Exordium Thugs","floor":12,"turns":6},{"damage":9,"enemies":"Red Slaver","floor":13,"turns":3},{"damage":28,"enemies":"Lots of Slimes","floor":14,"turns":4},{"damage":13,"enemies":"Slime Boss","floor":16,"turns":9},{"damage":9,"enemies":"Shell Parasite","floor":18,"turns":6},{"damage":7,"enemies":"Chosen","floor":19,"turns":4},{"damage":22,"enemies":"Sentry and Sphere","floor":21,"turns":5},{"damage":29,"enemies":"Snake Plant","floor":22,"turns":5},{"damage":34,"enemies":"Book of Stabbing","floor":23,"turns":5},{"damage":6,"enemies":"Gremlin Leader","floor":25,"turns":6},{"damage":0,"enemies":"Snecko","floor":27,"turns":4},{"damage":49,"enemies":"Slavers","floor":31,"turns":8},{"damage":74,"enemies":"Collector","floor":33,"turns":6}],"seed_played":"-6021599975684727822","potions_obtained":[{"floor":2,"key":"FocusPotion"},{"floor":4,"key":"Energy Potion"},{"floor":7,"key":"FearPotion"},{"floor":16,"key":"Fruit Juice"},{"floor":22,"key":"SteroidPotion"},{"floor":23,"key":"SteroidPotion"},{"floor":25,"key":"Swift Potion"},{"floor":31,"key":"Explosive Potion"}],"is_trial":false,"path_per_floor":["M","M","$","M","M","R","E","M","T","R","$","M","M","M","R","B",null,"M","M","?","M","M","E","R","E","T","M","$","?","R","E","R","B"],"character_chosen":"DEFECT","items_purchased":["Coolheaded","Hologram+1","Vajra"],"campfire_rested":4,"item_purchase_floors":[3,11,28],"current_hp_per_floor":[69,66,66,64,49,49,33,39,39,39,39,35,38,22,46,50,78,69,62,62,52,35,13,39,45,45,45,45,45,71,34,60,0],"gold":109,"neow_bonus":"TEN_PERCENT_HP_BONUS","is_prod":false,"is_daily":false,"chose_seed":false,"campfire_upgraded":2,"win_rate":0,"timestamp":1543889975,"path_taken":["M","M","$","M","M","R","E","M","T","R","?","M","M","M","R","BOSS","M","M","?","M","M","E","R","E","T","M","$","?","R","E","R","BOSS"],"build_version":"2018-11-15","purchased_purges":2,"victory":false,"max_hp_per_floor":[82,82,82,82,82,82,82,82,82,82,82,82,82,82,82,87,87,87,87,87,87,87,87,87,87,87,87,87,87,87,87,87,87],"card_choices":[{"not_picked":["Stack","Hologram"],"picked":"Gash","floor":1},{"not_picked":["Compile Driver","Stack"],"picked":"Go for the Eyes","floor":2},{"not_picked":["Ball Lightning","Rebound"],"picked":"Compile Driver","floor":4},{"not_picked":["Sweeping Beam","Fusion"],"picked":"Rebound","floor":5},{"not_picked":["FTL","White Noise"],"picked":"Cold Snap","floor":7},{"not_picked":["Stack","BootSequence","Cold Snap"],"picked":"SKIP","floor":8},{"not_picked":["Undo+1","Sunder","Lockon"],"picked":"SKIP","floor":12},{"not_picked":["Streamline","Leap+1"],"picked":"Darkness+1","floor":13},{"not_picked":["Conserve Battery+1","Streamline"],"picked":"Auto Shields+1","floor":14},{"not_picked":["Electrodynamics","All For One"],"picked":"Multi-Cast+1","floor":16},{"not_picked":["Steam+1"],"picked":"SKIP","floor":18},{"not_picked":["Streamline"],"picked":"SKIP","floor":19},{"not_picked":["Heatsinks"],"picked":"SKIP","floor":21},{"not_picked":[],"picked":"Lockon+1","floor":22},{"not_picked":[],"picked":"Hologram+1","floor":23},{"not_picked":["Leap+1"],"picked":"SKIP","floor":25},{"not_picked":["Melter"],"picked":"SKIP","floor":27},{"not_picked":["Barrage"],"picked":"SKIP","floor":31}],"player_experience":795761,"relics_obtained":[{"floor":7,"key":"Meat on the Bone"},{"floor":9,"key":"Toxic Egg 2"},{"floor":23,"key":"Oddly Smooth Stone"},{"floor":25,"key":"Kunai"},{"floor":26,"key":"Dodecahedron"},{"floor":31,"key":"Bottled Lightning"}],"event_choices":[{"damage_healed":0,"gold_gain":0,"player_choice":"Ignored","damage_taken":0,"max_hp_gain":0,"max_hp_loss":0,"event_name":"Ghosts","floor":20,"gold_loss":0},{"damage_healed":0,"gold_gain":0,"player_choice":"Ignored","damage_taken":0,"max_hp_gain":0,"max_hp_loss":0,"event_name":"The Mausoleum","floor":29,"gold_loss":0}],"is_beta":false,"boss_relics":[{"not_picked":["Orrery","Calling Bell"],"picked":"Busted Crown"}],"items_purged_floors":[3,28],"is_endless":false,"potions_floor_spawned":[2,4,7,16,22,23,25,31],"killed_by":"Collector","ascension_level":12}