{"gold_per_floor":[119,134,134,134,23,55,55,80,105,123,138,157,157,127,127,226,226,211,225,48,62,62,62,72,92,92,92,119,139,139,139,139,139],"floor_reached":33,"playtime":3561,"items_purged":[],"score":272,"play_id":"4fa82913-7c60-4f7c-a2b0-2cc6406e6c3c","local_time":"20190910212022","is_ascension_mode":false,"campfire_choices":[{"floor":13.0,"key":"REST"},{"floor":15.0,"key":"REST"},{"data":"Noxious Fumes","floor":23.0,"key":"SMITH"},{"data":"Neutralize","floor":30,"key":"SMITH"},{"floor":32,"key":"REST"}],"neow_cost":"NONE","seed_source_timestamp":0,"circlet_count":0,"master_deck":["Defend_G","Defend_G","Defend_G","Defend_G","Survivor","Neutralize+1","Acrobatics","Caltrops","Noxious Fumes+1","Caltrops","Dash","Heel Hook","Prepared","Leg Sweep","PiercingWail","Venomology","Acrobatics+1","Crippling Poison","Sadistic Nature","Well Laid Plans","Caltrops","Bite","Bite","Bite","Bite","Bite","Deflect"],"special_seed":0,"relics":["Ring of the Snake","Lantern","Bag of Preparation","Odd Mushroom","Centennial Puzzle","Empty Cage","Ninja Scroll","PreservedInsect"],"potions_floor_usage":[29,33,33,33],"damage_taken":[{"damage":0.0,"enemies":"2 Louse","floor":1.0,"turns":4.0},{"damage":2.0,"enemies":"Jaw Worm","floor":2.0,"turns":5.0},{"damage":24.0,"enemies":"3 Sentries","floor":6.0,"turns":7.0},{"damage":39.0,"enemies":"The Mushroom Lair","floor":8.0,"turns":4.0},{"damage":5.0,"enemies":"Small Slimes","floor":10.0,"turns":3.0},{"damage":1.0,"enemies":"Exordium Wildlife","floor":11.0,"turns":3.0},{"damage":6.0,"enemies":"Large Slime","floor":12.0,"turns":6.0},{"damage":0.0,"enemies":"Looter","floor":14.0,"turns":4.0},{"damage":7.0,"enemies":"Hexaghost","floor":16.0,"turns":10.0},{"damage":8.0,"enemies":"2 Thieves","floor":18.0,"turns":4.0},{"damage":2.0,"enemies":"Shell Parasite","floor":19.0,"turns":6.0},{"damage":44.0,"enemies":"Sentry and Sphere","floor":21.0,"turns":6.0},{"damage":3.0,"enemies":"Shelled Parasite and Fungi","floor":24.0,"turns":6.0},{"damage":0.0,"enemies":"Centurion and Healer","floor":25.0,"turns":6.0},{"damage":7,"enemies":"3 Cultists","floor":29,"turns":6},{"damage":91,"enemies":"Automaton","floor":33,"turns":16}],"seed_played":"6345590095851654430","potions_obtained":[{"floor":1.0,"key":"Swift Potion"},{"floor":10.0,"key":"Regen Potion"},{"floor":12.0,"key":"Dexterity Potion"},{"floor":19.0,"key":"Energy Potion"},{"floor":24.0,"key":"GhostInAJar"},{"floor":29,"key":"SpeedPotion"}],"is_trial":false,"path_per_floor":["M","M","?","?","$","E","T","?","T","M","M","M","R","M","R","B",null,"M","M","$","M","?","R","M","M","T","?","T","M","R","?","R","B"],"character_chosen":"THE_SILENT","items_purchased":["Caltrops","Dash","Sadistic Nature"],"campfire_rested":3,"item_purchase_floors":[5,5,20],"current_hp_per_floor":[70,68,68,73,73,49,49,10,10,5,4,10,32,32,54,47,75,67,65,65,21,21,21,18,18,18,18,18,19,19,36,51,0],"gold":139,"neow_bonus":"THREE_CARDS","is_prod":false,"is_daily":false,"chose_seed":false,"campfire_upgraded":2,"win_rate":0.0,"timestamp":1568118022,"path_taken":["M","M","?","?","$","E","?","?","T","M","M","M","R","?","R","BOSS","M","M","$","M","?","R","M","M","T","?","?","M","R","?","R","BOSS"],"build_version":"2019-07-17","purchased_purges":0,"victory":false,"max_hp_per_floor":[70,70,70,75,75,75,75,75,75,75,75,75,75,75,75,75,75,75,75,75,75,75,75,75,75,75,52,52,52,52,52,52,52],"card_choices":[{"not_picked":["Backflip","Deflect"],"picked":"Acrobatics","floor":0.0},{"not_picked":["Choke","Backflip"],"picked":"Caltrops","floor":1.0},{"not_picked":["Deflect","Acrobatics"],"picked":"Noxious Fumes","floor":2.0},{"not_picked":["Dagger Spray","Endless Agony"],"picked":"Heel Hook","floor":6.0},{"not_picked":["Riddle With Holes","Underhanded Strike","Blade Dance"],"picked":"SKIP","floor":10.0},{"not_picked":["Well Laid Plans","Flying Knee"],"picked":"Prepared","floor":11.0},{"not_picked":["Deadly Poison","Sucker Punch"],"picked":"Leg Sweep","floor":12.0},{"not_picked":["Slice","Dagger Throw"],"picked":"PiercingWail","floor":14.0},{"not_picked":["Burst","Wraith Form v2"],"picked":"Venomology","floor":16.0},{"not_picked":["Endless Agony","Blade Dance+1"],"picked":"Acrobatics+1","floor":18.0},{"not_picked":["Deflect","Leg Sweep+1"],"picked":"Crippling Poison","floor":19.0},{"not_picked":["Quick Slash","All Out Attack"],"picked":"Well Laid Plans","floor":21.0},{"not_picked":["Dagger Throw+1","Blade Dance","Choke"],"picked":"SKIP","floor":24.0},{"not_picked":["Deadly Poison","Dash"],"picked":"Caltrops","floor":25.0},{"not_picked":["Outmaneuver+1","All Out Attack"],"picked":"Deflect","floor":29}],"player_experience":8830,"relics_obtained":[{"floor":6.0,"key":"Lantern"},{"floor":7.0,"key":"Bag of Preparation"},{"floor":8.0,"key":"Odd Mushroom"},{"floor":9.0,"key":"Centennial Puzzle"},{"floor":26.0,"key":"Ninja Scroll"},{"floor":28.0,"key":"PreservedInsect"}],"event_choices":[{"damage_healed":0.0,"max_hp_gain":0.0,"max_hp_loss":0.0,"gold_gain":0.0,"event_name":"Liars Game","player_choice":"Ignored","floor":3.0,"gold_loss":0.0,"damage_taken":0.0},{"damage_healed":0.0,"max_hp_gain":5.0,"max_hp_loss":0.0,"gold_gain":0.0,"event_name":"Big Fish","player_choice":"Donut","floor":4.0,"gold_loss":0.0,"damage_taken":0.0},{"damage_healed":0.0,"max_hp_gain":0.0,"max_hp_loss":0.0,"gold_gain":0.0,"event_name":"Mushrooms","player_choice":"Fought Mushrooms","floor":8.0,"gold_loss":0.0,"damage_taken":0.0},{"cards_removed":["Strike_G"],"damage_healed":0.0,"max_hp_gain":0.0,"max_hp_loss":0.0,"gold_gain":0.0,"event_name":"Back to Basics","player_choice":"Elegance","floor":22.0,"gold_loss":0.0,"damage_taken":0.0},{"damage_healed":0.0,"max_hp_gain":0.0,"max_hp_loss":23.0,"gold_gain":0.0,"event_name":"Vampires","player_choice":"Became a vampire","floor":27.0,"gold_loss":0.0,"damage_taken":0.0,"cards_obtained":["Bite","Bite","Bite","Bite","Bite"]},{"damage_healed":17,"gold_gain":0,"player_choice":"Heal","damage_taken":0,"max_hp_gain":0,"max_hp_loss":0,"event_name":"The Library","floor":31,"gold_loss":0}],"is_beta":false,"boss_relics":[{"not_picked":["Snecko Eye","Velvet Choker"],"picked":"Empty Cage"}],"items_purged_floors":[],"is_endless":false,"potions_floor_spawned":[1,10,12,19,24,29],"killed_by":"Automaton","ascension_level":0}