{"gold_per_floor":[214,26,40,50,50,50,108,108,132,143,143,163,179,20,20,115,115,135,86,86,104,115,143,158,158,183,199,209,209,236,7,7,104,104,120,120,120,120,135,135],"floor_reached":40,"playtime":1842,"items_purged":[],"score":433,"play_id":"0b7fa616-1ce5-4e4b-a4c3-c2c83b57ea64","local_time":"20190328162120","is_ascension_mode":false,"campfire_choices":[{"data":"Flame Barrier","floor":6,"key":"SMITH"},{"data":"Shrug It Off","floor":8,"key":"SMITH"},{"data":"Panacea","floor":11,"key":"SMITH"},{"data":"Reaper","floor":15,"key":"SMITH"},{"floor":25,"key":"REST"},{"data":"Infernal Blade","floor":29,"key":"SMITH"},{"floor":32,"key":"RECALL"}],"neow_cost":"NONE","seed_source_timestamp":7299426938279,"circlet_count":0,"master_deck":["Strike_R","Strike_R","Strike_R","Strike_R","Strike_R","Defend_R","Defend_R","Defend_R","Bash","Twin Strike","Inflame+1","Panacea+1","Shrug It Off+1","Rage","Flame Barrier+1","Anger","Second Wind","Pommel Strike","Pommel Strike","Reaper+1","Exhume+1","Body Slam+1","Perfected Strike","Infernal Blade+1","Metallicize","Power Through","Wild Strike+1","Warcry","Rampage+1","Armaments","Feed","Entrench+1","Enlightenment","Sadistic Nature","Panacea","Anger+1"],"relics":["Burning Blood","Tiny Chest","Sozu","Paper Frog","Pen Nib","Red Skull","HandDrill","White Beast Statue"],"potions_floor_usage":[18,22,23],"damage_taken":[{"damage":12,"enemies":"Small Slimes","floor":1,"turns":4},{"damage":1,"enemies":"2 Louse","floor":3,"turns":3},{"damage":4,"enemies":"Cultist","floor":4,"turns":4},{"damage":10,"enemies":"Lagavulin","floor":7,"turns":8},{"damage":21,"enemies":"Exordium Thugs","floor":10,"turns":4},{"damage":0,"enemies":"Large Slime","floor":12,"turns":5},{"damage":4,"enemies":"Blue Slaver","floor":13,"turns":3},{"damage":19,"enemies":"Slime Boss","floor":16,"turns":11},{"damage":14,"enemies":"Shell Parasite","floor":18,"turns":5},{"damage":10,"enemies":"3 Byrds","floor":21,"turns":4},{"damage":12,"enemies":"3 Cultists","floor":22,"turns":5},{"damage":51,"enemies":"Slavers","floor":23,"turns":7},{"damage":18,"enemies":"Shelled Parasite and Fungi","floor":24,"turns":6},{"damage":18,"enemies":"Snake Plant","floor":27,"turns":4},{"damage":11,"enemies":"Cultist and Chosen","floor":28,"turns":4},{"damage":54,"enemies":"Collector","floor":33,"turns":9},{"damage":10,"enemies":"3 Shapes","floor":35,"turns":5},{"damage":58,"enemies":"3 Darklings","floor":39,"turns":6},{"damage":43,"enemies":"Maw","floor":40,"turns":5}],"seed_played":"570398832686167609","potions_obtained":[{"floor":7,"key":"GamblersBrew"},{"floor":13,"key":"GamblersBrew"},{"floor":16,"key":"AttackPotion"}],"is_trial":false,"path_per_floor":["M","$","M","M","?","R","E","R","T","M","R","M","M","$","R","B",null,"M","$","?","M","M","E","M","R","T","M","M","R","T","$","R","B",null,"M","?","?","$","M","M"],"character_chosen":"IRONCLAD","items_purchased":["Inflame","Panacea","Shrug It Off","Reaper","Perfected Strike","HandDrill","Armaments"],"campfire_rested":1,"item_purchase_floors":[2,2,2,14,19,31,31],"current_hp_per_floor":[74,74,79,80,80,80,76,76,76,61,61,67,69,69,69,67,80,80,80,80,76,70,25,18,42,42,34,61,61,61,61,61,32,80,83,83,73,73,40,0],"gold":135,"neow_bonus":"HUNDRED_GOLD","is_prod":false,"is_daily":false,"chose_seed":false,"campfire_upgraded":5,"win_rate":0,"timestamp":1553754080,"path_taken":["M","$","M","M","?","R","E","R","T","M","R","M","M","$","R","BOSS","M","$","?","M","?","E","M","R","T","M","M","R","?","$","R","BOSS","M","?","?","$","M","M"],"build_version":"2019-01-23","purchased_purges":0,"victory":false,"max_hp_per_floor":[80,80,80,80,80,80,80,80,80,80,80,80,80,80,80,80,80,80,80,80,80,80,80,80,80,80,80,80,80,80,80,80,80,80,83,83,83,83,86,86],"card_choices":[{"not_picked":["Thunderclap","Sword Boomerang"],"picked":"Twin Strike","floor":1},{"not_picked":["Headbutt","Body Slam"],"picked":"Rage","floor":3},{"not_picked":["Wild Strike","Heavy Blade"],"picked":"Flame Barrier","floor":4},{"not_picked":["Twin Strike","Cleave"],"picked":"Anger","floor":7},{"not_picked":["Blood for Blood","Heavy Blade"],"picked":"Second Wind","floor":10},{"not_picked":["Warcry","Sword Boomerang"],"picked":"Pommel Strike","floor":12},{"not_picked":["Armaments","Hemokinesis"],"picked":"Pommel Strike","floor":13},{"not_picked":["Barricade","Brutality"],"picked":"Exhume","floor":16},{"not_picked":["True Grit","Shrug It Off"],"picked":"Body Slam+1","floor":18},{"not_picked":["Disarm","Clash"],"picked":"Infernal Blade","floor":21},{"not_picked":["Twin Strike","Headbutt"],"picked":"Metallicize","floor":22},{"not_picked":["Carnage","Fire Breathing"],"picked":"Power Through","floor":23},{"not_picked":["Cleave","Reaper"],"picked":"Wild Strike+1","floor":24},{"not_picked":["Pommel Strike","Metallicize"],"picked":"Warcry","floor":27},{"not_picked":["Armaments","Battle Trance"],"picked":"Rampage+1","floor":28},{"not_picked":["Fiend Fire","Offering"],"picked":"Feed","floor":33},{"not_picked":["Armaments","Dropkick+1"],"picked":"Entrench+1","floor":35},{"not_picked":["Swift Strike","Mind Blast"],"picked":"Enlightenment","floor":37},{"not_picked":["Transmutation","Flash of Steel"],"picked":"Sadistic Nature","floor":37},{"not_picked":["Impatience","Secret Weapon"],"picked":"Panacea","floor":37},{"not_picked":["Headbutt","Clash"],"picked":"Anger+1","floor":39}],"player_experience":232034,"relics_obtained":[{"floor":7,"key":"Tiny Chest"},{"floor":23,"key":"Paper Frog"},{"floor":26,"key":"Pen Nib"},{"floor":30,"key":"Red Skull"}],"event_choices":[{"damage_healed":0,"gold_gain":0,"player_choice":"Grow","damage_taken":0,"max_hp_gain":0,"max_hp_loss":0,"event_name":"Living Wall","floor":5,"gold_loss":0,"cards_upgraded":["Inflame"]},{"damage_healed":0,"gold_gain":0,"player_choice":"Upgraded","damage_taken":0,"max_hp_gain":0,"max_hp_loss":0,"event_name":"Upgrade Shrine","floor":20,"gold_loss":0,"cards_upgraded":["Exhume"]},{"cards_removed":["Defend_R"],"damage_healed":0,"gold_gain":0,"player_choice":"Removed Skill","damage_taken":0,"max_hp_gain":0,"max_hp_loss":0,"event_name":"Falling","floor":36,"gold_loss":0},{"damage_healed":0,"gold_gain":0,"player_choice":"Memory 3","damage_taken":10,"max_hp_gain":0,"max_hp_loss":0,"event_name":"SensoryStone","floor":37,"gold_loss":0}],"is_beta":false,"boss_relics":[{"not_picked":["Snecko Eye","Empty Cage"],"picked":"Sozu"},{"not_picked":["Runic Dome","Busted Crown"],"picked":"White Beast Statue"}],"items_purged_floors":[],"is_endless":false,"potions_floor_spawned":[7,13,16,18,28,35,39],"killed_by":"Maw","ascension_level":0}