{"gold_per_floor":[111,130,147,160,177,240,240,240,240,240,240,273,286,49,49,142,142,161,161],"floor_reached":19,"playtime":1182,"items_purged":[],"score":340,"play_id":"0f9b7f44-8a4b-489d-846c-bb97a6042782","local_time":"20190530003437","is_ascension_mode":true,"campfire_choices":[{"data":"Armaments","floor":8.0,"key":"SMITH"},{"data":"Metallicize","floor":10.0,"key":"SMITH"},{"data":"Rampage","floor":15.0,"key":"SMITH"}],"neow_cost":"NONE","seed_source_timestamp":878565872540986,"circlet_count":0,"master_deck":["AscendersBane","Bash+1","Carnage","Metallicize+1","Iron Wave","Shrug It Off","Armaments+1","Pommel Strike","Rampage+1","Juggernaut","Juggernaut","Ghostly Armor","Feel No Pain","Cleave","Spot Weakness","Headbutt","Carnage","Seeing Red","Inflame","Juggernaut","Rage"],"special_seed":0,"relics":["Burning Blood","NeowsBlessing","Tiny Chest","Golden Idol","Ancient Tea Set","Bag of Preparation","Red Skull","Pandora\u0027s Box"],"potions_floor_usage":[19],"damage_taken":[{"damage":0.0,"enemies":"Cultist","floor":1.0,"turns":1.0},{"damage":0.0,"enemies":"Small Slimes","floor":2.0,"turns":1.0},{"damage":0.0,"enemies":"2 Louse","floor":3.0,"turns":1.0},{"damage":1.0,"enemies":"Looter","floor":4.0,"turns":2.0},{"damage":9.0,"enemies":"3 Louse","floor":5.0,"turns":4.0},{"damage":26.0,"enemies":"Gremlin Nob","floor":6.0,"turns":4.0},{"damage":11.0,"enemies":"3 Sentries","floor":12.0,"turns":9.0},{"damage":11.0,"enemies":"Large Slime","floor":13.0,"turns":8.0},{"damage":19.0,"enemies":"The Guardian","floor":16.0,"turns":10.0},{"damage":25.0,"enemies":"Chosen","floor":18.0,"turns":4.0},{"damage":40,"enemies":"3 Byrds","floor":19,"turns":3}],"seed_played":"-3267317317106471567","potions_obtained":[{"floor":1.0,"key":"FearPotion"},{"floor":2.0,"key":"Fire Potion"},{"floor":4.0,"key":"Strength Potion"},{"floor":16.0,"key":"PowerPotion"}],"is_trial":false,"path_per_floor":["M","M","M","M","M","E","?","R","T","R","?","E","M","$","R","B",null,"M","M"],"character_chosen":"IRONCLAD","items_purchased":["Juggernaut","Red Skull"],"campfire_rested":0,"item_purchase_floors":[14,14],"current_hp_per_floor":[74,75,75,75,72,52,52,52,52,52,52,47,42,42,42,29,58,39,0],"gold":161,"neow_bonus":"THREE_ENEMY_KILL","is_prod":false,"is_daily":false,"chose_seed":false,"campfire_upgraded":3,"win_rate":0,"timestamp":1559190877,"path_taken":["M","M","M","M","?","E","?","R","T","R","?","E","?","?","R","BOSS","M","M"],"build_version":"2019-01-23","purchased_purges":0,"victory":false,"max_hp_per_floor":[75,75,75,75,75,75,68,68,68,68,68,68,68,68,68,68,68,68,68],"card_choices":[{"not_picked":["Spot Weakness","True Grit"],"picked":"Carnage","floor":1.0},{"not_picked":["Burning Pact","Perfected Strike"],"picked":"Metallicize","floor":2.0},{"not_picked":["Shrug It Off","Hemokinesis"],"picked":"Iron Wave","floor":3.0},{"not_picked":["Seeing Red","True Grit"],"picked":"Shrug It Off","floor":4.0},{"not_picked":["Evolve","Sentinel"],"picked":"Armaments","floor":5.0},{"not_picked":["Body Slam","Blood for Blood"],"picked":"Pommel Strike","floor":6.0},{"not_picked":["Feel No Pain","Havoc","Burning Pact"],"picked":"SKIP","floor":12.0},{"not_picked":["Armaments","Infernal Blade"],"picked":"Rampage","floor":13.0},{"not_picked":["Dark Embrace","Brutality"],"picked":"Juggernaut","floor":16.0},{"not_picked":["Headbutt","Iron Wave"],"picked":"Rage","floor":18.0}],"player_experience":1562278,"relics_obtained":[{"floor":6.0,"key":"Tiny Chest"},{"floor":9.0,"key":"Ancient Tea Set"},{"floor":12.0,"key":"Bag of Preparation"}],"event_choices":[{"damage_healed":0.0,"max_hp_gain":0.0,"max_hp_loss":7.0,"gold_gain":0.0,"event_name":"Golden Idol","player_choice":"Lose Max HP","floor":7.0,"gold_loss":0.0,"damage_taken":0.0,"relics_obtained":["Golden Idol"]},{"damage_healed":0.0,"max_hp_gain":0.0,"max_hp_loss":0.0,"gold_gain":0.0,"event_name":"Upgrade Shrine","player_choice":"Upgraded","floor":11.0,"gold_loss":0.0,"damage_taken":0.0,"cards_upgraded":["Bash"]}],"is_beta":false,"boss_relics":[{"not_picked":["Snecko Eye","Cursed Key"],"picked":"Pandora\u0027s Box"}],"items_purged_floors":[],"is_endless":false,"potions_floor_spawned":[1,2,4,5,16],"killed_by":"3 Byrds","ascension_level":18}