{"gold_per_floor":[359,374,387,224,224,224,239,255,325,325,92,92,121,138,138,237,237,250,163,182,4,4,4,4,14,14,30,42,42,0,16,16,113,113,129,148,148,32,42,54,54,54,54,73,90,8,8,8,8,8],"floor_reached":50,"playtime":4843,"items_purged":[],"score":471,"play_id":"4c8dbcb2-1310-44c3-834a-3f74638bae7f","local_time":"20190911170750","is_ascension_mode":false,"campfire_choices":[{"data":"White Noise","floor":6.0,"key":"SMITH"},{"data":"Hologram","floor":10.0,"key":"SMITH"},{"data":"Apotheosis","floor":12.0,"key":"SMITH"},{"data":"Hello World","floor":15.0,"key":"SMITH"},{"data":"Biased Cognition","floor":23.0,"key":"SMITH"},{"floor":32.0,"key":"REST"},{"floor":42.0,"key":"REST"},{"floor":49.0,"key":"REST"}],"neow_cost":"CURSE","seed_source_timestamp":94075793463875,"circlet_count":0,"master_deck":["Strike_B","Strike_B","Defend_B","Defend_B","Defend_B","Defend_B","Zap","Dualcast","Hologram+1","White Noise+1","Go for the Eyes","Electrodynamics+1","Conserve Battery","All For One","Apotheosis+1","Hello World+1","Defragment","Biased Cognition+1","Loop","Loop","Gash","Ball Lightning+1","Defragment","Gash","Turbo+1","Hologram","Gash","Biased Cognition","Regret","Beam Cell+1","Biased Cognition+1","Lockon","Lockon","Hello World","Rebound","Parasite","Undo","Go for the Eyes+1","Reboot","Doubt","Madness","Madness"],"special_seed":0,"relics":["Cracked Core","Turnip","Letter Opener","Mercury Hourglass","Black Star","Bag of Preparation","Pantograph","Astrolabe","Pen Nib"],"potions_floor_usage":[50],"damage_taken":[{"damage":3.0,"enemies":"Cultist","floor":1.0,"turns":4.0},{"damage":2.0,"enemies":"2 Louse","floor":2.0,"turns":3.0},{"damage":4.0,"enemies":"Small Slimes","floor":3.0,"turns":4.0},{"damage":9.0,"enemies":"Red Slaver","floor":7.0,"turns":2.0},{"damage":0.0,"enemies":"3 Louse","floor":8.0,"turns":1.0},{"damage":10.0,"enemies":"Lagavulin","floor":13.0,"turns":5.0},{"damage":0.0,"enemies":"Large Slime","floor":14.0,"turns":4.0},{"damage":23.0,"enemies":"The Guardian","floor":16.0,"turns":9.0},{"damage":14.0,"enemies":"Shell Parasite","floor":18.0,"turns":4.0},{"damage":0.0,"enemies":"Spheric Guardian","floor":20.0,"turns":3.0},{"damage":14.0,"enemies":"Centurion and Healer","floor":25.0,"turns":3.0},{"damage":16.0,"enemies":"Snecko","floor":27.0,"turns":4.0},{"damage":15.0,"enemies":"Snake Plant","floor":28.0,"turns":3.0},{"damage":6.0,"enemies":"Cultist and Chosen","floor":31.0,"turns":3.0},{"damage":25.0,"enemies":"Collector","floor":33.0,"turns":5.0},{"damage":39.0,"enemies":"3 Darklings","floor":35.0,"turns":5.0},{"damage":8.0,"enemies":"Orb Walker","floor":36.0,"turns":3.0},{"damage":1.0,"enemies":"Transient","floor":39.0,"turns":5.0},{"damage":23.0,"enemies":"Writhing Mass","floor":40.0,"turns":4.0},{"damage":41.0,"enemies":"Sphere and 2 Shapes","floor":44.0,"turns":4.0},{"damage":2.0,"enemies":"Maw","floor":45.0,"turns":4.0},{"damage":75,"enemies":"Time Eater","floor":50,"turns":6}],"seed_played":"-6878564411581089000","potions_obtained":[{"floor":3.0,"key":"AttackPotion"},{"floor":8.0,"key":"Fire Potion"},{"floor":13.0,"key":"Dexterity Potion"},{"floor":14.0,"key":"LiquidBronze"},{"floor":18.0,"key":"Weak Potion"},{"floor":31.0,"key":"FairyPotion"},{"floor":33.0,"key":"FearPotion"},{"floor":39.0,"key":"Ancient Potion"},{"floor":45.0,"key":"Block Potion"}],"is_trial":false,"path_per_floor":["M","M","M","$","T","R","M","M","T","R","$","R","E","M","R","B",null,"M","$","M","$","?","R","?","M","T","M","M","$","?","M","R","B",null,"M","M","?","$","M","M","?","R","T","M","M","$","?","?","R","B"],"character_chosen":"DEFECT","items_purchased":["Electrodynamics","Apotheosis","Hello World","Loop","Gash","Bag of Preparation","Defragment","Lockon","Hello World","Reboot"],"campfire_rested":3,"item_purchase_floors":[4,11,11,19,19,21,21,38,38,46],"current_hp_per_floor":[72,70,66,66,66,66,57,57,57,57,57,57,47,47,47,24,75,61,61,61,61,61,61,61,47,47,31,16,16,16,10,32,32,75,36,28,66,66,65,42,42,61,61,20,18,18,66,58,66,0],"gold":8,"neow_bonus":"TWO_FIFTY_GOLD","is_prod":false,"is_daily":false,"chose_seed":false,"campfire_upgraded":5,"win_rate":0,"timestamp":1568232470,"path_taken":["M","M","M","$","?","R","?","?","T","R","$","R","E","M","R","BOSS","M","$","M","$","?","R","?","?","T","M","M","$","?","M","R","BOSS","M","M","?","$","M","M","?","R","T","?","M","?","?","?","R","BOSS"],"build_version":"2019-07-17","purchased_purges":0,"victory":false,"max_hp_per_floor":[75,75,75,75,75,75,75,75,75,75,75,75,75,75,75,75,75,75,75,75,75,75,75,75,75,75,75,75,75,75,75,75,75,75,75,75,66,66,66,66,66,66,66,66,66,66,66,66,66,66],"card_choices":[{"not_picked":["Conserve Battery","Turbo"],"picked":"Hologram","floor":1.0},{"not_picked":["Glacier","Ball Lightning"],"picked":"White Noise","floor":2.0},{"not_picked":["Undo","Redo"],"picked":"Go for the Eyes","floor":3.0},{"not_picked":["Turbo","Double Energy"],"picked":"Conserve Battery","floor":7.0},{"not_picked":["Reinforced Body","Hologram"],"picked":"All For One","floor":8.0},{"not_picked":["Fusion","Rebound","Blizzard"],"picked":"SKIP","floor":13.0},{"not_picked":["Undo","Cold Snap"],"picked":"Defragment","floor":14.0},{"not_picked":["Fission","Meteor Strike"],"picked":"Biased Cognition","floor":16.0},{"not_picked":["Cold Snap","Beam Cell"],"picked":"Loop","floor":18.0},{"not_picked":["Force Field","Static Discharge"],"picked":"Ball Lightning+1","floor":20.0},{"not_picked":["Glacier+1","Hello World"],"picked":"Gash","floor":25.0},{"not_picked":["Beam Cell","Rip and Tear"],"picked":"Turbo+1","floor":27.0},{"not_picked":["Reinforced Body","Fusion"],"picked":"Hologram","floor":28.0},{"not_picked":["Stack","Compile Driver"],"picked":"Gash","floor":31.0},{"not_picked":["Thunder Strike","Amplify"],"picked":"Biased Cognition","floor":33.0},{"not_picked":["Hologram+1","Conserve Battery"],"picked":"Lockon","floor":35.0},{"not_picked":["Consume+1","Cold Snap","Coolheaded+1"],"picked":"SKIP","floor":36.0},{"not_picked":["Cold Snap","Barrage+1"],"picked":"Rebound","floor":39.0},{"not_picked":["Barrage","Streamline+1","Sweeping Beam+1"],"picked":"SKIP","floor":40.0},{"not_picked":["Sweeping Beam","Streamline"],"picked":"Undo","floor":44.0},{"not_picked":["Coolheaded","Beam Cell+1"],"picked":"Go for the Eyes+1","floor":45.0}],"player_experience":156445,"relics_obtained":[{"floor":5.0,"key":"Turnip"},{"floor":9.0,"key":"Letter Opener"},{"floor":13.0,"key":"Mercury Hourglass"},{"floor":26.0,"key":"Pantograph"},{"floor":43.0,"key":"Pen Nib"}],"event_choices":[{"damage_healed":0.0,"max_hp_gain":0.0,"max_hp_loss":0.0,"gold_gain":0.0,"event_name":"Ghosts","player_choice":"Ignored","floor":22.0,"gold_loss":0.0,"damage_taken":0.0},{"damage_healed":0.0,"max_hp_gain":0.0,"max_hp_loss":0.0,"gold_gain":0.0,"event_name":"Accursed Blacksmith","player_choice":"Forge","floor":24.0,"gold_loss":0.0,"damage_taken":0.0,"cards_upgraded":["Electrodynamics"]},{"damage_healed":0.0,"max_hp_gain":0.0,"max_hp_loss":0.0,"gold_gain":0.0,"event_name":"Masked Bandits","player_choice":"Paid Fearfully","floor":30.0,"gold_loss":42.0,"damage_taken":0.0},{"damage_healed":66.0,"max_hp_gain":0.0,"max_hp_loss":9.0,"gold_gain":0.0,"event_name":"The Moai Head","player_choice":"Heal","floor":37.0,"gold_loss":0.0,"damage_taken":0.0},{"damage_healed":0.0,"max_hp_gain":0.0,"max_hp_loss":0.0,"gold_gain":0.0,"event_name":"Lab","player_choice":"Got Potions","floor":41.0,"gold_loss":0.0,"damage_taken":0.0},{"damage_healed":48.0,"max_hp_gain":0.0,"max_hp_loss":0.0,"gold_gain":0.0,"event_name":"MindBloom","player_choice":"Heal","floor":47.0,"gold_loss":0.0,"damage_taken":0.0,"cards_obtained":["Doubt"]},{"damage_healed":0.0,"max_hp_gain":0.0,"max_hp_loss":0.0,"gold_gain":0.0,"event_name":"Winding Halls","player_choice":"Embrace Madness","floor":48.0,"gold_loss":0.0,"damage_taken":8.0,"cards_obtained":["Madness","Madness"]}],"is_beta":false,"boss_relics":[{"not_picked":["Fusion Hammer","Eternal Feather"],"picked":"Black Star"},{"not_picked":["Sozu","Calling Bell"],"picked":"Astrolabe"}],"items_purged_floors":[],"is_endless":false,"potions_floor_spawned":[3,8,13,14,16,18,20,27,31,33,39,40,45],"killed_by":"Time Eater","ascension_level":0}