{"gold_per_floor":[109,259,274,55,66,66,99,110,110,110,170,205,205,240,240,312,312,327,337,349,363,0,0,33,53,53,53,53,86,102,113,113,189,189,204,218,237,247,264,264,294,309,336,336,350,186,213,223,223,223,223,223,223,51,51],"floor_reached":55,"playtime":4268,"items_purged":["Doubt","Strike_B"],"score":1961,"play_id":"56f8b60f-a62d-433b-940f-e3ef624e07b6","local_time":"20190909004958","is_ascension_mode":true,"campfire_choices":[{"data":"Defragment","floor":6.0,"key":"SMITH"},{"floor":10.0,"key":"REST"},{"floor":15.0,"key":"REST"},{"floor":23.0,"key":"REST"},{"data":"Apotheosis","floor":27.0,"key":"SMITH"},{"data":"Strike_B","floor":32.0,"key":"PURGE"},{"data":"Strike_B","floor":40.0,"key":"PURGE"},{"floor":49,"key":"RECALL"},{"data":"Seek","floor":53,"key":"SMITH"}],"neow_cost":"CURSE","seed_source_timestamp":10857536032500,"circlet_count":0,"master_deck":["AscendersBane","Defend_B","Defend_B","Defend_B","Zap","Dualcast","Reinforced Body","Skim","Chill","Go for the Eyes","Core Surge","Defragment+1","Auto Shields","Glacier","Ball Lightning","Reboot","Core Surge","Cold Snap","Self Repair","Apotheosis+1","Beam Cell","Compile Driver","Ghostly","Ghostly","Ghostly","Electrodynamics","Capacitor","Seek","Barrage","Static Discharge","Seek+1","Coolheaded","Impatience","Finesse","Heatsinks+1","Coolheaded+1","Force Field"],"special_seed":0,"relics":["Cracked Core","Bag of Marbles","Bottled Tornado","Turnip","Smiling Mask","Vajra","Nuclear Battery","Potion Belt","Question Card","Oddly Smooth Stone","Peace Pipe","Busted Crown","Centennial Puzzle","Nunchaku","Art of War"],"potions_floor_usage":[50,51,51,55],"damage_taken":[{"damage":6.0,"enemies":"Small Slimes","floor":1.0,"turns":3.0},{"damage":3.0,"enemies":"Jaw Worm","floor":3.0,"turns":5.0},{"damage":6.0,"enemies":"2 Louse","floor":5.0,"turns":3.0},{"damage":31.0,"enemies":"3 Sentries","floor":7.0,"turns":8.0},{"damage":1.0,"enemies":"Large Slime","floor":8.0,"turns":5.0},{"damage":3.0,"enemies":"3 Sentries","floor":11.0,"turns":12.0},{"damage":22.0,"enemies":"Gremlin Nob","floor":12.0,"turns":6.0},{"damage":9.0,"enemies":"3 Sentries","floor":14.0,"turns":15.0},{"damage":13.0,"enemies":"Hexaghost","floor":16.0,"turns":9.0},{"damage":0.0,"enemies":"3 Byrds","floor":18.0,"turns":6.0},{"damage":15.0,"enemies":"Shell Parasite","floor":19.0,"turns":2.0},{"damage":1.0,"enemies":"Chosen and Byrds","floor":20.0,"turns":5.0},{"damage":4.0,"enemies":"Snake Plant","floor":21.0,"turns":4.0},{"damage":16.0,"enemies":"Book of Stabbing","floor":24.0,"turns":6.0},{"damage":0.0,"enemies":"Cultist and Chosen","floor":25.0,"turns":5.0},{"damage":2.0,"enemies":"Slavers","floor":29.0,"turns":7.0},{"damage":1.0,"enemies":"Centurion and Healer","floor":30.0,"turns":4.0},{"damage":0.0,"enemies":"Shelled Parasite and Fungi","floor":31.0,"turns":7.0},{"damage":13.0,"enemies":"Automaton","floor":33.0,"turns":9.0},{"damage":0.0,"enemies":"3 Shapes","floor":35.0,"turns":5.0},{"damage":0.0,"enemies":"3 Darklings","floor":36.0,"turns":6.0},{"damage":4.0,"enemies":"Writhing Mass","floor":37.0,"turns":7.0},{"damage":12.0,"enemies":"4 Shapes","floor":38.0,"turns":4.0},{"damage":0.0,"enemies":"Transient","floor":39.0,"turns":6.0},{"damage":9.0,"enemies":"Nemesis","floor":41.0,"turns":7.0},{"damage":18.0,"enemies":"Spire Growth","floor":42.0,"turns":4.0},{"damage":0.0,"enemies":"Maw","floor":45.0,"turns":8.0},{"damage":0,"enemies":"Reptomancer","floor":47,"turns":6},{"damage":0,"enemies":"4 Shapes","floor":48,"turns":4},{"damage":32,"enemies":"Awakened One","floor":50,"turns":18},{"damage":3,"enemies":"Donu and Deca","floor":51,"turns":10},{"damage":33,"enemies":"Shield and Spear","floor":55,"turns":6}],"seed_played":"7677897053754223971","potions_obtained":[{"floor":3.0,"key":"FocusPotion"},{"floor":5.0,"key":"Poison Potion"},{"floor":8.0,"key":"Strength Potion"},{"floor":11.0,"key":"Swift Potion"},{"floor":14.0,"key":"Strength Potion"},{"floor":18.0,"key":"Explosive Potion"},{"floor":19.0,"key":"FocusPotion"},{"floor":30.0,"key":"SteroidPotion"},{"floor":31.0,"key":"Energy Potion"},{"floor":33.0,"key":"SteroidPotion"},{"floor":38.0,"key":"GamblersBrew"},{"floor":39.0,"key":"FocusPotion"},{"floor":47,"key":"PowerPotion"}],"is_trial":false,"path_per_floor":["M","?","M","$","M","R","E","M","T","R","?","E","?","E","R","B",null,"M","M","M","M","$","R","E","M","T","R","?","E","M","M","R","B",null,"M","M","M","M","M","R","E","M","T","?","M","$","E","M","R","B","B",null,"R","$","E"],"character_chosen":"DEFECT","items_purchased":["Core Surge","Weak Potion","Apotheosis","Potion Belt","SteroidPotion","Block Potion","Art of War"],"campfire_rested":3,"item_purchase_floors":[4,4,22,22,46,46,54],"current_hp_per_floor":[58,58,55,55,49,49,18,17,17,38,35,13,13,4,25,12,56,56,41,40,36,36,57,51,61,61,61,35,35,35,35,35,32,34,35,35,35,33,35,35,33,25,25,20,30,30,35,35,35,13,20,31,31,31,0],"gold":51,"neow_bonus":"TRANSFORM_TWO_CARDS","is_prod":false,"is_daily":false,"chose_seed":false,"campfire_upgraded":3,"win_rate":0,"timestamp":1568004598,"path_taken":["M","?","M","$","M","R","E","M","T","R","?","E","?","E","R","BOSS","M","M","M","M","$","R","E","M","T","R","?","E","M","M","R","BOSS","M","M","M","M","M","R","E","M","T","?","M","$","E","M","R","BOSS","BOSS","R","$","E"],"build_version":"2019-07-17","purchased_purges":2,"victory":false,"max_hp_per_floor":[71,71,71,71,71,71,71,71,71,71,71,71,71,71,71,71,71,71,71,71,71,71,71,71,71,71,71,35,35,35,35,35,35,35,35,35,35,35,35,35,35,35,35,35,35,35,35,35,35,35,35,35,35,35,35],"card_choices":[{"not_picked":["Barrage","BootSequence"],"picked":"Chill","floor":1.0},{"not_picked":["Turbo","Leap"],"picked":"Go for the Eyes","floor":3.0},{"not_picked":["Double Energy","Self Repair"],"picked":"Defragment","floor":5.0},{"not_picked":["Double Energy","Steam"],"picked":"Auto Shields","floor":7.0},{"not_picked":["Force Field","Barrage"],"picked":"Glacier","floor":8.0},{"not_picked":["Streamline","Lockon"],"picked":"Ball Lightning","floor":11.0},{"not_picked":["Loop","Compile Driver","Sweeping Beam"],"picked":"SKIP","floor":12.0},{"not_picked":["Coolheaded","Streamline"],"picked":"Reboot","floor":14.0},{"not_picked":["Multi-Cast","Creative AI"],"picked":"Core Surge","floor":16.0},{"not_picked":["Steam","Gash"],"picked":"Cold Snap","floor":18.0},{"not_picked":["Gash","Cold Snap","Go for the Eyes"],"picked":"SKIP","floor":19.0},{"not_picked":["Aggregate","Steam","Recycle"],"picked":"SKIP","floor":20.0},{"not_picked":["Coolheaded","Reprogram"],"picked":"Self Repair","floor":21.0},{"not_picked":["Steam","Leap"],"picked":"Beam Cell","floor":24.0},{"not_picked":["Aggregate","Beam Cell","Turbo"],"picked":"Compile Driver","floor":25.0},{"not_picked":["Rebound","Coolheaded","Doom and Gloom"],"picked":"Electrodynamics","floor":29.0},{"not_picked":["Beam Cell","Streamline","Tempest","Barrage"],"picked":"SKIP","floor":30.0},{"not_picked":["Leap","Reprogram","Aggregate"],"picked":"Capacitor","floor":31.0},{"not_picked":["All For One","Echo Form","Meteor Strike"],"picked":"Seek","floor":33.0},{"not_picked":["White Noise"],"picked":"Barrage","floor":35.0},{"not_picked":["Stack","Sweeping Beam"],"picked":"SKIP","floor":36.0},{"not_picked":["Go for the Eyes"],"picked":"Static Discharge","floor":37.0},{"not_picked":["Compile Driver","Cold Snap"],"picked":"SKIP","floor":38.0},{"not_picked":["Gash+1","Rebound+1"],"picked":"SKIP","floor":39.0},{"not_picked":["Leap"],"picked":"Seek","floor":41.0},{"not_picked":["Gash"],"picked":"Coolheaded","floor":42.0},{"not_picked":["Discovery"],"picked":"Impatience","floor":44.0},{"not_picked":["Deep Breath"],"picked":"Finesse","floor":44.0},{"not_picked":["Go for the Eyes+1"],"picked":"Heatsinks+1","floor":45.0},{"not_picked":["Hello World"],"picked":"Coolheaded+1","floor":47},{"not_picked":["Force Field","Cold Snap"],"picked":"SKIP","floor":48},{"not_picked":["Cold Snap"],"picked":"Force Field","floor":48}],"player_experience":1951178,"relics_obtained":[{"floor":7.0,"key":"Bag of Marbles"},{"floor":9.0,"key":"Bottled Tornado"},{"floor":11.0,"key":"Turnip"},{"floor":12.0,"key":"Smiling Mask"},{"floor":14.0,"key":"Vajra"},{"floor":24.0,"key":"Question Card"},{"floor":26.0,"key":"Oddly Smooth Stone"},{"floor":29.0,"key":"Peace Pipe"},{"floor":41.0,"key":"Centennial Puzzle"},{"floor":47,"key":"Nunchaku"}],"event_choices":[{"damage_healed":0.0,"max_hp_gain":0.0,"max_hp_loss":0.0,"gold_gain":150.0,"event_name":"Liars Game","player_choice":"AGREE","floor":2.0,"gold_loss":0.0,"damage_taken":0.0,"cards_obtained":["Doubt"]},{"damage_healed":0.0,"max_hp_gain":0.0,"max_hp_loss":0.0,"gold_gain":0.0,"event_name":"Dead Adventurer","player_choice":"Searched \u00271\u0027 times","floor":11.0,"gold_loss":0.0,"damage_taken":0.0},{"cards_removed":["Clumsy"],"damage_healed":0.0,"max_hp_gain":0.0,"max_hp_loss":0.0,"gold_gain":0.0,"event_name":"Living Wall","player_choice":"Forget","floor":13.0,"gold_loss":0.0,"damage_taken":0.0},{"damage_healed":0.0,"max_hp_gain":0.0,"max_hp_loss":36.0,"gold_gain":0.0,"event_name":"Ghosts","player_choice":"Became a Ghost","floor":28.0,"gold_loss":0.0,"damage_taken":0.0,"cards_obtained":["Ghostly","Ghostly","Ghostly"]},{"damage_healed":0.0,"max_hp_gain":0.0,"max_hp_loss":0.0,"gold_gain":0.0,"event_name":"SensoryStone","player_choice":"Memory 2","floor":44.0,"gold_loss":0.0,"damage_taken":5.0}],"is_beta":false,"boss_relics":[{"not_picked":["White Beast Statue","Calling Bell"],"picked":"Nuclear Battery"},{"not_picked":["FrozenCore","Eternal Feather"],"picked":"Busted Crown"}],"items_purged_floors":[4,46],"is_endless":false,"potions_floor_spawned":[3,5,8,11,14,18,19,30,31,33,38,39,47],"killed_by":"Shield and Spear","ascension_level":20}