{"gold_per_floor":[112,112,27,27,45,60,60,103,149,173,173,130,164,164,164,260,260,283,7,7,26,42,81,104,120,144,0,0,0,20,20,20,110,110,128,27,27,40,40],"floor_reached":39,"playtime":2446,"items_purged":[],"score":736,"play_id":"7594df75-92cd-4154-b544-5de8c63f96a5","local_time":"20190804215330","is_ascension_mode":true,"campfire_choices":[{"data":"Envenom","floor":7,"key":"SMITH"},{"data":"Neutralize","floor":11,"key":"SMITH"},{"floor":15,"key":"REST"},{"floor":29,"key":"REST"},{"floor":32,"key":"REST"}],"neow_cost":"NONE","seed_source_timestamp":21823826143097,"circlet_count":0,"master_deck":["AscendersBane","Strike_G","Strike_G","Strike_G","Strike_G","Defend_G","Defend_G","Defend_G","Defend_G","Defend_G","Survivor","Neutralize+1","Envenom+1","Backflip","Sucker Punch","Cloak And Dagger+1","Deadly Poison","Heel Hook","Poisoned Stab","Escape Plan","After Image","Dodge and Roll+1","Flying Knee","Crippling Poison","Dagger Throw","Concentrate","Dagger Spray","Doppelganger","Burst","Outmaneuver+1","Noxious Fumes+1","Bouncing Flask","Adrenaline","Concentrate+1"],"relics":["Ring of the Snake","Golden Idol","Bronze Scales","Snake Skull","The Courier","Runic Pyramid","Incense Burner","Frozen Egg 2","Nloth\u0027s Gift","Eternal Feather"],"potions_floor_usage":[8,16,16,23,33],"damage_taken":[{"damage":4,"enemies":"Small Slimes","floor":1,"turns":5},{"damage":2,"enemies":"2 Louse","floor":5,"turns":4},{"damage":0,"enemies":"Cultist","floor":6,"turns":3},{"damage":18,"enemies":"3 Sentries","floor":8,"turns":11},{"damage":2,"enemies":"Blue Slaver","floor":10,"turns":4},{"damage":11,"enemies":"Gremlin Nob","floor":13,"turns":4},{"damage":33,"enemies":"The Guardian","floor":16,"turns":9},{"damage":18,"enemies":"Spheric Guardian","floor":18,"turns":6},{"damage":3,"enemies":"Shell Parasite","floor":21,"turns":5},{"damage":1,"enemies":"Cultist and Chosen","floor":22,"turns":6},{"damage":19,"enemies":"Book of Stabbing","floor":23,"turns":6},{"damage":0,"enemies":"Centurion and Healer","floor":24,"turns":8},{"damage":9,"enemies":"Shelled Parasite and Fungi","floor":25,"turns":6},{"damage":4,"enemies":"Snecko","floor":30,"turns":5},{"damage":50,"enemies":"Collector","floor":33,"turns":11},{"damage":0,"enemies":"3 Shapes","floor":35,"turns":6},{"damage":39,"enemies":"3 Darklings","floor":38,"turns":7},{"damage":20,"enemies":"Sphere and 2 Shapes","floor":39,"turns":3}],"seed_played":"-8427422774789961340","potions_obtained":[{"floor":6,"key":"EssenceOfSteel"},{"floor":8,"key":"Regen Potion"},{"floor":16,"key":"Fruit Juice"},{"floor":23,"key":"FairyPotion"},{"floor":25,"key":"Poison Potion"},{"floor":33,"key":"FearPotion"}],"is_trial":false,"path_per_floor":["M","?","$","?","M","M","R","E","T","M","R","?","E","?","R","B",null,"M","$","?","M","M","E","M","M","T","?","?","R","M","?","R","B",null,"M","$","?","M","M"],"character_chosen":"THE_SILENT","items_purchased":["Sucker Punch","AttackPotion","Incense Burner","Noxious Fumes+1","Bouncing Flask"],"campfire_rested":3,"item_purchase_floors":[3,3,19,36,36],"current_hp_per_floor":[55,55,55,55,53,53,53,35,35,33,33,33,22,22,41,23,55,37,37,37,34,33,19,19,10,10,10,10,31,27,27,48,7,55,55,55,55,16,0],"gold":40,"neow_bonus":"ONE_RANDOM_RARE_CARD","is_prod":false,"is_daily":false,"chose_seed":false,"campfire_upgraded":2,"win_rate":0,"timestamp":1564919610,"path_taken":["M","?","$","?","M","M","R","E","T","?","R","?","E","?","R","BOSS","M","$","?","M","?","E","M","M","T","?","?","R","?","?","R","BOSS","M","$","?","?","M"],"build_version":"2019-07-17","purchased_purges":0,"victory":false,"max_hp_per_floor":[66,66,66,66,66,66,66,66,66,66,66,66,66,66,66,66,66,66,66,66,66,66,71,71,71,71,71,71,71,71,71,71,71,71,71,71,71,71,71],"card_choices":[{"not_picked":["Bane","Underhanded Strike"],"picked":"Backflip","floor":1},{"not_picked":["Tactician","Backflip"],"picked":"Cloak And Dagger","floor":5},{"not_picked":["Slice","Eviscerate"],"picked":"Deadly Poison","floor":6},{"not_picked":["Finisher","Backflip"],"picked":"Heel Hook","floor":8},{"not_picked":["Infinite Blades","PiercingWail"],"picked":"Poisoned Stab","floor":10},{"not_picked":["Skewer","Accuracy"],"picked":"Escape Plan","floor":13},{"not_picked":["A Thousand Cuts","Storm of Steel"],"picked":"After Image","floor":16},{"not_picked":["Deadly Poison","Riddle With Holes"],"picked":"Dodge and Roll+1","floor":18},{"not_picked":["Flying Knee","Quick Slash","Deadly Poison"],"picked":"SKIP","floor":21},{"not_picked":["Quick Slash","Deadly Poison"],"picked":"Flying Knee","floor":21},{"not_picked":["Dagger Spray","Dodge and Roll"],"picked":"Crippling Poison","floor":22},{"not_picked":["Bane","Glass Knife"],"picked":"Dagger Throw","floor":23},{"not_picked":["Underhanded Strike","Calculated Gamble"],"picked":"Concentrate","floor":24},{"not_picked":["Sucker Punch","Prepared"],"picked":"Dagger Spray","floor":25},{"not_picked":["Sucker Punch","Predator"],"picked":"Doppelganger","floor":30},{"not_picked":["Night Terror","Venomology"],"picked":"Burst","floor":33},{"not_picked":["Backflip","Finisher+1"],"picked":"Outmaneuver+1","floor":35},{"not_picked":["Dagger Throw","Riddle With Holes"],"picked":"Concentrate+1","floor":38}],"player_experience":1125983,"relics_obtained":[{"floor":8,"key":"Bronze Scales"},{"floor":9,"key":"Snake Skull"},{"floor":13,"key":"The Courier"},{"floor":23,"key":"Frozen Egg 2"},{"floor":26,"key":"Omamori"}],"event_choices":[{"damage_healed":0,"gold_gain":0,"player_choice":"Take Wound","damage_taken":0,"relics_obtained":["Golden Idol"],"max_hp_gain":0,"max_hp_loss":0,"event_name":"Golden Idol","floor":2,"gold_loss":0,"cards_obtained":["Injury"]},{"cards_removed":["Injury"],"damage_healed":0,"gold_gain":0,"player_choice":"Removed Curses","damage_taken":0,"max_hp_gain":0,"max_hp_loss":0,"event_name":"Fountain of Cleansing","floor":4,"gold_loss":0},{"damage_healed":0,"gold_gain":0,"player_choice":"Left Gold","damage_taken":0,"max_hp_gain":0,"max_hp_loss":0,"event_name":"World of Goop","floor":12,"gold_loss":43},{"damage_healed":0,"gold_gain":0,"player_choice":"Grow","damage_taken":0,"max_hp_gain":0,"max_hp_loss":0,"event_name":"Living Wall","floor":14,"gold_loss":0,"cards_upgraded":["Cloak And Dagger"]},{"cards_removed":["Strike_G"],"damage_healed":0,"gold_gain":0,"player_choice":"Offered Basic","damage_taken":0,"max_hp_gain":0,"max_hp_loss":0,"event_name":"Bonfire Elementals","floor":20,"gold_loss":0},{"damage_healed":0,"gold_gain":0,"player_choice":"Paid Fearfully","damage_taken":0,"max_hp_gain":0,"max_hp_loss":0,"event_name":"Masked Bandits","floor":27,"gold_loss":144},{"damage_healed":0,"gold_gain":0,"player_choice":"Traded Relic","damage_taken":0,"relics_obtained":["Nloth\u0027s Gift"],"max_hp_gain":0,"max_hp_loss":0,"event_name":"N\u0027loth","floor":28,"relics_lost":["Omamori"],"gold_loss":0},{"damage_healed":0,"gold_gain":0,"player_choice":"Ignored","damage_taken":0,"max_hp_gain":0,"max_hp_loss":0,"event_name":"Ghosts","floor":31,"gold_loss":0},{"damage_healed":0,"gold_gain":0,"player_choice":"1 cards matched","damage_taken":0,"max_hp_gain":0,"max_hp_loss":0,"event_name":"Match and Keep!","floor":37,"gold_loss":0,"cards_obtained":["Adrenaline"]}],"is_beta":false,"boss_relics":[{"not_picked":["Pandora\u0027s Box","Orrery"],"picked":"Runic Pyramid"},{"not_picked":["Runic Dome","HoveringKite"],"picked":"Eternal Feather"}],"items_purged_floors":[],"is_endless":false,"potions_floor_spawned":[6,8,16,23,25,30,33],"killed_by":"Sphere and 2 Shapes","ascension_level":16}