{"gold_per_floor":[114,189,189,189,199,199,225,225,255,265,277,277,296,34,34,34],"floor_reached":16,"playtime":526,"items_purged":[],"score":175,"play_id":"4db92cff-dbd4-48e8-8bc3-91eff7af5ad3","local_time":"20190722055157","is_ascension_mode":true,"campfire_choices":[{"data":"Streamline","floor":6,"key":"SMITH"},{"floor":8,"key":"REST"},{"floor":12,"key":"REST"},{"data":"Beam Cell","floor":15,"key":"SMITH"}],"neow_cost":"CURSE","seed_source_timestamp":60613526079220,"circlet_count":0,"master_deck":["AscendersBane","Strike_B","Strike_B","Defend_B","Defend_B","Defend_B","Defend_B","Zap","Dualcast","Shame","Steam Power","Loop","Streamline+1","Pain","Reinforced Body","Beam Cell+1","FTL","Machine Learning"],"relics":["Cracked Core","WarpedTongs","Gremlin Horn","Tiny Chest","Shuriken"],"potions_floor_usage":[16],"damage_taken":[{"damage":9,"enemies":"Jaw Worm","floor":1,"turns":4},{"damage":1,"enemies":"Small Slimes","floor":5,"turns":3},{"damage":45,"enemies":"3 Sentries","floor":7,"turns":8},{"damage":3,"enemies":"Cultist","floor":10,"turns":3},{"damage":2,"enemies":"Blue Slaver","floor":11,"turns":5},{"damage":0,"enemies":"2 Fungi Beasts","floor":13,"turns":2},{"damage":58,"enemies":"The Guardian","floor":16,"turns":8}],"seed_played":"6532047682941381362","potions_obtained":[{"floor":1,"key":"SteroidPotion"},{"floor":11,"key":"SpeedPotion"}],"is_trial":false,"path_per_floor":["M","?","?","?","M","R","E","R","T","M","M","R","M","$","R","B"],"character_chosen":"DEFECT","items_purchased":["Shuriken"],"campfire_rested":2,"item_purchase_floors":[14],"current_hp_per_floor":[55,44,67,67,66,66,21,42,42,39,37,58,58,58,58,0],"gold":34,"neow_bonus":"TRANSFORM_TWO_CARDS","is_prod":false,"is_daily":false,"chose_seed":false,"campfire_upgraded":2,"win_rate":0,"timestamp":1563738717,"path_taken":["M","?","?","?","M","R","E","R","T","M","M","R","M","$","R","BOSS"],"build_version":"2019-07-17","purchased_purges":0,"victory":false,"max_hp_per_floor":[71,71,71,71,71,71,71,71,71,71,71,71,71,71,71,71],"card_choices":[{"not_picked":["Rip and Tear","Turbo"],"picked":"Streamline","floor":1},{"not_picked":["Stack","Double Energy"],"picked":"Reinforced Body","floor":5},{"not_picked":["Redo","Loop"],"picked":"Beam Cell","floor":7},{"not_picked":["Gash","Steam","Streamline"],"picked":"SKIP","floor":10},{"not_picked":["Leap","Capacitor"],"picked":"FTL","floor":11},{"not_picked":["Go for the Eyes","Reprogram"],"picked":"Machine Learning","floor":13}],"player_experience":1055268,"relics_obtained":[{"floor":7,"key":"Gremlin Horn"},{"floor":9,"key":"Tiny Chest"}],"event_choices":[{"damage_healed":0,"gold_gain":75,"player_choice":"Gather Gold","damage_taken":11,"max_hp_gain":0,"max_hp_loss":0,"event_name":"World of Goop","floor":2,"gold_loss":0},{"damage_healed":23,"gold_gain":0,"player_choice":"Banana","damage_taken":0,"max_hp_gain":0,"max_hp_loss":0,"event_name":"Big Fish","floor":3,"gold_loss":0},{"damage_healed":0,"gold_gain":0,"player_choice":"Rummage","damage_taken":0,"relics_obtained":["WarpedTongs"],"max_hp_gain":0,"max_hp_loss":0,"event_name":"Accursed Blacksmith","floor":4,"gold_loss":0,"cards_obtained":["Pain"]}],"is_beta":false,"boss_relics":[],"items_purged_floors":[],"is_endless":false,"potions_floor_spawned":[1,11,13],"killed_by":"The Guardian","ascension_level":15}