{"gold_per_floor":[115,85,135,146,165,200,200,200,276,295,295,39,64,82,82,179,179,195,90,101,101,101,135,135,165,165,165,185,220,220,231,231,326,376,396,496,510,87,87,112,112,128,153,171,184,219,235,254,254,254],"floor_reached":51,"playtime":4795,"items_purged":["Decay"],"score":902,"play_id":"0dcdae78-d27f-4638-92df-5408e325f83c","local_time":"20190217021753","is_ascension_mode":true,"campfire_choices":[{"floor":8,"key":"REST"},{"floor":11,"key":"REST"},{"data":"Apotheosis","floor":15,"key":"SMITH"},{"floor":24,"key":"REST"},{"floor":27,"key":"REST"},{"floor":30,"key":"REST"},{"floor":32,"key":"REST"},{"floor":41,"key":"REST"},{"floor":49,"key":"REST"}],"neow_cost":"NONE","seed_source_timestamp":362577482048400,"circlet_count":0,"master_deck":["Strike_B","Strike_B","Strike_B","Defend_B","Defend_B+1","Defend_B","Defend_B","Zap","Dualcast","Impatience","Doom and Gloom+1","Genetic Algorithm","Lockon","Multi-Cast","Stack","Apotheosis+1","Reprogram","Defragment+1","Machine Learning","Ball Lightning+1","Sunder","Rebound","Leap+1","Double Energy","Conserve Battery+1","Redo","Creative AI+1","Coolheaded","Heatsinks+1","Genetic Algorithm","Redo","Panacea"],"relics":["Cracked Core","Bronze Scales","Pear","Pen Nib","Fusion Hammer","Frozen Egg 2","Bottled Flame","Singing Bowl","Regal Pillow","Tiny House","Mango","DollysMirror","Centennial Puzzle","Boot","Art of War"],"potions_floor_usage":[16,16,16,25,33,40,40,47,48,50,50],"damage_taken":[{"damage":2,"enemies":"2 Louse","floor":1,"turns":2},{"damage":9,"enemies":"Jaw Worm","floor":4,"turns":4},{"damage":3,"enemies":"Small Slimes","floor":5,"turns":3},{"damage":26,"enemies":"Lagavulin","floor":6,"turns":5},{"damage":3,"enemies":"Blue Slaver","floor":10,"turns":3},{"damage":18,"enemies":"Gremlin Nob","floor":13,"turns":3},{"damage":2,"enemies":"Looter","floor":14,"turns":2},{"damage":4,"enemies":"Hexaghost","floor":16,"turns":5},{"damage":23,"enemies":"2 Thieves","floor":18,"turns":4},{"damage":1,"enemies":"Spheric Guardian","floor":20,"turns":4},{"damage":46,"enemies":"Slavers","floor":23,"turns":4},{"damage":12,"enemies":"Book of Stabbing","floor":25,"turns":4},{"damage":7,"enemies":"Cultist and Chosen","floor":28,"turns":5},{"damage":15,"enemies":"Gremlin Leader","floor":29,"turns":5},{"damage":2,"enemies":"Snecko","floor":31,"turns":4},{"damage":68,"enemies":"Automaton","floor":33,"turns":7},{"damage":9,"enemies":"Orb Walker","floor":35,"turns":3},{"damage":0,"enemies":"Mind Bloom Boss Battle","floor":36,"turns":7},{"damage":15,"enemies":"3 Shapes","floor":37,"turns":3},{"damage":27,"enemies":"Reptomancer","floor":40,"turns":7},{"damage":0,"enemies":"Maw","floor":42,"turns":6},{"damage":51,"enemies":"Writhing Mass","floor":44,"turns":5},{"damage":25,"enemies":"4 Shapes","floor":45,"turns":5},{"damage":6,"enemies":"Nemesis","floor":46,"turns":7},{"damage":17,"enemies":"Sphere and 2 Shapes","floor":47,"turns":3},{"damage":0,"enemies":"Writhing Mass","floor":48,"turns":6},{"damage":36,"enemies":"Time Eater","floor":50,"turns":11}],"seed_played":"296370501959408909","potions_obtained":[{"floor":5,"key":"Strength Potion"},{"floor":10,"key":"Swift Potion"},{"floor":13,"key":"Energy Potion"},{"floor":14,"key":"AttackPotion"},{"floor":16,"key":"Energy Potion"},{"floor":20,"key":"SpeedPotion"},{"floor":25,"key":"Energy Potion"},{"floor":31,"key":"PowerPotion"},{"floor":34,"key":"AttackPotion"},{"floor":37,"key":"FocusPotion"},{"floor":45,"key":"Block Potion"},{"floor":46,"key":"EssenceOfSteel"},{"floor":47,"key":"SkillPotion"}],"is_trial":false,"path_per_floor":["M","?","?","M","M","E","?","R","T","M","R","$","E","M","R","B",null,"M","$","M","?","?","E","R","E","T","R","M","E","R","M","R","B",null,"M","?","M","$","?","E","R","M","T","M","M","E","M","M","R","B",null],"character_chosen":"DEFECT","items_purchased":["Apotheosis","Reprogram","Loop","Sunder","DollysMirror","Redo","Panacea"],"campfire_rested":8,"item_purchase_floors":[12,12,19,19,38,38,38],"current_hp_per_floor":[73,73,73,64,61,35,20,42,52,49,74,74,56,54,54,50,85,62,62,61,61,61,15,40,28,28,53,46,33,74,72,87,19,92,83,99,86,86,86,61,109,111,111,62,39,35,20,22,74,38],"gold":254,"neow_bonus":"RANDOM_COLORLESS","is_prod":false,"is_daily":false,"chose_seed":false,"campfire_upgraded":1,"win_rate":1,"timestamp":1550398673,"path_taken":["M","?","?","M","M","E","?","R","T","M","R","?","E","?","R","BOSS","M","$","M","?","?","E","R","E","T","R","M","E","R","M","R","BOSS","M","?","M","$","?","E","R","M","T","M","M","E","M","M","R","BOSS"],"build_version":"2019-01-23","purchased_purges":1,"victory":true,"max_hp_per_floor":[75,75,75,75,75,75,75,75,85,85,85,85,85,85,85,85,85,85,85,85,85,85,85,85,85,85,85,85,87,87,87,87,87,92,92,108,110,110,110,112,112,114,114,116,118,120,122,124,124,124],"card_choices":[{"not_picked":["Hologram","Sunder"],"picked":"Doom and Gloom","floor":1},{"not_picked":["Scrape","Beam Cell"],"picked":"Genetic Algorithm","floor":4},{"not_picked":["Heatsinks","Cold Snap"],"picked":"Lockon","floor":5},{"not_picked":["Cold Snap","Force Field"],"picked":"Multi-Cast","floor":6},{"not_picked":["Barrage","Streamline"],"picked":"Stack","floor":10},{"not_picked":["Tempest","Streamline","BootSequence"],"picked":"SKIP","floor":13},{"not_picked":["Melter","Tempest"],"picked":"Defragment","floor":14},{"not_picked":["Meteor Strike","Fission"],"picked":"Machine Learning","floor":16},{"not_picked":["Beam Cell+1","Leap"],"picked":"Ball Lightning+1","floor":18},{"not_picked":["Auto Shields+1","Storm+1"],"picked":"Rebound","floor":20},{"not_picked":["Ball Lightning","Cold Snap+1"],"picked":"Leap+1","floor":23},{"not_picked":["Static Discharge+1","Steam"],"picked":"Double Energy","floor":25},{"not_picked":["Rebound+1","Aggregate+1"],"picked":"Conserve Battery+1","floor":28},{"not_picked":["Streamline","Steam Power+1","Ball Lightning"],"picked":"Singing Bowl","floor":29},{"not_picked":["Cold Snap","Heatsinks+1"],"picked":"Redo","floor":31},{"not_picked":["Biased Cognition+1","All For One"],"picked":"Creative AI+1","floor":33},{"not_picked":["White Noise+1","Stack"],"picked":"Coolheaded","floor":34},{"not_picked":["Hologram","Leap+1"],"picked":"Heatsinks+1","floor":35},{"not_picked":["Beam Cell+1","Stack","Static Discharge+1"],"picked":"Singing Bowl","floor":36},{"not_picked":["Streamline","Coolheaded","Sweeping Beam"],"picked":"Singing Bowl","floor":37},{"not_picked":["Compile Driver+1","Barrage+1","Chill"],"picked":"Singing Bowl","floor":40},{"not_picked":["Conserve Battery","Barrage+1","Meteor Strike"],"picked":"Singing Bowl","floor":42},{"not_picked":["Leap","Beam Cell","Rebound+1"],"picked":"Singing Bowl","floor":44},{"not_picked":["Turbo+1","Conserve Battery+1","Compile Driver+1"],"picked":"Singing Bowl","floor":45},{"not_picked":["Storm+1","Beam Cell+1","Leap+1"],"picked":"Singing Bowl","floor":46},{"not_picked":["Redo","Capacitor+1","Cold Snap"],"picked":"Singing Bowl","floor":47},{"not_picked":["Genetic Algorithm","Thunder Strike","Gash"],"picked":"Singing Bowl","floor":48}],"player_experience":86199,"relics_obtained":[{"floor":6,"key":"Bronze Scales"},{"floor":9,"key":"Pear"},{"floor":13,"key":"Pen Nib"},{"floor":23,"key":"Frozen Egg 2"},{"floor":25,"key":"Bottled Flame"},{"floor":26,"key":"Singing Bowl"},{"floor":29,"key":"Regal Pillow"},{"floor":36,"key":"Mango"},{"floor":40,"key":"Centennial Puzzle"},{"floor":43,"key":"Boot"},{"floor":46,"key":"Art of War"}],"event_choices":[{"damage_healed":0,"gold_gain":0,"player_choice":"Left Gold","damage_taken":0,"max_hp_gain":0,"max_hp_loss":0,"event_name":"World of Goop","floor":2,"gold_loss":30},{"damage_healed":0,"gold_gain":50,"player_choice":"Gained Gold","damage_taken":0,"max_hp_gain":0,"max_hp_loss":0,"event_name":"Golden Wing","floor":3,"gold_loss":0},{"damage_healed":0,"gold_gain":0,"player_choice":"Entered Light","damage_taken":15,"max_hp_gain":0,"max_hp_loss":0,"event_name":"Shining Light","floor":7,"gold_loss":0,"cards_upgraded":["Doom and Gloom","Defend_B"]},{"damage_healed":0,"gold_gain":0,"player_choice":"Smashed Altar","damage_taken":0,"max_hp_gain":0,"max_hp_loss":0,"event_name":"Forgotten Altar","floor":21,"gold_loss":0,"cards_obtained":["Decay"]},{"cards_removed":["Strike_B"],"damage_healed":0,"gold_gain":0,"player_choice":"Elegance","damage_taken":0,"max_hp_gain":0,"max_hp_loss":0,"event_name":"Back to Basics","floor":22,"gold_loss":0},{"damage_healed":0,"gold_gain":0,"player_choice":"Fight","damage_taken":0,"max_hp_gain":0,"max_hp_loss":0,"event_name":"MindBloom","floor":36,"gold_loss":0},{"cards_removed":["Loop"],"damage_healed":0,"gold_gain":0,"player_choice":"Removed Power","damage_taken":0,"max_hp_gain":0,"max_hp_loss":0,"event_name":"Falling","floor":39,"gold_loss":0}],"is_beta":false,"boss_relics":[{"not_picked":["Black Star","Orrery"],"picked":"Fusion Hammer"},{"not_picked":["Calling Bell","Coffee Dripper"],"picked":"Tiny House"}],"items_purged_floors":[38],"is_endless":false,"potions_floor_spawned":[5,10,13,14,16,20,25,31,35,37,45,46,47],"ascension_level":2}