{"gold_per_floor":[212,212,227,227,239,239,266,266,289,19,78,78,88,115,115,189,189,209,220,233,249,268,323,323,0,0,17,35,62,62,76,76,147,147,162,176,189,189,237,237,269,269,269,269,283,13,87,105,105,105],"floor_reached":51,"playtime":2713,"items_purged":["Go for the Eyes"],"score":1470,"play_id":"76db7f21-0af8-42d0-a022-2bd7a0b34772","local_time":"20190811142950","is_ascension_mode":true,"campfire_choices":[{"data":"Zap","floor":6.0,"key":"SMITH"},{"floor":8.0,"key":"REST"},{"floor":15.0,"key":"REST"},{"floor":24.0,"key":"REST"},{"data":"Capacitor","floor":30.0,"key":"SMITH"},{"data":"Defragment","floor":32.0,"key":"SMITH"},{"data":"Biased Cognition","floor":40.0,"key":"SMITH"},{"floor":42.0,"key":"REST"},{"floor":49.0,"key":"REST"}],"neow_cost":"NONE","seed_source_timestamp":23449929821938,"circlet_count":0,"master_deck":["AscendersBane","Strike_B","Strike_B","Defend_B","Defend_B","Defend_B","Defend_B","Zap+1","Dualcast","Sunder","White Noise","Sweeping Beam","Biased Cognition+1","Static Discharge","Glacier","Capacitor+1","Electrodynamics","Defragment+1","Consume+1","Stack+1","Ball Lightning","Hologram+1","BootSequence","Coolheaded","Glacier","Darkness+1","Chill+1","Reboot+1","White Noise+1","Aggregate+1","Hologram+1","Hologram+1","Tempest+1","Defragment","Turbo+1","Purity+1","Defragment"],"special_seed":0,"relics":["Cracked Core","Bag of Marbles","Happy Flower","Question Card","Mango","Mummified Hand","Snecko Eye","Tiny Chest","Cables","Dream Catcher","Toxic Egg 2","Runic Pyramid","Torii","Calipers","Gremlin Horn","Vajra","Pear"],"potions_floor_usage":[50,50,50,50],"damage_taken":[{"damage":1.0,"enemies":"2 Louse","floor":1.0,"turns":3.0},{"damage":6.0,"enemies":"Cultist","floor":3.0,"turns":3.0},{"damage":7.0,"enemies":"Jaw Worm","floor":5.0,"turns":3.0},{"damage":18.0,"enemies":"Gremlin Nob","floor":7.0,"turns":4.0},{"damage":20.0,"enemies":"Lagavulin Event","floor":11.0,"turns":3.0},{"damage":13.0,"enemies":"Exordium Thugs","floor":13.0,"turns":3.0},{"damage":1.0,"enemies":"3 Sentries","floor":14.0,"turns":7.0},{"damage":30.0,"enemies":"The Guardian","floor":16.0,"turns":13.0},{"damage":0.0,"enemies":"Spheric Guardian","floor":18.0,"turns":3.0},{"damage":7.0,"enemies":"Chosen","floor":19.0,"turns":3.0},{"damage":0.0,"enemies":"3 Cultists","floor":20.0,"turns":2.0},{"damage":2.0,"enemies":"Snecko","floor":21.0,"turns":8.0},{"damage":0.0,"enemies":"Centurion and Healer","floor":22.0,"turns":4.0},{"damage":23.0,"enemies":"Book of Stabbing","floor":23.0,"turns":4.0},{"damage":6.0,"enemies":"Snake Plant","floor":27.0,"turns":1.0},{"damage":0.0,"enemies":"3 Cultists","floor":28.0,"turns":2.0},{"damage":4.0,"enemies":"Slavers","floor":29.0,"turns":3.0},{"damage":0.0,"enemies":"Cultist and Chosen","floor":31.0,"turns":3.0},{"damage":0.0,"enemies":"Champ","floor":33.0,"turns":9.0},{"damage":13.0,"enemies":"Orb Walker","floor":35.0,"turns":4.0},{"damage":5.0,"enemies":"3 Shapes","floor":36.0,"turns":5.0},{"damage":0.0,"enemies":"3 Darklings","floor":37.0,"turns":4.0},{"damage":0.0,"enemies":"2 Orb Walkers","floor":39.0,"turns":5.0},{"damage":10.0,"enemies":"Giant Head","floor":41.0,"turns":11.0},{"damage":12.0,"enemies":"Sphere and 2 Shapes","floor":45.0,"turns":5.0},{"damage":38.0,"enemies":"Transient","floor":48.0,"turns":6.0},{"damage":52,"enemies":"Awakened One","floor":50,"turns":11}],"seed_played":"-4767738986488617538","potions_obtained":[{"floor":1.0,"key":"Dexterity Potion"},{"floor":3.0,"key":"FocusPotion"},{"floor":11.0,"key":"EntropicBrew"},{"floor":16.0,"key":"Explosive Potion"},{"floor":18.0,"key":"Ancient Potion"},{"floor":37.0,"key":"Block Potion"},{"floor":45.0,"key":"FocusPotion"}],"is_trial":false,"path_per_floor":["M","?","M","?","M","R","E","R","T","$","?","?","M","E","R","B",null,"M","M","M","M","M","E","R","$","T","M","M","E","R","M","R","B",null,"M","M","M","T","?","R","E","R","T","?","M","$","T","M","R","B",null],"character_chosen":"DEFECT","items_purchased":["Question Card","Cables","BootSequence","Turbo+1","Purity+1","PowerPotion"],"campfire_rested":5,"item_purchase_floors":[10,25,25,46,46,46],"current_hp_per_floor":[63,63,57,57,50,50,32,53,53,53,47,47,34,33,58,28,71,71,64,64,62,62,39,64,64,64,58,58,54,54,54,54,54,77,64,59,59,59,59,59,49,74,74,74,62,62,72,34,61,9],"gold":105,"neow_bonus":"HUNDRED_GOLD","is_prod":false,"is_daily":false,"chose_seed":false,"campfire_upgraded":4,"win_rate":0,"timestamp":1565497790,"path_taken":["M","?","?","?","M","R","E","R","T","?","?","?","M","E","R","BOSS","M","M","M","M","M","E","R","$","T","M","M","E","R","?","R","BOSS","M","M","M","?","?","R","E","R","T","?","M","$","?","M","R","BOSS"],"build_version":"2019-07-17","purchased_purges":1,"victory":true,"max_hp_per_floor":[71,71,71,71,71,71,71,71,71,71,85,85,85,85,85,85,85,85,85,85,85,85,85,85,85,85,85,85,85,85,85,85,85,85,85,85,85,85,85,85,85,85,85,81,81,81,91,91,91,91],"card_choices":[{"not_picked":["Glacier","Steam Power"],"picked":"Sunder","floor":1.0},{"not_picked":["Gash","Streamline"],"picked":"White Noise","floor":3.0},{"not_picked":["Ball Lightning","Rebound"],"picked":"Sweeping Beam","floor":5.0},{"not_picked":["Rainbow","Capacitor"],"picked":"Biased Cognition","floor":7.0},{"not_picked":["Leap","Double Energy","Gash"],"picked":"Static Discharge","floor":11.0},{"not_picked":["Cold Snap","Undo","Compile Driver"],"picked":"Glacier","floor":13.0},{"not_picked":["Chill","Redo","Tempest"],"picked":"Capacitor","floor":14.0},{"not_picked":["Reboot","Fission","Hyperbeam"],"picked":"Electrodynamics","floor":16.0},{"not_picked":["Stack","Coolheaded+1","Compile Driver"],"picked":"Defragment","floor":18.0},{"not_picked":["Skim","Cold Snap","Steam"],"picked":"Consume+1","floor":19.0},{"not_picked":["Streamline+1","Gash","Steam Power+1"],"picked":"Stack+1","floor":20.0},{"not_picked":["Buffer","Sweeping Beam","Leap"],"picked":"Ball Lightning","floor":21.0},{"not_picked":["Lockon+1","Sunder","Loop"],"picked":"Hologram+1","floor":22.0},{"not_picked":["Consume","Barrage","Scrape"],"picked":"Go for the Eyes","floor":23.0},{"not_picked":["Leap","Sweeping Beam","Steam"],"picked":"Coolheaded","floor":27.0},{"not_picked":["Streamline","FTL","Gash"],"picked":"Glacier","floor":28.0},{"not_picked":["Reinforced Body","Cold Snap","Compile Driver"],"picked":"Darkness+1","floor":29.0},{"not_picked":["Beam Cell","Storm","Compile Driver+1"],"picked":"Chill+1","floor":31.0},{"not_picked":["Hyperbeam","Machine Learning","Thunder Strike"],"picked":"Reboot+1","floor":33.0},{"not_picked":["Coolheaded+1","Compile Driver","Redo+1"],"picked":"White Noise+1","floor":35.0},{"not_picked":["Stack+1","Static Discharge","Compile Driver+1","Lockon"],"picked":"SKIP","floor":36.0},{"not_picked":["Chill+1","BootSequence+1","Loop"],"picked":"Aggregate+1","floor":37.0},{"not_picked":["Steam+1","Leap+1","Steam Power+1"],"picked":"Hologram+1","floor":39.0},{"not_picked":["Ball Lightning+1","Chill+1","Go for the Eyes+1"],"picked":"Hologram+1","floor":41.0},{"not_picked":["Recycle+1","Self Repair+1","Ball Lightning+1"],"picked":"Tempest+1","floor":42.0},{"not_picked":["Barrage","Gash+1","Steam Power+1"],"picked":"Defragment","floor":45.0},{"not_picked":["FTL","Redo+1","Loop"],"picked":"Defragment","floor":48.0}],"player_experience":1199360,"relics_obtained":[{"floor":7.0,"key":"Bag of Marbles"},{"floor":9.0,"key":"Happy Flower"},{"floor":11.0,"key":"Mango"},{"floor":14.0,"key":"Mummified Hand"},{"floor":23.0,"key":"Tiny Chest"},{"floor":26.0,"key":"Dream Catcher"},{"floor":29.0,"key":"Toxic Egg 2"},{"floor":38.0,"key":"Torii"},{"floor":39.0,"key":"Calipers"},{"floor":41.0,"key":"Gremlin Horn"},{"floor":43.0,"key":"Vajra"},{"floor":47.0,"key":"Pear"}],"event_choices":[{"cards_removed":["Strike_B"],"damage_healed":0.0,"max_hp_gain":0.0,"max_hp_loss":0.0,"gold_gain":0.0,"event_name":"Bonfire Elementals","player_choice":"Offered Basic","floor":2.0,"gold_loss":0.0,"damage_taken":0.0},{"damage_healed":0.0,"max_hp_gain":0.0,"max_hp_loss":0.0,"gold_gain":0.0,"event_name":"Lab","player_choice":"Got Potions","floor":4.0,"gold_loss":0.0,"damage_taken":0.0},{"damage_healed":0.0,"max_hp_gain":0.0,"max_hp_loss":0.0,"gold_gain":30.0,"event_name":"Dead Adventurer","player_choice":"Searched \u00272\u0027 times","floor":11.0,"gold_loss":0.0,"damage_taken":0.0},{"cards_removed":["Strike_B"],"damage_healed":0.0,"max_hp_gain":0.0,"max_hp_loss":0.0,"gold_gain":0.0,"event_name":"Purifier","player_choice":"Purged","floor":12.0,"gold_loss":0.0,"damage_taken":0.0},{"damage_healed":0.0,"max_hp_gain":0.0,"max_hp_loss":0.0,"gold_gain":0.0,"event_name":"Mysterious Sphere","player_choice":"Fight","floor":39.0,"gold_loss":0.0,"damage_taken":0.0},{"damage_healed":0.0,"max_hp_gain":0.0,"max_hp_loss":4.0,"gold_gain":0.0,"event_name":"Winding Halls","player_choice":"Max HP","floor":44.0,"gold_loss":0.0,"damage_taken":0.0}],"is_beta":false,"boss_relics":[{"not_picked":["Busted Crown","Velvet Choker"],"picked":"Snecko Eye"},{"not_picked":["Inserter","Cursed Key"],"picked":"Runic Pyramid"}],"items_purged_floors":[46],"is_endless":false,"potions_floor_spawned":[1,3,11,16,18,22,23,27,31,37,41,45],"ascension_level":17}