{"gold_per_floor":[119,137,137,152,170,200,215,226,226,226,242,242,273,290,290,290],"floor_reached":16,"playtime":923,"items_purged":[],"score":180,"play_id":"92808b7a-c9a9-476b-84d4-e5fa65b0c440","local_time":"20181116232504","is_ascension_mode":true,"campfire_choices":[{"floor":10,"key":"REST"},{"floor":15,"key":"REST"}],"neow_cost":"NONE","seed_source_timestamp":279121805152345,"circlet_count":0,"master_deck":["AscendersBane","Defend_G","Defend_G","Defend_G","Defend_G+1","Defend_G","Strike_G","Strike_G","Strike_G","Strike_G","Survivor","Neutralize","Sucker Punch","Adrenaline+1","PiercingWail","Underhanded Strike","Choke","Backflip+1","Infinite Blades"],"relics":["Ring of the Snake","PreservedInsect","War Paint","Bottled Flame","Centennial Puzzle"],"potions_floor_usage":[7,13,13],"damage_taken":[{"damage":9,"enemies":"Cultist","floor":1,"turns":5},{"damage":9,"enemies":"Jaw Worm","floor":2,"turns":6},{"damage":4,"enemies":"Small Slimes","floor":4,"turns":4},{"damage":2,"enemies":"Blue Slaver","floor":5,"turns":5},{"damage":26,"enemies":"3 Sentries","floor":6,"turns":10},{"damage":3,"enemies":"Large Slime","floor":7,"turns":6},{"damage":0,"enemies":"Red Slaver","floor":8,"turns":6},{"damage":6,"enemies":"Gremlin Gang","floor":11,"turns":5},{"damage":17,"enemies":"Lagavulin","floor":13,"turns":5},{"damage":0,"enemies":"Looter","floor":14,"turns":2},{"damage":29,"enemies":"Hexaghost","floor":16,"turns":14}],"seed_played":"6537935828286283906","potions_obtained":[{"floor":1,"key":"SteroidPotion"},{"floor":4,"key":"Weak Potion"},{"floor":6,"key":"Ancient Potion"},{"floor":8,"key":"Energy Potion"}],"is_trial":false,"path_per_floor":["M","M","?","M","M","E","M","M","T","R","M","?","E","M","R","B"],"character_chosen":"THE_SILENT","items_purchased":[],"campfire_rested":2,"item_purchase_floors":[],"current_hp_per_floor":[54,45,45,41,39,13,10,10,10,31,25,25,8,8,29,0],"gold":290,"neow_bonus":"RANDOM_COMMON_RELIC","is_prod":false,"is_daily":false,"chose_seed":false,"campfire_upgraded":0,"win_rate":0,"timestamp":1542428704,"path_taken":["M","M","?","?","M","E","M","M","T","R","M","?","E","?","R","BOSS"],"build_version":"2018-11-15","purchased_purges":0,"victory":false,"max_hp_per_floor":[70,70,70,70,70,70,70,70,70,70,70,70,70,70,70,70],"card_choices":[{"not_picked":["Distraction","Setup","Masterful Stab"],"picked":"SKIP","floor":1},{"not_picked":["Caltrops","Poisoned Stab"],"picked":"Sucker Punch","floor":2},{"not_picked":["Tactician","Glass Knife"],"picked":"PiercingWail","floor":4},{"not_picked":["Prepared","Deflect"],"picked":"Underhanded Strike","floor":5},{"not_picked":["Blade Dance","Footwork"],"picked":"Choke","floor":6},{"not_picked":["Well Laid Plans","Blur"],"picked":"Backflip","floor":7},{"not_picked":["Backflip","Concentrate"],"picked":"Infinite Blades","floor":8},{"not_picked":["Concentrate","Backflip","Tools of the Trade"],"picked":"SKIP","floor":11},{"not_picked":["Skewer","Backflip","Masterful Stab"],"picked":"SKIP","floor":13},{"not_picked":["PiercingWail","Choke","Bane"],"picked":"SKIP","floor":14}],"player_experience":686934,"relics_obtained":[{"floor":6,"key":"War Paint"},{"floor":9,"key":"Bottled Flame"},{"floor":13,"key":"Centennial Puzzle"}],"event_choices":[{"damage_healed":0,"gold_gain":0,"cards_transformed":["Strike_G"],"player_choice":"Transformed","damage_taken":0,"max_hp_gain":0,"max_hp_loss":0,"event_name":"Transmorgrifier","floor":3,"gold_loss":0,"cards_obtained":["Adrenaline"]},{"damage_healed":0,"gold_gain":0,"player_choice":"Forge","damage_taken":0,"max_hp_gain":0,"max_hp_loss":0,"event_name":"Accursed Blacksmith","floor":12,"gold_loss":0,"cards_upgraded":["Backflip"]}],"is_beta":false,"boss_relics":[],"items_purged_floors":[],"is_endless":false,"potions_floor_spawned":[1,4,6,8],"killed_by":"Hexaghost","ascension_level":11}