{"gold_per_floor":[114,114,133,150,150,188,211,211],"floor_reached":8,"playtime":13317,"items_purged":[],"score":61,"play_id":"67cd8ef6-f4ed-4dbd-b563-d381adb233e3","local_time":"20190326114652","is_ascension_mode":true,"campfire_choices":[],"neow_cost":"NONE","seed_source_timestamp":46248070321037,"circlet_count":0,"master_deck":["Defend_G","Defend_G","Defend_G","Defend_G","Defend_G","Strike_G","Strike_G","Strike_G","Strike_G","Strike_G","Survivor","Neutralize+1","Quick Slash+1","Quick Slash","Blade Dance","Injury","Riddle With Holes","Accuracy"],"relics":["Snecko Eye","Golden Idol","Question Card"],"potions_floor_usage":[6,8],"damage_taken":[{"damage":17,"enemies":"Jaw Worm","floor":1,"turns":8},{"damage":0,"enemies":"2 Louse","floor":3,"turns":3},{"damage":0,"enemies":"Small Slimes","floor":4,"turns":3},{"damage":26,"enemies":"3 Sentries","floor":6,"turns":11},{"damage":0,"enemies":"3 Louse","floor":7,"turns":3},{"damage":18,"enemies":"Lagavulin","floor":8,"turns":4}],"seed_played":"-7700761530055462552","potions_obtained":[{"floor":4,"key":"Block Potion"},{"floor":6,"key":"Fruit Juice"}],"is_trial":false,"path_per_floor":["M","?","M","M","?","E","M","E"],"character_chosen":"THE_SILENT","items_purchased":[],"campfire_rested":0,"item_purchase_floors":[],"current_hp_per_floor":[53,39,39,39,39,13,13,0],"gold":211,"neow_bonus":"BOSS_RELIC","is_prod":false,"is_daily":false,"chose_seed":false,"campfire_upgraded":0,"win_rate":0,"timestamp":1553564812,"path_taken":["M","?","M","M","?","E","M","E"],"build_version":"2019-01-23","purchased_purges":0,"victory":false,"max_hp_per_floor":[70,70,70,70,70,70,70,75],"card_choices":[{"not_picked":["Prepared","Deflect"],"picked":"Quick Slash","floor":1},{"not_picked":["Masterful Stab","Sucker Punch"],"picked":"Quick Slash","floor":3},{"not_picked":["Backflip","Deadly Poison"],"picked":"Blade Dance","floor":4},{"not_picked":["Calculated Gamble","Outmaneuver"],"picked":"Riddle With Holes","floor":6},{"not_picked":["Adrenaline","Slice","Expertise"],"picked":"Accuracy","floor":7}],"player_experience":152897,"relics_obtained":[{"floor":6,"key":"Question Card"}],"event_choices":[{"damage_healed":0,"gold_gain":0,"player_choice":"Entered Light","damage_taken":14,"max_hp_gain":0,"max_hp_loss":0,"event_name":"Shining Light","floor":2,"gold_loss":0,"cards_upgraded":["Quick Slash","Neutralize"]},{"damage_healed":0,"gold_gain":0,"player_choice":"Take Wound","damage_taken":0,"relics_obtained":["Golden Idol"],"max_hp_gain":0,"max_hp_loss":0,"event_name":"Golden Idol","floor":5,"gold_loss":0,"cards_obtained":["Injury"]}],"is_beta":false,"boss_relics":[],"items_purged_floors":[],"is_endless":false,"potions_floor_spawned":[4,6],"killed_by":"Lagavulin","ascension_level":1}