{"gold_per_floor":[115,129,143,29,46,46,77,77,77,352,352],"floor_reached":11,"playtime":391,"items_purged":[],"score":128,"play_id":"22c51bf3-7a96-459c-8508-e9ef00274d95","local_time":"20190717013511","is_ascension_mode":true,"campfire_choices":[{"data":"Well Laid Plans","floor":6,"key":"SMITH"},{"data":"Neutralize","floor":8,"key":"SMITH"}],"neow_cost":"NONE","seed_source_timestamp":71394060021713,"circlet_count":0,"master_deck":["AscendersBane","Strike_G","Strike_G","Strike_G","Strike_G","Strike_G","Defend_G","Defend_G","Defend_G","Defend_G","Defend_G","Survivor","Neutralize+1","Adrenaline","Well Laid Plans+1","Backflip","Backflip","Footwork","Poisoned Stab","Predator","Dagger Spray","Regret"],"relics":["Ring of the Snake","Tingsha","Meat on the Bone"],"potions_floor_usage":[7],"damage_taken":[{"damage":0,"enemies":"2 Louse","floor":1,"turns":3},{"damage":0,"enemies":"Cultist","floor":2,"turns":4},{"damage":3,"enemies":"Jaw Worm","floor":3,"turns":4},{"damage":1,"enemies":"Exordium Wildlife","floor":5,"turns":3},{"damage":24,"enemies":"Lagavulin","floor":7,"turns":8},{"damage":33,"enemies":"Gremlin Nob","floor":11,"turns":4}],"seed_played":"3464518888106929936","potions_obtained":[{"floor":1,"key":"PowerPotion"},{"floor":3,"key":"LiquidBronze"}],"is_trial":false,"path_per_floor":["M","M","M","$","M","R","E","R","T","?","E"],"character_chosen":"THE_SILENT","items_purchased":["Footwork","Poisoned Stab"],"campfire_rested":0,"item_purchase_floors":[4,4],"current_hp_per_floor":[59,59,56,56,55,55,31,31,31,31,0],"gold":352,"neow_bonus":"ONE_RANDOM_RARE_CARD","is_prod":false,"is_daily":false,"chose_seed":false,"campfire_upgraded":2,"win_rate":0,"timestamp":1563291311,"path_taken":["M","M","M","$","M","R","E","R","T","?","E"],"build_version":"2019-07-05","purchased_purges":0,"victory":false,"max_hp_per_floor":[66,66,66,66,66,66,66,66,66,66,66],"card_choices":[{"not_picked":["Dagger Spray","Bouncing Flask"],"picked":"Well Laid Plans","floor":1},{"not_picked":["Cloak And Dagger","Prepared"],"picked":"Backflip","floor":2},{"not_picked":["Acrobatics","Sucker Punch"],"picked":"Backflip","floor":3},{"not_picked":["Deflect","Prepared"],"picked":"Predator","floor":5},{"not_picked":["Dash","Endless Agony"],"picked":"Dagger Spray","floor":7}],"player_experience":997165,"relics_obtained":[{"floor":7,"key":"Tingsha"},{"floor":9,"key":"Meat on the Bone"}],"event_choices":[{"damage_healed":0,"gold_gain":275,"player_choice":"Desecrate","damage_taken":0,"max_hp_gain":0,"max_hp_loss":0,"event_name":"Golden Shrine","floor":10,"gold_loss":0,"cards_obtained":["Regret"]}],"is_beta":false,"boss_relics":[],"items_purged_floors":[],"is_endless":false,"potions_floor_spawned":[1,3],"killed_by":"Gremlin Nob","ascension_level":15}