{"gold_per_floor":[20,33,33,108,108,141,17,37,37,51,51,76,76,96,96,96],"floor_reached":16,"playtime":692,"items_purged":["Strike_G"],"score":155,"play_id":"9721cddd-3460-4671-a6b1-51b58a68a6ba","local_time":"20181112223301","is_ascension_mode":true,"campfire_choices":[{"floor":11,"key":"REST"},{"floor":15,"key":"REST"}],"neow_cost":"NO_GOLD","seed_source_timestamp":378696473758372,"circlet_count":0,"master_deck":["AscendersBane","Defend_G","Defend_G","Defend_G","Defend_G","Defend_G","Strike_G","Strike_G+1","Survivor","Neutralize","Poisoned Stab","Heel Hook+1","PiercingWail","Heel Hook","Reflex+1","Crippling Poison"],"relics":["Ring of the Snake","Question Card","Blue Candle","Regal Pillow"],"potions_floor_usage":[6,8,10,16],"damage_taken":[{"damage":0,"enemies":"2 Louse","floor":1,"turns":4},{"damage":3,"enemies":"Small Slimes","floor":2,"turns":4},{"damage":32,"enemies":"3 Sentries","floor":6,"turns":11},{"damage":0,"enemies":"Jaw Worm","floor":8,"turns":4},{"damage":0,"enemies":"Exordium Thugs","floor":10,"turns":5},{"damage":12,"enemies":"3 Louse","floor":14,"turns":4},{"damage":50,"enemies":"Hexaghost","floor":16,"turns":13}],"seed_played":"8641165158628985057","potions_obtained":[{"floor":2,"key":"Poison Potion"},{"floor":8,"key":"AttackPotion"},{"floor":10,"key":"Ancient Potion"}],"is_trial":false,"path_per_floor":["M","M","?","?","?","E","$","M","T","M","R","T","?","M","R","B"],"character_chosen":"THE_SILENT","items_purchased":["Dexterity Potion"],"campfire_rested":2,"item_purchase_floors":[7],"current_hp_per_floor":[63,60,46,35,35,3,3,3,3,3,24,24,24,12,48,0],"gold":96,"neow_bonus":"REMOVE_TWO","is_prod":false,"is_daily":false,"chose_seed":false,"campfire_upgraded":0,"win_rate":0,"timestamp":1542079981,"path_taken":["M","M","?","?","?","E","?","?","T","M","R","?","?","M","R","BOSS"],"build_version":"2018-11-08","purchased_purges":1,"victory":false,"max_hp_per_floor":[70,70,70,70,70,70,70,70,70,70,70,70,70,70,70,70],"card_choices":[{"not_picked":["PiercingWail","Dagger Spray"],"picked":"Poisoned Stab","floor":1},{"not_picked":["Predator","Cloak And Dagger"],"picked":"Heel Hook","floor":2},{"not_picked":["Concentrate","Dagger Throw"],"picked":"PiercingWail","floor":6},{"not_picked":["Bouncing Flask","Poisoned Stab","Deflect"],"picked":"Heel Hook","floor":8},{"not_picked":["Concentrate","Slice","Tactician"],"picked":"Reflex","floor":10},{"not_picked":["Backflip","Cloak And Dagger","Blade Dance"],"picked":"Crippling Poison","floor":14}],"player_experience":676962,"relics_obtained":[{"floor":6,"key":"Question Card"},{"floor":9,"key":"Blue Candle"},{"floor":12,"key":"Regal Pillow"}],"event_choices":[{"damage_healed":0,"gold_gain":0,"player_choice":"Entered Light","damage_taken":14,"max_hp_gain":0,"max_hp_loss":0,"event_name":"Shining Light","floor":3,"gold_loss":0,"cards_upgraded":["Strike_G","Heel Hook"]},{"damage_healed":0,"gold_gain":75,"player_choice":"Gather Gold","damage_taken":11,"max_hp_gain":0,"max_hp_loss":0,"event_name":"World of Goop","floor":4,"gold_loss":0},{"damage_healed":0,"gold_gain":0,"player_choice":"Ignored","damage_taken":0,"max_hp_gain":0,"max_hp_loss":0,"event_name":"Liars Game","floor":5,"gold_loss":0},{"damage_healed":0,"gold_gain":0,"player_choice":"Forge","damage_taken":0,"max_hp_gain":0,"max_hp_loss":0,"event_name":"Accursed Blacksmith","floor":13,"gold_loss":0,"cards_upgraded":["Reflex"]}],"is_beta":false,"boss_relics":[],"items_purged_floors":[7],"is_endless":false,"potions_floor_spawned":[2,8,10],"killed_by":"Hexaghost","ascension_level":11}