{"path_per_floor":["M","$","M","M","M","E","R","M","T","E","M","$","?","M","R","B",null,"M","M","?","$"],"character_chosen":"IRONCLAD","items_purchased":["Dark Shackles","Sentinel","Shrug It Off"],"gold_per_floor":[112,37,49,69,83,116,116,129,182,211,225,132,192,207,207,307,307,322,302,302,71,71],"floor_reached":22,"campfire_rested":2,"playtime":1313,"current_hp_per_floor":[80,80,80,80,61,27,51,50,50,45,31,31,31,16,40,24,80,67,46,46,46,0],"items_purged":["Strike_R","Strike_R"],"gold":71,"score":218,"play_id":"14a5340a-e618-4c5d-9dee-f007796484eb","local_time":"20180328002553","is_prod":false,"is_daily":false,"is_ascension_mode":true,"campfire_upgraded":0,"timestamp":1522211153,"path_taken":["M","?","M","M","M","E","R","M","T","E","M","?","?","?","R","BOSS","M","M","?","$","M"],"build_version":"2018-03-22v2","purchased_purges":2,"victory":false,"master_deck":["Strike_R","Strike_R","Strike_R","Defend_R","Defend_R+1","Defend_R","Defend_R","Bash","Warcry","Dual Wield+1","Cleave","Anger","Uppercut","Feel No Pain","True Grit","Sever Soul","Dark Shackles","Juggernaut","Anger","Dark Embrace","Warcry","Havoc","Sentinel","Shrug It Off"],"max_hp_per_floor":[80,80,80,80,80,80,80,80,80,80,80,80,80,80,80,80,80,80,80,80,80,80],"relics":["Burning Blood","War Paint","Omamori","Ancient Tea Set","Shuriken","Sozu"],"card_choices":[{"not_picked":["Havoc","Inflame"],"picked":"Warcry","floor":1},{"not_picked":["Limit Break","Iron Wave"],"picked":"Dual Wield","floor":3},{"not_picked":["Sword Boomerang","Thunderclap"],"picked":"Cleave","floor":4},{"not_picked":["Wild Strike","Sword Boomerang"],"picked":"Anger","floor":5},{"not_picked":["Combust","Warcry"],"picked":"Uppercut","floor":6},{"not_picked":["Wild Strike","Pommel Strike"],"picked":"Feel No Pain","floor":8},{"not_picked":["Whirlwind","Anger"],"picked":"True Grit","floor":10},{"not_picked":["Havoc","Armaments"],"picked":"Sever Soul","floor":11},{"not_picked":["Anger","Wild Strike"],"picked":"Juggernaut","floor":13},{"not_picked":["Rupture","Perfected Strike"],"picked":"Anger","floor":14},{"not_picked":["Brutality","Demon Form"],"picked":"Dark Embrace","floor":16},{"not_picked":["Perfected Strike","Rampage"],"picked":"Warcry","floor":18},{"not_picked":["Hemokinesis","Flex"],"picked":"Havoc","floor":19}],"player_experience":140053,"potions_floor_usage":[6,10,10,16,16,16],"damage_taken":[{"damage":1,"enemies":"Cultist","floor":1,"turns":3},{"damage":4,"enemies":"Jaw Worm","floor":3,"turns":4},{"damage":1,"enemies":"Small Slimes","floor":4,"turns":4},{"damage":25,"enemies":"Exordium Thugs","floor":5,"turns":4},{"damage":40,"enemies":"Lagavulin","floor":6,"turns":8},{"damage":7,"enemies":"Blue Slaver","floor":8,"turns":4},{"damage":11,"enemies":"3 Sentries","floor":10,"turns":5},{"damage":20,"enemies":"Lots of Slimes","floor":11,"turns":3},{"damage":6,"enemies":"3 Sentries","floor":13,"turns":7},{"damage":21,"enemies":"Large Slime","floor":14,"turns":7},{"damage":22,"enemies":"Hexaghost","floor":16,"turns":9},{"damage":19,"enemies":"Shell Parasite","floor":18,"turns":6},{"damage":27,"enemies":"2 Thieves","floor":19,"turns":4},{"damage":51,"enemies":"3 Cultists","floor":22,"turns":4}],"event_choices":[{"event_name":"Dead Adventurer","player_choice":"Searched \u00272\u0027 times","floor":13,"damage_taken":0},{"event_name":"The Woman in Blue","player_choice":"Bought 0 Potions","floor":20,"damage_taken":0}],"boss_relics":[{"not_picked":["Lizard Tail","Runic Cube"],"picked":"Sozu"}],"potions_floor_spawned":[3,4,5,8,13,14,16,19],"seed_played":"-5086989938235683305","killed_by":"3 Cultists","ascension_level":2,"is_trial":false}