{"gold_per_floor":[119,119,138,313,51,51,85,121,121,121,163,163,219,66,66,193,193,237,256,275,311,19,45,45,57,57,88,88,88,121,178,178,276,276,316,316,538,555,165,190,203,215,215,251,251,278,278,313,313,313],"floor_reached":51,"playtime":3412,"items_purged":["Doubt","Strike_B"],"score":1030,"play_id":"75d82d67-190a-4262-8442-ad1cd1c6cce2","local_time":"20190910002439","is_ascension_mode":false,"campfire_choices":[{"data":"HandOfGreed","floor":6.0,"key":"SMITH"},{"data":"Barrage","floor":10.0,"key":"SMITH"},{"data":"Loop","floor":15.0,"key":"SMITH"},{"floor":24.0,"key":"REST"},{"data":"Buffer","floor":28.0,"key":"SMITH"},{"floor":32.0,"key":"REST"},{"data":"Seek","floor":45.0,"key":"SMITH"},{"data":"Biased Cognition","floor":47.0,"key":"SMITH"},{"data":"Defragment","floor":49.0,"key":"SMITH"}],"neow_cost":"NONE","seed_source_timestamp":96590465712200,"circlet_count":0,"master_deck":["Defend_B","Defend_B","Defend_B","Defend_B","Zap","Dualcast","Coolheaded","Electrodynamics","Cold Snap","HandOfGreed+1","Barrage+1","Loop+1","Rainbow","Buffer+1","Fusion","Chaos+1","Sweeping Beam","Chaos+1","Defragment+1","Steam Power","Chill","Leap","BootSequence+1","Doom and Gloom","Seek+1","Hologram+1","Consume+1","Coolheaded+1","Stack+1","Loop+1","Go for the Eyes+1","Ball Lightning+1","Biased Cognition+1","Cold Snap+1","Compile Driver+1","Parasite","Heatsinks+1","Reinforced Body+1","Glacier+1","Stack+1"],"special_seed":0,"relics":["Cracked Core","NeowsBlessing","Mummified Hand","Darkstone Periapt","White Beast Statue","Bag of Marbles","Inserter","ClockworkSouvenir","Regal Pillow","Mango","Pear","Incense Burner","Red Mask","Astrolabe","Bag of Preparation","Orrery","Dodecahedron","Centennial Puzzle","Toxic Egg 2","Pen Nib"],"potions_floor_usage":[50,50,50],"damage_taken":[{"damage":0.0,"enemies":"Small Slimes","floor":1.0,"turns":1.0},{"damage":0.0,"enemies":"Cultist","floor":3.0,"turns":1.0},{"damage":0.0,"enemies":"Lagavulin","floor":7.0,"turns":1.0},{"damage":0.0,"enemies":"Jaw Worm","floor":8.0,"turns":3.0},{"damage":3.0,"enemies":"Blue Slaver","floor":11.0,"turns":2.0},{"damage":19.0,"enemies":"Gremlin Nob","floor":13.0,"turns":4.0},{"damage":9.0,"enemies":"Slime Boss","floor":16.0,"turns":7.0},{"damage":8.0,"enemies":"Chosen","floor":18.0,"turns":4.0},{"damage":6.0,"enemies":"Shell Parasite","floor":19.0,"turns":4.0},{"damage":23.0,"enemies":"Snake Plant","floor":20.0,"turns":4.0},{"damage":18.0,"enemies":"Cultist and Chosen","floor":21.0,"turns":5.0},{"damage":7.0,"enemies":"Slavers","floor":23.0,"turns":2.0},{"damage":5.0,"enemies":"3 Cultists","floor":25.0,"turns":3.0},{"damage":7.0,"enemies":"Gremlin Leader","floor":27.0,"turns":6.0},{"damage":0.0,"enemies":"Snake Plant","floor":29.0,"turns":1.0},{"damage":15.0,"enemies":"Slavers","floor":30.0,"turns":4.0},{"damage":21.0,"enemies":"Masked Bandits","floor":31.0,"turns":4.0},{"damage":10.0,"enemies":"Collector","floor":33.0,"turns":8.0},{"damage":0.0,"enemies":"3 Shapes","floor":35.0,"turns":4.0},{"damage":0.0,"enemies":"Orb Walker","floor":38.0,"turns":3.0},{"damage":0.0,"enemies":"Nemesis","floor":40.0,"turns":5.0},{"damage":0.0,"enemies":"Spire Growth","floor":41.0,"turns":5.0},{"damage":0.0,"enemies":"Writhing Mass","floor":42.0,"turns":5.0},{"damage":0.0,"enemies":"Jaw Worm Horde","floor":44.0,"turns":5.0},{"damage":0.0,"enemies":"Giant Head","floor":46.0,"turns":7.0},{"damage":0.0,"enemies":"Nemesis","floor":48.0,"turns":7.0},{"damage":0,"enemies":"Time Eater","floor":50,"turns":8}],"seed_played":"6314822832981057121","potions_obtained":[{"floor":1.0,"key":"Regen Potion"},{"floor":3.0,"key":"Energy Potion"},{"floor":13.0,"key":"Energy Potion"},{"floor":16.0,"key":"SkillPotion"},{"floor":18.0,"key":"AttackPotion"},{"floor":19.0,"key":"Block Potion"},{"floor":20.0,"key":"Strength Potion"},{"floor":21.0,"key":"DuplicationPotion"},{"floor":23.0,"key":"SmokeBomb"},{"floor":25.0,"key":"SteroidPotion"},{"floor":27.0,"key":"PowerPotion"},{"floor":30.0,"key":"Block Potion"},{"floor":31.0,"key":"PowerPotion"},{"floor":33.0,"key":"FocusPotion"},{"floor":35.0,"key":"FearPotion"},{"floor":38.0,"key":"EssenceOfSteel"},{"floor":42.0,"key":"Swift Potion"},{"floor":46.0,"key":"SpeedPotion"},{"floor":48.0,"key":"Ancient Potion"}],"is_trial":false,"path_per_floor":["M","?","M","?","$","R","E","M","T","R","M","?","E","$","R","B",null,"M","M","M","M","$","E","R","M","T","E","R","M","E","?","R","B",null,"M","?","?","M","$","E","M","M","T","M","R","E","R","E","R","B",null],"character_chosen":"DEFECT","items_purchased":["HandOfGreed","Bag of Marbles","Regen Potion","ClockworkSouvenir","Defragment","Bag of Preparation","Orrery"],"campfire_rested":2,"item_purchase_floors":[5,14,22,22,22,39,39],"current_hp_per_floor":[75,75,75,75,75,75,75,75,75,75,72,72,53,53,53,59,75,67,61,38,20,20,18,55,50,64,67,67,67,52,31,75,65,99,99,99,99,99,99,99,99,105,105,105,105,105,105,105,105,105],"gold":313,"neow_bonus":"THREE_ENEMY_KILL","is_prod":false,"is_daily":false,"chose_seed":false,"campfire_upgraded":7,"win_rate":0.0,"timestamp":1568089479,"path_taken":["M","?","?","?","$","R","E","M","T","R","M","?","E","$","R","BOSS","M","M","?","M","$","E","R","M","T","E","R","M","E","?","R","BOSS","M","?","?","M","?","E","M","M","T","M","R","E","R","E","R","BOSS"],"build_version":"2019-09-09v2","purchased_purges":2,"victory":true,"max_hp_per_floor":[75,75,75,75,75,75,75,75,75,75,75,75,75,75,75,75,75,75,75,75,75,75,75,75,75,89,99,99,99,99,99,99,99,99,99,99,99,99,99,99,99,105,105,105,105,105,105,105,105,105],"card_choices":[{"not_picked":["Chaos","Leap"],"picked":"Coolheaded","floor":1.0},{"not_picked":["White Noise","Steam"],"picked":"Cold Snap","floor":3.0},{"not_picked":["Gash","Leap"],"picked":"Barrage","floor":7.0},{"not_picked":["Redo","Self Repair","Steam"],"picked":"SKIP","floor":8.0},{"not_picked":["Auto Shields","Gash"],"picked":"Loop","floor":11.0},{"not_picked":["Stack","Steam Power"],"picked":"Rainbow","floor":13.0},{"not_picked":["Creative AI","Machine Learning"],"picked":"Buffer","floor":16.0},{"not_picked":["Redo","Force Field"],"picked":"Fusion","floor":18.0},{"not_picked":["Go for the Eyes+1","Hologram+1"],"picked":"Chaos+1","floor":19.0},{"not_picked":["Streamline","Aggregate"],"picked":"Sweeping Beam","floor":20.0},{"not_picked":["Redo","Hologram"],"picked":"Chaos+1","floor":21.0},{"not_picked":["All For One","Hologram"],"picked":"Steam Power","floor":23.0},{"not_picked":["Tempest","Hologram"],"picked":"Chill","floor":25.0},{"not_picked":["Tempest","Gash"],"picked":"Leap","floor":27.0},{"not_picked":["Hologram","Tempest"],"picked":"BootSequence+1","floor":30.0},{"not_picked":["Hologram","Beam Cell+1"],"picked":"Doom and Gloom","floor":31.0},{"not_picked":["Electrodynamics","Rainbow"],"picked":"Seek","floor":33.0},{"not_picked":["Chill+1","Cold Snap","Redo"],"picked":"SKIP","floor":35.0},{"not_picked":["Streamline","Chaos+1"],"picked":"Stack+1","floor":38.0},{"not_picked":["Beam Cell","Defragment"],"picked":"Loop+1","floor":39.0},{"not_picked":["Capacitor","Coolheaded"],"picked":"Go for the Eyes+1","floor":39.0},{"not_picked":["Rip and Tear","Genetic Algorithm+1"],"picked":"Ball Lightning+1","floor":39.0},{"not_picked":["Sweeping Beam","Go for the Eyes+1"],"picked":"Biased Cognition","floor":39.0},{"not_picked":["Chill+1","Fusion+1"],"picked":"Cold Snap+1","floor":39.0},{"not_picked":["Skim","Darkness","Rainbow"],"picked":"SKIP","floor":40.0},{"not_picked":["Cold Snap","Hologram"],"picked":"Compile Driver+1","floor":41.0},{"not_picked":["Sweeping Beam+1","Gash"],"picked":"Heatsinks+1","floor":42.0},{"not_picked":["White Noise+1","Steam"],"picked":"Reinforced Body+1","floor":44.0},{"not_picked":["Seek","Scrape"],"picked":"Glacier+1","floor":46.0},{"not_picked":["Reprogram+1","Creative AI"],"picked":"Stack+1","floor":48.0}],"player_experience":4852,"relics_obtained":[{"floor":7.0,"key":"Mummified Hand"},{"floor":9.0,"key":"Darkstone Periapt"},{"floor":13.0,"key":"White Beast Statue"},{"floor":23.0,"key":"Regal Pillow"},{"floor":26.0,"key":"Mango"},{"floor":27.0,"key":"Pear"},{"floor":30.0,"key":"Incense Burner"},{"floor":31.0,"key":"Red Mask"},{"floor":40.0,"key":"Dodecahedron"},{"floor":43.0,"key":"Centennial Puzzle"},{"floor":46.0,"key":"Toxic Egg 2"},{"floor":48.0,"key":"Pen Nib"}],"event_choices":[{"damage_healed":0.0,"max_hp_gain":0.0,"max_hp_loss":0.0,"gold_gain":0.0,"event_name":"Match and Keep!","player_choice":"1 cards matched","floor":2.0,"gold_loss":0.0,"damage_taken":0.0,"cards_obtained":["Electrodynamics"]},{"damage_healed":0.0,"max_hp_gain":0.0,"max_hp_loss":0.0,"gold_gain":175.0,"event_name":"Liars Game","player_choice":"AGREE","floor":4.0,"gold_loss":0.0,"damage_taken":0.0,"cards_obtained":["Doubt"]},{"damage_healed":0.0,"max_hp_gain":0.0,"max_hp_loss":0.0,"gold_gain":0.0,"event_name":"NoteForYourself","player_choice":"Ignored","floor":12.0,"gold_loss":0.0,"damage_taken":0.0},{"damage_healed":0.0,"max_hp_gain":0.0,"max_hp_loss":0.0,"gold_gain":0.0,"event_name":"Masked Bandits","player_choice":"Fought Bandits","floor":31.0,"gold_loss":0.0,"damage_taken":0.0},{"damage_healed":0.0,"max_hp_gain":0.0,"max_hp_loss":0.0,"gold_gain":0.0,"event_name":"SensoryStone","player_choice":"Memory 1","floor":36.0,"gold_loss":0.0,"damage_taken":0.0},{"damage_healed":0.0,"max_hp_gain":0.0,"max_hp_loss":0.0,"gold_gain":222.0,"event_name":"Tomb of Lord Red Mask","player_choice":"Wore Mask","floor":37.0,"gold_loss":0.0,"damage_taken":0.0}],"is_beta":true,"boss_relics":[{"not_picked":["Ectoplasm","FrozenCore"],"picked":"Inserter"},{"not_picked":["Snecko Eye","Empty Cage"],"picked":"Astrolabe"}],"items_purged_floors":[5,39],"is_endless":false,"potions_floor_spawned":[1,3,13,16,18,19,20,21,23,25,27,29,30,31,33,35,38,40,41,42,44,46,48],"ascension_level":0}