{"gold_per_floor":[114,39,59,71,71,71,99,79,102,131,141,161,161,161,161,239,239,250,76,90,90],"floor_reached":21,"playtime":865,"items_purged":["Strike_G","Strike_G"],"score":321,"play_id":"18f4e68b-1d0b-4bdb-bb40-ba3fd7752fbc","local_time":"20181218225628","is_ascension_mode":true,"campfire_choices":[{"data":"Deadly Poison","floor":6,"key":"SMITH"},{"floor":13,"key":"REST"},{"floor":15,"key":"RECALL"}],"neow_cost":"NONE","seed_source_timestamp":444222251639086,"circlet_count":0,"master_deck":["AscendersBane","Defend_G","Defend_G","Defend_G","Defend_G","Defend_G","Strike_G","Strike_G","Strike_G+1","Survivor","Neutralize","Dagger Spray+1","Sucker Punch","Deadly Poison+1","Corpse Explosion","Backflip","Bane+1","Bane","Burst","Deflect+1","Footwork","PiercingWail"],"relics":["Ring of the Snake","NeowsBlessing","Omamori","Calipers","Cursed Key"],"potions_floor_usage":[10,10,16],"damage_taken":[{"damage":0,"enemies":"Cultist","floor":1,"turns":1},{"damage":0,"enemies":"Jaw Worm","floor":3,"turns":1},{"damage":0,"enemies":"Small Slimes","floor":4,"turns":1},{"damage":17,"enemies":"Lagavulin","floor":7,"turns":5},{"damage":2,"enemies":"Gremlin Nob","floor":10,"turns":3},{"damage":5,"enemies":"Red Slaver","floor":11,"turns":3},{"damage":11,"enemies":"Looter","floor":12,"turns":3},{"damage":15,"enemies":"Slime Boss","floor":16,"turns":8},{"damage":31,"enemies":"Spheric Guardian","floor":18,"turns":6},{"damage":10,"enemies":"2 Thieves","floor":20,"turns":5},{"damage":17,"enemies":"Shelled Parasite and Fungi","floor":21,"turns":2}],"seed_played":"7663608530685553414","potions_obtained":[{"floor":4,"key":"Explosive Potion"},{"floor":8,"key":"AttackPotion"},{"floor":10,"key":"Ancient Potion"},{"floor":16,"key":"Ancient Potion"}],"is_trial":false,"path_per_floor":["M","$","M","M","?","R","E","?","T","E","M","M","R","?","R","B",null,"M","$","M","M"],"character_chosen":"THE_SILENT","items_purchased":["Footwork"],"campfire_rested":1,"item_purchase_floors":[19],"current_hp_per_floor":[59,59,59,59,46,46,29,29,29,27,22,11,30,30,30,15,53,22,22,12,0],"gold":90,"neow_bonus":"THREE_ENEMY_KILL","is_prod":false,"is_daily":false,"chose_seed":false,"campfire_upgraded":1,"win_rate":0,"timestamp":1545191788,"path_taken":["M","?","?","M","?","R","E","?","T","E","M","?","R","?","R","BOSS","M","?","M","?"],"build_version":"2018-12-13","purchased_purges":2,"victory":false,"max_hp_per_floor":[66,66,66,66,66,66,66,66,66,66,66,66,66,66,66,66,66,66,66,66,66],"card_choices":[{"not_picked":["Tactician","Blade Dance"],"picked":"Dagger Spray","floor":1},{"not_picked":["Leg Sweep","Skewer"],"picked":"Sucker Punch","floor":3},{"not_picked":["Prepared","Cloak And Dagger"],"picked":"Deadly Poison","floor":4},{"not_picked":["Burst","Backflip"],"picked":"Corpse Explosion","floor":7},{"not_picked":["Dodge and Roll","Blade Dance"],"picked":"Backflip","floor":10},{"not_picked":["Backflip","Outmaneuver"],"picked":"Bane","floor":11},{"not_picked":["Leg Sweep","Sucker Punch"],"picked":"Bane","floor":12},{"not_picked":["Glass Knife","Bullet Time"],"picked":"Burst","floor":16},{"not_picked":["Quick Slash","Finisher"],"picked":"Deflect+1","floor":18},{"not_picked":["Calculated Gamble","Prepared"],"picked":"PiercingWail","floor":20}],"player_experience":894877,"relics_obtained":[{"floor":7,"key":"Omamori"},{"floor":10,"key":"Calipers"}],"event_choices":[{"damage_healed":0,"gold_gain":0,"player_choice":"Entered Light","damage_taken":13,"max_hp_gain":0,"max_hp_loss":0,"event_name":"Shining Light","floor":5,"gold_loss":0,"cards_upgraded":["Dagger Spray","Strike_G"]},{"damage_healed":0,"gold_gain":0,"player_choice":"Bought 1 Potion","damage_taken":0,"max_hp_gain":0,"max_hp_loss":0,"event_name":"The Woman in Blue","floor":8,"gold_loss":0},{"damage_healed":0,"gold_gain":0,"player_choice":"Upgraded","damage_taken":0,"max_hp_gain":0,"max_hp_loss":0,"event_name":"Upgrade Shrine","floor":14,"gold_loss":0,"cards_upgraded":["Bane"]}],"is_beta":false,"boss_relics":[{"not_picked":["Sozu","Black Star"],"picked":"Cursed Key"}],"items_purged_floors":[2,19],"is_endless":false,"potions_floor_spawned":[4,10,16],"killed_by":"Shelled Parasite and Fungi","ascension_level":14}