{"gold_per_floor":[114,127,202,202,214,214,234,260,260,260,260,278,1,30,30,130,130,150,165,165,183,194,194,294,294,294,294,219,244,244,278,278,380,380,391,407,407,407,417,417,431,462,462,45,145,145,163,181,181,181],"floor_reached":51,"playtime":2885,"items_purged":["Normality"],"score":1160,"play_id":"6475fe9d-0ccc-40f3-8e1e-1ce0924abdfc","local_time":"20190618023009","is_ascension_mode":true,"campfire_choices":[{"floor":6,"key":"REST"},{"floor":11,"key":"REST"},{"floor":15,"key":"REST"},{"floor":23,"key":"REST"},{"data":"Cloak And Dagger","floor":25,"key":"SMITH"},{"data":"Wraith Form v2","floor":27,"key":"SMITH"},{"data":"Adrenaline","floor":32,"key":"SMITH"},{"floor":40,"key":"REST"},{"floor":49,"key":"REST"}],"neow_cost":"NONE","seed_source_timestamp":61548002339559,"circlet_count":0,"master_deck":["AscendersBane","Survivor+1","Neutralize+1","Acrobatics+1","Prepared","Noxious Fumes","Wraith Form v2+1","Footwork","Poisoned Stab","Noxious Fumes","PiercingWail","Corpse Explosion","Leg Sweep","Blur","Dagger Spray+1","Cloak And Dagger+1","Adrenaline+1","Ghostly","Ghostly","Ghostly","Ghostly","Ghostly","Wraith Form v2","Skewer","Cloak And Dagger","Deflect","Well Laid Plans","Dash","Prepared","Bullet Time","Deadly Poison","Escape Plan+1","After Image","Dagger Throw","Caltrops+1","After Image","Apotheosis+1","Escape Plan+1","Leg Sweep+1","Deadly Poison+1"],"relics":["Ring of the Snake","NeowsBlessing","War Paint","Bottled Flame","Regal Pillow","Pocketwatch","Cursed Key","Turnip","Dodecahedron","Shuriken","Pen Nib","Ornamental Fan","Pandora\u0027s Box","Boot","Toxic Egg 2","Art of War","Du-Vu Doll"],"potions_floor_usage":[24,31,50,50],"damage_taken":[{"damage":0,"enemies":"Small Slimes","floor":1,"turns":1},{"damage":0,"enemies":"Jaw Worm","floor":2,"turns":1},{"damage":0,"enemies":"Cultist","floor":5,"turns":1},{"damage":0,"enemies":"Exordium Wildlife","floor":7,"turns":4},{"damage":29,"enemies":"3 Sentries","floor":8,"turns":8},{"damage":0,"enemies":"Red Slaver","floor":12,"turns":5},{"damage":15,"enemies":"Lagavulin","floor":14,"turns":6},{"damage":27,"enemies":"Slime Boss","floor":16,"turns":13},{"damage":19,"enemies":"3 Byrds","floor":18,"turns":3},{"damage":16,"enemies":"Shell Parasite","floor":19,"turns":6},{"damage":11,"enemies":"Cultist and Chosen","floor":21,"turns":7},{"damage":11,"enemies":"Shelled Parasite and Fungi","floor":22,"turns":7},{"damage":13,"enemies":"Colosseum Slavers","floor":24,"turns":9},{"damage":12,"enemies":"Colosseum Nobs","floor":24,"turns":5},{"damage":0,"enemies":"Gremlin Leader","floor":29,"turns":9},{"damage":3,"enemies":"Slavers","floor":31,"turns":6},{"damage":1,"enemies":"Automaton","floor":33,"turns":12},{"damage":3,"enemies":"Orb Walker","floor":35,"turns":6},{"damage":0,"enemies":"3 Darklings","floor":36,"turns":4},{"damage":34,"enemies":"Jaw Worm Horde","floor":39,"turns":4},{"damage":3,"enemies":"Writhing Mass","floor":41,"turns":8},{"damage":7,"enemies":"Nemesis","floor":42,"turns":11},{"damage":0,"enemies":"Mind Bloom Boss Battle","floor":45,"turns":8},{"damage":0,"enemies":"4 Shapes","floor":47,"turns":5},{"damage":0,"enemies":"Transient","floor":48,"turns":5},{"damage":8,"enemies":"Awakened One","floor":50,"turns":12}],"seed_played":"-8105803434690808981","potions_obtained":[{"floor":2,"key":"SpeedPotion"},{"floor":5,"key":"FairyPotion"},{"floor":8,"key":"Ancient Potion"},{"floor":24,"key":"Dexterity Potion"},{"floor":35,"key":"SteroidPotion"},{"floor":41,"key":"Ancient Potion"}],"is_trial":false,"path_per_floor":["M","M","?","?","M","R","M","E","T","?","R","M","$","E","R","B",null,"M","M","?","M","M","R","?","R","T","R","?","E","?","E","R","B",null,"M","M","?","?","M","R","M","E","T","$","?","?","M","M","R","B",null],"character_chosen":"THE_SILENT","items_purchased":["Regal Pillow","Poisoned Stab","Noxious Fumes","Apotheosis+1","Art of War"],"campfire_rested":6,"item_purchase_floors":[13,13,13,44,44],"current_hp_per_floor":[63,63,52,38,38,59,59,30,30,30,51,51,51,36,70,43,63,44,28,70,59,48,70,45,45,45,45,45,45,35,32,32,31,34,31,31,31,31,3,28,25,18,18,18,18,18,18,18,35,27],"gold":181,"neow_bonus":"THREE_ENEMY_KILL","is_prod":false,"is_daily":false,"chose_seed":false,"campfire_upgraded":3,"win_rate":0,"timestamp":1560789009,"path_taken":["M","M","?","?","M","R","M","E","T","?","R","?","$","E","R","BOSS","M","M","?","?","M","R","?","R","T","R","?","E","?","E","R","BOSS","M","M","?","?","M","R","?","E","T","$","?","?","M","M","R","BOSS"],"build_version":"2019-01-23","purchased_purges":1,"victory":true,"max_hp_per_floor":[70,70,70,70,70,70,70,70,70,70,70,70,70,70,70,70,70,70,70,70,70,70,70,70,70,70,70,70,70,35,35,35,35,35,35,35,35,35,35,35,35,35,35,35,35,35,35,35,35,35],"card_choices":[{"not_picked":["Underhanded Strike","Dodge and Roll"],"picked":"Quick Slash","floor":1},{"not_picked":["Masterful Stab","Underhanded Strike"],"picked":"Acrobatics","floor":2},{"not_picked":["Blade Dance","Flying Knee"],"picked":"Prepared","floor":5},{"not_picked":["Cloak And Dagger","Outmaneuver"],"picked":"Noxious Fumes","floor":7},{"not_picked":["Flying Knee","Blade Dance"],"picked":"Wraith Form v2","floor":8},{"not_picked":["Bouncing Flask","Quick Slash"],"picked":"Footwork","floor":12},{"not_picked":["Outmaneuver","Finisher"],"picked":"PiercingWail","floor":14},{"not_picked":["Venomology","Storm of Steel"],"picked":"Corpse Explosion","floor":16},{"not_picked":["Expertise+1","Underhanded Strike"],"picked":"Leg Sweep","floor":18},{"not_picked":["Calculated Gamble","Underhanded Strike"],"picked":"Setup","floor":19},{"not_picked":["Deadly Poison","Slice"],"picked":"Blur","floor":21},{"not_picked":["Bane","Dodge and Roll"],"picked":"Dagger Spray+1","floor":22},{"not_picked":["Finisher","Deflect+1"],"picked":"Cloak And Dagger","floor":24},{"not_picked":["Bane","Infinite Blades"],"picked":"Adrenaline","floor":29},{"not_picked":["Concentrate+1","Flying Knee","Quick Slash"],"picked":"SKIP","floor":31},{"not_picked":["Glass Knife","Tools of the Trade"],"picked":"Wraith Form v2","floor":33},{"not_picked":["Leg Sweep","Bane+1"],"picked":"Escape Plan+1","floor":35},{"not_picked":["Blade Dance+1","Reflex","Outmaneuver"],"picked":"SKIP","floor":36},{"not_picked":["Blade Dance+1","Reflex","Outmaneuver"],"picked":"SKIP","floor":36},{"not_picked":["Deflect","Reflex+1"],"picked":"Dagger Throw","floor":39},{"not_picked":["Quick Slash+1","Poisoned Stab+1"],"picked":"Caltrops+1","floor":41},{"not_picked":["Endless Agony","Tactician"],"picked":"After Image","floor":42},{"not_picked":["Heel Hook","Quick Slash+1"],"picked":"Escape Plan+1","floor":45},{"not_picked":["Masterful Stab","Footwork"],"picked":"Leg Sweep+1","floor":47},{"not_picked":["Deflect+1","Underhanded Strike+1"],"picked":"Deadly Poison+1","floor":48}],"player_experience":860713,"relics_obtained":[{"floor":8,"key":"War Paint"},{"floor":9,"key":"Bottled Flame"},{"floor":14,"key":"Pocketwatch"},{"floor":24,"key":"Turnip"},{"floor":24,"key":"Dodecahedron"},{"floor":26,"key":"Shuriken"},{"floor":29,"key":"Pen Nib"},{"floor":31,"key":"Ornamental Fan"},{"floor":42,"key":"Boot"},{"floor":43,"key":"Toxic Egg 2"},{"floor":45,"key":"Du-Vu Doll"}],"event_choices":[{"damage_healed":0,"gold_gain":75,"player_choice":"Gather Gold","damage_taken":11,"max_hp_gain":0,"max_hp_loss":0,"event_name":"World of Goop","floor":3,"gold_loss":0},{"damage_healed":0,"gold_gain":0,"player_choice":"Entered Light","damage_taken":14,"max_hp_gain":0,"max_hp_loss":0,"event_name":"Shining Light","floor":4,"gold_loss":0,"cards_upgraded":["Neutralize","Defend_G"]},{"cards_removed":["Strike_G"],"damage_healed":0,"gold_gain":0,"player_choice":"Purged","damage_taken":0,"max_hp_gain":0,"max_hp_loss":0,"event_name":"Purifier","floor":10,"gold_loss":0},{"cards_removed":["Setup"],"damage_healed":42,"gold_gain":0,"player_choice":"Offered Uncommon","damage_taken":0,"max_hp_gain":0,"max_hp_loss":0,"event_name":"Bonfire Elementals","floor":20,"gold_loss":0},{"damage_healed":0,"gold_gain":0,"player_choice":"Fight","damage_taken":0,"max_hp_gain":0,"max_hp_loss":0,"event_name":"Colosseum","floor":24,"gold_loss":0},{"damage_healed":0,"gold_gain":0,"player_choice":"Fought Nobs","damage_taken":0,"max_hp_gain":0,"max_hp_loss":0,"event_name":"Colosseum","floor":24,"gold_loss":0},{"cards_removed":["Shame"],"damage_healed":0,"gold_gain":0,"player_choice":"Gave Gold","damage_taken":0,"max_hp_gain":0,"max_hp_loss":0,"event_name":"Beggar","floor":28,"gold_loss":75},{"damage_healed":0,"gold_gain":0,"player_choice":"Became a Ghost","damage_taken":0,"max_hp_gain":0,"max_hp_loss":35,"event_name":"Ghosts","floor":30,"gold_loss":0,"cards_obtained":["Ghostly","Ghostly","Ghostly","Ghostly","Ghostly"]},{"damage_healed":0,"gold_gain":0,"player_choice":"Ignored","damage_taken":0,"max_hp_gain":0,"max_hp_loss":0,"event_name":"Tomb of Lord Red Mask","floor":37,"gold_loss":0},{"damage_healed":0,"gold_gain":0,"cards_transformed":["Concentrate"],"player_choice":"Transformed","damage_taken":0,"max_hp_gain":0,"max_hp_loss":0,"event_name":"Transmorgrifier","floor":38,"gold_loss":0,"cards_obtained":["After Image"]},{"damage_healed":0,"gold_gain":0,"player_choice":"Fight","damage_taken":0,"max_hp_gain":0,"max_hp_loss":0,"event_name":"MindBloom","floor":45,"gold_loss":0},{"cards_removed":["Quick Slash"],"damage_healed":0,"gold_gain":0,"player_choice":"Removed Attack","damage_taken":0,"max_hp_gain":0,"max_hp_loss":0,"event_name":"Falling","floor":46,"gold_loss":0}],"is_beta":false,"boss_relics":[{"not_picked":["White Beast Statue","Sozu"],"picked":"Cursed Key"},{"not_picked":["Velvet Choker","HoveringKite"],"picked":"Pandora\u0027s Box"}],"items_purged_floors":[44],"is_endless":false,"potions_floor_spawned":[2,5,8,19,21,24,24,35,36,41],"ascension_level":11}