{"gold_per_floor":[109,109,128,146,146,146,44,70,148,148,128,143,143,143,143,245,245,258,268,89,115,214,214],"floor_reached":23,"playtime":1357,"items_purged":["Strike_G","Defend_G"],"score":290,"play_id":"8b649848-fdba-4622-9118-b8782d405272","local_time":"20181123134752","is_ascension_mode":true,"campfire_choices":[{"data":"Poisoned Stab","floor":6,"key":"SMITH"},{"floor":10,"key":"REST"},{"data":"Noxious Fumes","floor":13,"key":"SMITH"},{"data":"Cloak And Dagger","floor":15,"key":"SMITH"}],"neow_cost":"NONE","seed_source_timestamp":406313838228836,"circlet_count":0,"master_deck":["AscendersBane","Defend_G","Defend_G","Defend_G","Defend_G","Survivor","Neutralize","Leg Sweep","Escape Plan","Poisoned Stab+1","Flying Knee","Cloak And Dagger+1","Noxious Fumes+1","Tools of the Trade","Slice+1","Venomology+1","Dagger Spray+1","Tactician+1","Deflect+1","Predator","Footwork"],"relics":["Ring of the Snake","NeowsBlessing","Snake Skull","Boot","Mummified Hand","Astrolabe","Red Mask"],"potions_floor_usage":[12,16,18,19,19,21,23,23,23],"damage_taken":[{"damage":0,"enemies":"2 Louse","floor":1,"turns":1},{"damage":0,"enemies":"Small Slimes","floor":3,"turns":1},{"damage":0,"enemies":"Cultist","floor":4,"turns":1},{"damage":23,"enemies":"Lagavulin","floor":8,"turns":7},{"damage":0,"enemies":"Looter","floor":12,"turns":3},{"damage":10,"enemies":"Hexaghost","floor":16,"turns":9},{"damage":2,"enemies":"Chosen","floor":18,"turns":5},{"damage":3,"enemies":"2 Thieves","floor":19,"turns":4},{"damage":38,"enemies":"Masked Bandits","floor":21,"turns":5},{"damage":22,"enemies":"Gremlin Leader","floor":23,"turns":4}],"seed_played":"3930075202823317242","potions_obtained":[{"floor":3,"key":"Strength Potion"},{"floor":11,"key":"AttackPotion"},{"floor":16,"key":"SpeedPotion"},{"floor":18,"key":"Ancient Potion"},{"floor":21,"key":"AttackPotion"}],"is_trial":false,"path_per_floor":["M","?","M","M","?","R","$","E","T","R","?","M","R","?","R","B",null,"M","M","$","?","?","E"],"character_chosen":"THE_SILENT","items_purchased":["Flying Knee","Predator"],"campfire_rested":1,"item_purchase_floors":[7,20],"current_hp_per_floor":[63,56,56,56,38,38,38,15,15,36,36,36,36,36,36,26,59,57,54,54,16,16,0],"gold":214,"neow_bonus":"THREE_ENEMY_KILL","is_prod":false,"is_daily":false,"chose_seed":false,"campfire_upgraded":3,"win_rate":0,"timestamp":1542998872,"path_taken":["M","?","M","M","?","R","$","E","T","R","?","?","R","?","R","BOSS","M","M","$","?","?","E"],"build_version":"2018-11-15","purchased_purges":2,"victory":false,"max_hp_per_floor":[70,70,70,70,70,70,70,70,70,70,70,70,70,70,70,70,70,70,70,70,70,70,70],"card_choices":[{"not_picked":["Prepared","Blade Dance"],"picked":"Leg Sweep","floor":1},{"not_picked":["Deadly Poison","Dagger Spray"],"picked":"Escape Plan","floor":3},{"not_picked":["Leg Sweep","Sucker Punch"],"picked":"Poisoned Stab","floor":4},{"not_picked":["Dagger Throw","Concentrate"],"picked":"Cloak And Dagger","floor":8},{"not_picked":["Cloak And Dagger","Backflip"],"picked":"Noxious Fumes","floor":12},{"not_picked":["Venomology","A Thousand Cuts"],"picked":"Tools of the Trade","floor":16},{"not_picked":["Deflect","Prepared+1"],"picked":"Tactician+1","floor":18},{"not_picked":["Dagger Throw","Calculated Gamble"],"picked":"Deflect+1","floor":19},{"not_picked":["Dagger Throw+1","Flying Knee"],"picked":"Footwork","floor":21}],"player_experience":697257,"relics_obtained":[{"floor":8,"key":"Boot"},{"floor":9,"key":"Mummified Hand"},{"floor":21,"key":"Red Mask"}],"event_choices":[{"cards_removed":["Strike_G"],"damage_healed":0,"gold_gain":0,"player_choice":"Card Removal","damage_taken":7,"max_hp_gain":0,"max_hp_loss":0,"event_name":"Golden Wing","floor":2,"gold_loss":0},{"damage_healed":0,"gold_gain":0,"player_choice":"Success","damage_taken":18,"relics_obtained":["Snake Skull"],"max_hp_gain":0,"max_hp_loss":0,"event_name":"Scrap Ooze","floor":5,"gold_loss":0},{"damage_healed":0,"gold_gain":0,"player_choice":"Bought 1 Potion","damage_taken":0,"max_hp_gain":0,"max_hp_loss":0,"event_name":"The Woman in Blue","floor":11,"gold_loss":0},{"damage_healed":0,"gold_gain":0,"player_choice":"Ignored","damage_taken":0,"max_hp_gain":0,"max_hp_loss":0,"event_name":"Liars Game","floor":14,"gold_loss":0},{"damage_healed":0,"gold_gain":0,"player_choice":"Fought Bandits","damage_taken":0,"max_hp_gain":0,"max_hp_loss":0,"event_name":"Masked Bandits","floor":21,"gold_loss":0},{"damage_healed":0,"gold_gain":99,"player_choice":"Stole From Cult","damage_taken":0,"max_hp_gain":0,"max_hp_loss":0,"event_name":"Nest","floor":22,"gold_loss":0}],"is_beta":false,"boss_relics":[{"not_picked":["Ectoplasm","Eternal Feather"],"picked":"Astrolabe"}],"items_purged_floors":[7,20],"is_endless":false,"potions_floor_spawned":[3,16,18,21],"killed_by":"Gremlin Leader","ascension_level":11}