{"path_per_floor":["M","?","M","M","M","R","M","E","T","M","$","?","?","M","R"],"character_chosen":"IRONCLAD","items_purchased":["Meat on the Bone"],"gold_per_floor":[110,175,187,205,216,216,235,264,264,283,37,37,2,20,20,20],"floor_reached":16,"campfire_rested":1,"playtime":669,"current_hp_per_floor":[80,80,80,80,74,74,76,41,51,44,44,26,48,59,86,0],"items_purged":[],"gold":20,"score":114,"play_id":"22d517fe-61c4-467b-a22b-a444f6a127fa","local_time":"20180327192342","is_prod":false,"is_daily":false,"is_ascension_mode":true,"campfire_upgraded":1,"timestamp":1522193022,"path_taken":["M","?","M","M","M","R","M","E","T","M","$","?","?","M","R","BOSS"],"build_version":"2018-03-22v2","purchased_purges":0,"victory":false,"master_deck":["Strike_R+1","Strike_R","Strike_R","Strike_R","Strike_R","Defend_R+1","Defend_R","Defend_R","Defend_R","Bash","Clothesline","Seeing Red","Thunderclap","Iron Wave+1","Whirlwind","Inflame","Twin Strike","Twin Strike"],"max_hp_per_floor":[80,80,80,80,80,80,80,80,90,90,90,90,90,90,90,90],"relics":["Burning Blood","Torii","Pear","Meat on the Bone"],"card_choices":[{"not_picked":["Headbutt","Exhume"],"picked":"Clothesline","floor":1},{"not_picked":["Dropkick","Heavy Blade"],"picked":"Seeing Red","floor":3},{"not_picked":["Warcry","Flex"],"picked":"Thunderclap","floor":4},{"not_picked":["Sword Boomerang","Entrench"],"picked":"Iron Wave","floor":5},{"not_picked":["Clash","Seeing Red"],"picked":"Whirlwind","floor":7},{"not_picked":["Burning Pact","Perfected Strike"],"picked":"Inflame","floor":8},{"not_picked":["Anger","True Grit"],"picked":"Twin Strike","floor":10},{"not_picked":["Fiend Fire","Perfected Strike"],"picked":"Twin Strike","floor":14}],"player_experience":130565,"potions_floor_usage":[10,10,16],"damage_taken":[{"damage":2,"enemies":"Small Slimes","floor":1,"turns":4},{"damage":4,"enemies":"Jaw Worm","floor":3,"turns":3},{"damage":3,"enemies":"2 Louse","floor":4,"turns":3},{"damage":12,"enemies":"Blue Slaver","floor":5,"turns":3},{"damage":4,"enemies":"2 Fungi Beasts","floor":7,"turns":3},{"damage":41,"enemies":"Lagavulin","floor":8,"turns":10},{"damage":13,"enemies":"Large Slime","floor":10,"turns":3},{"damage":7,"enemies":"Looter","floor":14,"turns":3},{"damage":87,"enemies":"Hexaghost","floor":16,"turns":11}],"event_choices":[{"event_name":"Golden Wing","player_choice":"Gained Gold","floor":2,"damage_taken":0},{"event_name":"Shining Light","player_choice":"Entered Light","floor":12,"damage_taken":0},{"event_name":"The Cleric","player_choice":"Healed","floor":13,"damage_taken":0}],"boss_relics":[],"potions_floor_spawned":[4,8,10],"seed_played":"2116713234576770294","killed_by":"Hexaghost","ascension_level":2,"is_trial":false}