{"gold_per_floor":[118,43,43,58,68,94,94,111,160,160],"floor_reached":10,"playtime":395,"items_purged":["Strike_R"],"score":129,"play_id":"cecbc5d7-f94e-4bdd-806f-b16e605714d8","local_time":"20190720203500","is_ascension_mode":true,"campfire_choices":[{"floor":7,"key":"REST"}],"neow_cost":"NONE","seed_source_timestamp":763884586181512,"circlet_count":0,"master_deck":["AscendersBane","Strike_R","Strike_R","Strike_R","Strike_R","Defend_R","Defend_R","Defend_R","Defend_R","Bash","Shrug It Off","Reaper","Sword Boomerang","Sword Boomerang","Sword Boomerang","Shrug It Off"],"relics":["Burning Blood","NeowsBlessing","Frozen Egg 2","Dream Catcher"],"potions_floor_usage":[6],"damage_taken":[{"damage":0,"enemies":"2 Louse","floor":1,"turns":1},{"damage":0,"enemies":"Cultist","floor":4,"turns":1},{"damage":0,"enemies":"Jaw Worm","floor":5,"turns":1},{"damage":54,"enemies":"3 Sentries","floor":6,"turns":11},{"damage":27,"enemies":"Exordium Wildlife","floor":8,"turns":4},{"damage":58,"enemies":"Lagavulin","floor":10,"turns":6}],"seed_played":"1599141264257529783","potions_obtained":[{"floor":4,"key":"SteroidPotion"},{"floor":8,"key":"SpeedPotion"}],"is_trial":false,"path_per_floor":["M","$","?","M","M","E","R","M","T","E"],"character_chosen":"IRONCLAD","items_purchased":[],"campfire_rested":1,"item_purchase_floors":[],"current_hp_per_floor":[74,74,74,75,75,35,57,44,44,0],"gold":160,"neow_bonus":"THREE_ENEMY_KILL","is_prod":false,"is_daily":false,"chose_seed":false,"campfire_upgraded":0,"win_rate":0,"timestamp":1563669300,"path_taken":["M","$","?","M","?","E","R","M","T","E"],"build_version":"2019-07-17","purchased_purges":1,"victory":false,"max_hp_per_floor":[75,75,75,75,75,75,75,75,75,75],"card_choices":[{"not_picked":["Warcry","Havoc"],"picked":"Shrug It Off","floor":1},{"not_picked":["Dual Wield","Cleave"],"picked":"Sword Boomerang","floor":4},{"not_picked":["Shrug It Off","Headbutt"],"picked":"Sword Boomerang","floor":5},{"not_picked":["Hemokinesis","Power Through"],"picked":"Sword Boomerang","floor":6},{"not_picked":["Clash","Sword Boomerang"],"picked":"Shrug It Off","floor":8}],"player_experience":1610210,"relics_obtained":[{"floor":6,"key":"Frozen Egg 2"},{"floor":9,"key":"Dream Catcher"}],"event_choices":[{"damage_healed":0,"gold_gain":0,"player_choice":"1 cards matched","damage_taken":0,"max_hp_gain":0,"max_hp_loss":0,"event_name":"Match and Keep!","floor":3,"gold_loss":0,"cards_obtained":["Reaper"]}],"is_beta":false,"boss_relics":[],"items_purged_floors":[2],"is_endless":false,"potions_floor_spawned":[4,8],"killed_by":"Lagavulin","ascension_level":18}