{"gold_per_floor":[116,133,153,428,442,476,476,476,476,476],"floor_reached":10,"playtime":16854,"items_purged":[],"score":136,"play_id":"e24b20f5-eaea-4fff-ad99-2cbb5a967a11","local_time":"20190825010215","is_ascension_mode":true,"campfire_choices":[],"neow_cost":"NONE","seed_source_timestamp":2437432218869924,"circlet_count":0,"master_deck":["AscendersBane","Strike_B","Strike_B","Strike_B","Defend_B","Defend_B","Defend_B","Defend_B","Zap","Dualcast","Hello World","Chill","Aggregate","Go for the Eyes","Regret","Cold Snap","Capacitor"],"special_seed":0,"relics":["Cracked Core","Dodecahedron","Girya","Shovel"],"potions_floor_usage":[6],"damage_taken":[{"damage":4.0,"enemies":"Small Slimes","floor":1.0,"turns":3.0},{"damage":0.0,"enemies":"Cultist","floor":2.0,"turns":4.0},{"damage":2,"enemies":"Jaw Worm","floor":3,"turns":4},{"damage":5,"enemies":"2 Fungi Beasts","floor":5,"turns":5},{"damage":12,"enemies":"3 Sentries","floor":6,"turns":9},{"damage":45,"enemies":"Gremlin Nob","floor":10,"turns":4}],"seed_played":"5592434044888542881","potions_obtained":[{"floor":1.0,"key":"Block Potion"}],"is_trial":false,"path_per_floor":["M","M","M","?","M","E","?","?","T","E"],"character_chosen":"DEFECT","items_purchased":[],"campfire_rested":0,"item_purchase_floors":[],"current_hp_per_floor":[60,60,58,58,53,41,36,41,41,0],"gold":476,"neow_bonus":"TRANSFORM_CARD","is_prod":false,"is_daily":false,"chose_seed":false,"campfire_upgraded":0,"win_rate":0,"timestamp":1566709335,"path_taken":["M","M","M","?","?","E","?","?","T","E"],"build_version":"2019-07-17","purchased_purges":0,"victory":false,"max_hp_per_floor":[71,71,71,71,71,71,71,76,76,76],"card_choices":[{"not_picked":["Skim","Stack"],"picked":"Chill","floor":1.0},{"not_picked":["Redo","Gash"],"picked":"Aggregate","floor":2.0},{"not_picked":["Stack","Amplify"],"picked":"Go for the Eyes","floor":3},{"not_picked":["Coolheaded","Recycle"],"picked":"Cold Snap","floor":5},{"not_picked":["Hyperbeam","Leap"],"picked":"Capacitor","floor":6}],"player_experience":1836958,"relics_obtained":[{"floor":6,"key":"Dodecahedron"},{"floor":9,"key":"Shovel"}],"event_choices":[{"damage_healed":0,"gold_gain":275,"player_choice":"Desecrate","damage_taken":0,"max_hp_gain":0,"max_hp_loss":0,"event_name":"Golden Shrine","floor":4,"gold_loss":0,"cards_obtained":["Regret"]},{"damage_healed":0,"gold_gain":0,"player_choice":"Success","damage_taken":5,"relics_obtained":["Girya"],"max_hp_gain":0,"max_hp_loss":0,"event_name":"Scrap Ooze","floor":7,"gold_loss":0},{"damage_healed":0,"gold_gain":0,"player_choice":"Donut","damage_taken":0,"max_hp_gain":5,"max_hp_loss":0,"event_name":"Big Fish","floor":8,"gold_loss":0}],"is_beta":false,"boss_relics":[],"items_purged_floors":[],"is_endless":false,"potions_floor_spawned":[1],"killed_by":"Gremlin Nob","ascension_level":20}