{"gold_per_floor":[19,35,45,45,62,62,90,90,90,108,108,127,139,37,37,133,133,123,398,414,414],"floor_reached":21,"playtime":948,"items_purged":[],"score":183,"play_id":"d58d7b69-922d-4ebc-af30-a45b23fc1148","local_time":"20190327200831","is_ascension_mode":false,"campfire_choices":[{"data":"Trip","floor":6,"key":"SMITH"},{"floor":8,"key":"REST"},{"data":"Armaments","floor":11,"key":"SMITH"},{"floor":15,"key":"REST"}],"neow_cost":"NO_GOLD","seed_source_timestamp":34142973268545,"circlet_count":0,"master_deck":["Strike_R","Strike_R","Strike_R","Strike_R","Strike_R","Defend_R","Defend_R","Defend_R","Defend_R","Bash","Purity","Trip+1","Flex","Warcry","Anger","Thunderclap","Anger","Armaments+1","Reckless Charge","Wild Strike","Shrug It Off","Thunderclap","Berserk","Inflame+1","Regret","Metallicize"],"relics":["Burning Blood","PreservedInsect","Regal Pillow"],"potions_floor_usage":[2,5,5,7,13,18],"damage_taken":[{"damage":0,"enemies":"Small Slimes","floor":1,"turns":3},{"damage":10,"enemies":"Cultist","floor":2,"turns":4},{"damage":8,"enemies":"Jaw Worm","floor":3,"turns":3},{"damage":39,"enemies":"Gremlin Gang","floor":5,"turns":8},{"damage":21,"enemies":"Gremlin Nob","floor":7,"turns":4},{"damage":32,"enemies":"Exordium Wildlife","floor":10,"turns":5},{"damage":15,"enemies":"Looter","floor":12,"turns":3},{"damage":0,"enemies":"Lots of Slimes","floor":13,"turns":4},{"damage":77,"enemies":"The Guardian","floor":16,"turns":12},{"damage":25,"enemies":"2 Thieves","floor":18,"turns":4},{"damage":40,"enemies":"Spheric Guardian","floor":20,"turns":4},{"damage":38,"enemies":"Snake Plant","floor":21,"turns":2}],"seed_played":"-2401243937487862039","potions_obtained":[{"floor":1,"key":"Fruit Juice"},{"floor":2,"key":"Strength Potion"},{"floor":4,"key":"Regen Potion"},{"floor":4,"key":"Energy Potion"},{"floor":10,"key":"Dexterity Potion"},{"floor":16,"key":"Swift Potion"}],"is_trial":false,"path_per_floor":["M","M","M","?","M","R","E","R","T","M","R","M","M","$","R","B",null,"M","?","M","M"],"character_chosen":"IRONCLAD","items_purchased":["Shrug It Off","Thunderclap"],"campfire_rested":2,"item_purchase_floors":[14,14],"current_hp_per_floor":[80,81,79,79,61,61,46,71,71,45,45,36,42,42,82,11,85,66,66,32,0],"gold":414,"neow_bonus":"RANDOM_COLORLESS_2","is_prod":false,"is_daily":false,"chose_seed":false,"campfire_upgraded":2,"win_rate":0,"timestamp":1553681311,"path_taken":["M","M","M","?","?","R","E","R","T","M","R","M","M","$","R","BOSS","M","?","M","M"],"build_version":"2019-01-23","purchased_purges":0,"victory":false,"max_hp_per_floor":[80,85,85,85,85,85,85,85,85,85,85,85,85,85,85,85,85,85,85,85,85],"card_choices":[{"not_picked":["Perfected Strike","Body Slam"],"picked":"Flex","floor":1},{"not_picked":["Uppercut","Carnage"],"picked":"Warcry","floor":2},{"not_picked":["Shrug It Off","Iron Wave"],"picked":"Anger","floor":3},{"not_picked":["Corruption","Twin Strike"],"picked":"Thunderclap","floor":5},{"not_picked":["Power Through","True Grit"],"picked":"Anger","floor":7},{"not_picked":["Bludgeon","Wild Strike"],"picked":"Armaments","floor":10},{"not_picked":["Twin Strike","Perfected Strike"],"picked":"Reckless Charge","floor":12},{"not_picked":["Thunderclap","Bloodletting"],"picked":"Wild Strike","floor":13},{"not_picked":["Feed","Brutality"],"picked":"Berserk","floor":16},{"not_picked":["Heavy Blade","Rampage"],"picked":"Inflame+1","floor":18},{"not_picked":["Warcry+1","Body Slam"],"picked":"Metallicize","floor":20}],"player_experience":208323,"relics_obtained":[{"floor":7,"key":"PreservedInsect"},{"floor":9,"key":"Regal Pillow"}],"event_choices":[{"damage_healed":0,"gold_gain":0,"player_choice":"Got Potions","damage_taken":0,"max_hp_gain":0,"max_hp_loss":0,"event_name":"Lab","floor":4,"gold_loss":0},{"damage_healed":0,"gold_gain":275,"player_choice":"Desecrate","damage_taken":0,"max_hp_gain":0,"max_hp_loss":0,"event_name":"Golden Shrine","floor":19,"gold_loss":0,"cards_obtained":["Regret"]}],"is_beta":false,"boss_relics":[{"not_picked":["Ectoplasm","Coffee Dripper","Snecko Eye"]}],"items_purged_floors":[],"is_endless":false,"potions_floor_spawned":[1,2,10,16],"killed_by":"Snake Plant","ascension_level":0}