{"gold_per_floor":[111,111,121,134,134,134,162,162,216,241,45,74,94,94,94,191,191,202,202,45,60,77,77,77,77,77,87,102,118,136,170,170,271,271,285,285,285,301,351,351,106,119,119,119,119,136,136,136],"floor_reached":48,"playtime":4628,"items_purged":[],"score":589,"play_id":"93da07b7-4c3d-4364-917f-c38b1ae25b92","local_time":"20190911120821","is_ascension_mode":true,"campfire_choices":[{"floor":6,"key":"RECALL"},{"floor":8,"key":"REST"},{"floor":15,"key":"REST"},{"data":"Uppercut","floor":24,"key":"SMITH"},{"data":"Power Through","floor":32,"key":"SMITH"},{"data":"Uppercut","floor":40,"key":"SMITH"},{"data":"Shrug It Off","floor":47,"key":"SMITH"}],"neow_cost":"NONE","seed_source_timestamp":73616755840500,"circlet_count":0,"master_deck":["Strike_R","Strike_R","Strike_R","Strike_R","Defend_R","Defend_R+1","Defend_R","Defend_R","Bash","Clothesline+1","Power Through+1","Shrug It Off+1","Shrug It Off+1","Sever Soul","Seeing Red","Uppercut+1","Barricade","Iron Wave+1","Entrench","Intimidate+1","Flame Barrier+1","Perfected Strike","Reaper","Burning Pact+1","Bludgeon","Uppercut+1","Perfected Strike+1","Shrug It Off+1","Havoc"],"relics":["Burning Blood","Orichalcum","Pear","Toy Ornithopter","Bronze Scales","Runic Dome","PreservedInsect","War Paint","Bird Faced Urn","Coffee Dripper","Boot","Bottled Lightning","Blood Vial"],"potions_floor_usage":[7,10,22,29,33],"damage_taken":[{"damage":5,"enemies":"Cultist","floor":1,"turns":5},{"damage":10,"enemies":"Jaw Worm","floor":3,"turns":4},{"damage":7,"enemies":"Small Slimes","floor":4,"turns":3},{"damage":47,"enemies":"3 Sentries","floor":7,"turns":21},{"damage":37,"enemies":"Lagavulin","floor":10,"turns":15},{"damage":37,"enemies":"3 Sentries","floor":12,"turns":15},{"damage":0,"enemies":"Blue Slaver","floor":13,"turns":4},{"damage":49,"enemies":"Hexaghost","floor":16,"turns":16},{"damage":8,"enemies":"Shell Parasite","floor":18,"turns":13},{"damage":4,"enemies":"Chosen","floor":21,"turns":6},{"damage":14,"enemies":"Snake Plant","floor":22,"turns":5},{"damage":10,"enemies":"Shelled Parasite and Fungi","floor":27,"turns":11},{"damage":16,"enemies":"Centurion and Healer","floor":28,"turns":17},{"damage":0,"enemies":"Snecko","floor":29,"turns":5},{"damage":19,"enemies":"Cultist and Chosen","floor":30,"turns":7},{"damage":19,"enemies":"Book of Stabbing","floor":31,"turns":6},{"damage":48,"enemies":"Automaton","floor":33,"turns":21},{"damage":15,"enemies":"3 Shapes","floor":35,"turns":6},{"damage":37,"enemies":"3 Darklings","floor":38,"turns":12},{"damage":34,"enemies":"Sphere and 2 Shapes","floor":42,"turns":7},{"damage":40,"enemies":"Transient","floor":46,"turns":5},{"damage":22,"enemies":"3 Darklings","floor":48,"turns":2}],"seed_played":"8384602824330901690","potions_obtained":[{"floor":4,"key":"SkillPotion"},{"floor":7,"key":"LiquidBronze"},{"floor":13,"key":"Ancient Potion"},{"floor":18,"key":"Fruit Juice"},{"floor":27,"key":"SkillPotion"},{"floor":30,"key":"Poison Potion"},{"floor":46,"key":"AttackPotion"}],"is_trial":false,"path_per_floor":["M","?","M","M","?","R","E","R","T","E","$","E","M","?","R","B",null,"M","?","$","M","M","?","R","?","T","M","M","M","M","E","R","B",null,"M","?","?","M","T","R","$","M","T","$","?","M","R","M"],"character_chosen":"IRONCLAD","items_purchased":["Toy Ornithopter","PreservedInsect","Bottled Lightning"],"campfire_rested":2,"item_purchase_floors":[11,20,41],"current_hp_per_floor":[88,93,89,88,88,88,47,74,74,53,53,22,28,28,58,15,103,101,101,101,103,105,105,105,105,105,101,91,102,89,80,80,46,108,99,99,99,74,74,74,74,48,48,48,48,16,16,0],"gold":136,"neow_bonus":"TEN_PERCENT_HP_BONUS","is_prod":false,"is_daily":false,"chose_seed":false,"campfire_upgraded":4,"win_rate":0,"timestamp":1568221701,"path_taken":["M","?","M","M","?","R","E","R","T","E","$","E","?","?","R","BOSS","M","?","?","M","M","?","R","?","T","M","M","M","?","E","R","BOSS","M","?","?","?","?","R","$","M","T","$","?","M","R","M"],"build_version":"2019-07-17","purchased_purges":0,"victory":false,"max_hp_per_floor":[88,93,93,93,93,93,93,93,93,103,103,103,103,103,103,103,103,103,103,103,103,108,108,108,108,108,108,108,108,108,108,108,108,108,108,108,108,108,108,108,108,108,108,108,103,103,103,103],"card_choices":[{"not_picked":["Dropkick","Headbutt"],"picked":"Clothesline","floor":1},{"not_picked":["True Grit","Headbutt"],"picked":"Power Through","floor":3},{"not_picked":["Bloodletting","Body Slam"],"picked":"Shrug It Off","floor":4},{"not_picked":["Clothesline","Power Through"],"picked":"Shrug It Off","floor":7},{"not_picked":["Thunderclap","Cleave"],"picked":"Sever Soul","floor":10},{"not_picked":["Limit Break","Fiend Fire"],"picked":"Seeing Red","floor":12},{"not_picked":["Havoc","Spot Weakness"],"picked":"Uppercut","floor":13},{"not_picked":["Feed","Fiend Fire"],"picked":"Barricade","floor":16},{"not_picked":["Wild Strike","Heavy Blade"],"picked":"Infernal Blade+1","floor":18},{"not_picked":["Bloodletting","True Grit+1"],"picked":"Iron Wave+1","floor":21},{"not_picked":["Power Through","Cleave+1"],"picked":"Entrench","floor":22},{"not_picked":["Twin Strike","Heavy Blade"],"picked":"Intimidate+1","floor":27},{"not_picked":["Dropkick","Sword Boomerang"],"picked":"Flame Barrier+1","floor":28},{"not_picked":["Wild Strike","Anger+1"],"picked":"Perfected Strike","floor":29},{"not_picked":["Iron Wave+1","Rampage"],"picked":"Reaper","floor":30},{"not_picked":["Ghostly Armor","Headbutt"],"picked":"Burning Pact+1","floor":31},{"not_picked":["Limit Break","Dark Embrace"],"picked":"Bludgeon","floor":33},{"not_picked":["Hemokinesis+1","Pommel Strike+1"],"picked":"Uppercut","floor":35},{"not_picked":["Armaments","Heavy Blade+1"],"picked":"Perfected Strike+1","floor":38},{"not_picked":["Sever Soul","Feel No Pain"],"picked":"Shrug It Off+1","floor":42},{"not_picked":["Wild Strike","Headbutt"],"picked":"Havoc","floor":46}],"player_experience":326501,"relics_obtained":[{"floor":7,"key":"Orichalcum"},{"floor":10,"key":"Pear"},{"floor":12,"key":"Bronze Scales"},{"floor":26,"key":"War Paint"},{"floor":31,"key":"Bird Faced Urn"},{"floor":39,"key":"Boot"},{"floor":43,"key":"Blood Vial"}],"event_choices":[{"damage_healed":0,"gold_gain":0,"player_choice":"Donut","damage_taken":0,"max_hp_gain":5,"max_hp_loss":0,"event_name":"Big Fish","floor":2,"gold_loss":0},{"cards_removed":["Strike_R"],"damage_healed":0,"gold_gain":0,"player_choice":"Offered Basic","damage_taken":0,"max_hp_gain":0,"max_hp_loss":0,"event_name":"Bonfire Elementals","floor":5,"gold_loss":0},{"damage_healed":0,"gold_gain":0,"player_choice":"Ignored","damage_taken":0,"max_hp_gain":0,"max_hp_loss":0,"event_name":"Liars Game","floor":14,"gold_loss":0},{"damage_healed":0,"gold_gain":0,"player_choice":"Upgraded","damage_taken":0,"max_hp_gain":0,"max_hp_loss":0,"event_name":"Upgrade Shrine","floor":19,"gold_loss":0,"cards_upgraded":["Clothesline"]},{"damage_healed":0,"gold_gain":0,"player_choice":"Ignored","damage_taken":0,"max_hp_gain":0,"max_hp_loss":0,"event_name":"Ghosts","floor":23,"gold_loss":0},{"damage_healed":0,"gold_gain":0,"player_choice":"Ignored","damage_taken":0,"max_hp_gain":0,"max_hp_loss":0,"event_name":"Vampires","floor":25,"gold_loss":0},{"damage_healed":0,"gold_gain":0,"player_choice":"Ignored","damage_taken":0,"max_hp_gain":0,"max_hp_loss":0,"event_name":"Mysterious Sphere","floor":36,"gold_loss":0},{"cards_removed":["Infernal Blade"],"damage_healed":0,"gold_gain":0,"player_choice":"Removed Skill","damage_taken":0,"max_hp_gain":0,"max_hp_loss":0,"event_name":"Falling","floor":37,"gold_loss":0},{"damage_healed":0,"gold_gain":0,"player_choice":"Max HP","damage_taken":0,"max_hp_gain":0,"max_hp_loss":5,"event_name":"Winding Halls","floor":45,"gold_loss":0}],"is_beta":false,"boss_relics":[{"not_picked":["Tiny House","White Beast Statue"],"picked":"Runic Dome"},{"not_picked":["Black Blood","Orrery"],"picked":"Coffee Dripper"}],"items_purged_floors":[],"is_endless":false,"potions_floor_spawned":[4,7,13,18,27,30,46],"killed_by":"3 Darklings","ascension_level":4}