{"gold_per_floor":[118,132,132,53,67,67,101,101,101,134,59,59,59,79,79,183,183,201,219,254,154,170,170,170,170,170,202,4,4,38,38,38,142,142,161,36,87,309,322,348,348,348,348,378,378,84,111,123,123,123,123,123,46,77,77],"floor_reached":55,"playtime":4534,"items_purged":["Strike_B","Strike_B","Defend_B"],"score":910,"play_id":"015526c9-cd60-4aa1-8432-d9f45373c743","local_time":"20190713140329","is_ascension_mode":true,"campfire_choices":[{"data":"Machine Learning","floor":6.0,"key":"SMITH"},{"data":"Zap","floor":8.0,"key":"SMITH"},{"floor":15.0,"key":"REST"},{"data":"Steam Power","floor":23.0,"key":"SMITH"},{"data":"Buffer","floor":25.0,"key":"SMITH"},{"data":"Dualcast","floor":29.0,"key":"SMITH"},{"data":"Biased Cognition","floor":32.0,"key":"SMITH"},{"floor":42.0,"key":"REST"},{"floor":45.0,"key":"RECALL"},{"floor":49.0,"key":"REST"},{"data":"Conserve Battery","floor":52.0,"key":"SMITH"}],"neow_cost":"NONE","seed_source_timestamp":0,"circlet_count":0,"master_deck":["Strike_B+1","Defend_B+1","Zap+1","Dualcast+1","Panacea","Cold Snap","Conserve Battery+1","Machine Learning+1","Electrodynamics","Buffer+1","Steam Power+1","Conserve Battery","Sweeping Beam","Hologram+1","Darkness+1","Biased Cognition+1","Rainbow+1","Compile Driver","Lockon","Impatience+1","Force Field+1"],"special_seed":0,"relics":["Cracked Core","Bottled Tornado","Prayer Wheel","Empty Cage","Red Mask","Toxic Egg 2","Shuriken","Lee\u0027s Waffle","Strawberry","Ornamental Fan","Nuclear Battery","StoneCalendar","Sundial","Mercury Hourglass","Mummified Hand","FossilizedHelix","OrangePellets","Lantern","Pear"],"potions_floor_usage":[55],"damage_taken":[{"damage":0.0,"enemies":"Cultist","floor":1.0,"turns":3.0},{"damage":3.0,"enemies":"2 Louse","floor":2.0,"turns":3.0},{"damage":1.0,"enemies":"Small Slimes","floor":5.0,"turns":3.0},{"damage":9.0,"enemies":"Gremlin Nob","floor":7.0,"turns":4.0},{"damage":16.0,"enemies":"Lagavulin","floor":10.0,"turns":8.0},{"damage":5.0,"enemies":"3 Louse","floor":14.0,"turns":2.0},{"damage":28.0,"enemies":"Hexaghost","floor":16.0,"turns":11.0},{"damage":21.0,"enemies":"2 Thieves","floor":18.0,"turns":4.0},{"damage":10.0,"enemies":"3 Byrds","floor":19.0,"turns":3.0},{"damage":9.0,"enemies":"Masked Bandits","floor":20.0,"turns":3.0},{"damage":0.0,"enemies":"Centurion and Healer","floor":22.0,"turns":6.0},{"damage":48.0,"enemies":"Book of Stabbing","floor":27.0,"turns":7.0},{"damage":15.0,"enemies":"Gremlin Leader","floor":30.0,"turns":6.0},{"damage":7.0,"enemies":"Automaton","floor":33.0,"turns":6.0},{"damage":1.0,"enemies":"Orb Walker","floor":35.0,"turns":3.0},{"damage":23.0,"enemies":"2 Orb Walkers","floor":37.0,"turns":4.0},{"damage":15.0,"enemies":"3 Darklings","floor":39.0,"turns":3.0},{"damage":20.0,"enemies":"Nemesis","floor":40.0,"turns":6.0},{"damage":0.0,"enemies":"Giant Head","floor":44.0,"turns":6.0},{"damage":0.0,"enemies":"Nemesis","floor":47.0,"turns":5.0},{"damage":0.0,"enemies":"4 Shapes","floor":48.0,"turns":3.0},{"damage":29.0,"enemies":"Donu and Deca","floor":50.0,"turns":7.0},{"damage":16.0,"enemies":"Shield and Spear","floor":54.0,"turns":4.0},{"damage":95,"enemies":"The Heart","floor":55,"turns":9}],"seed_played":"5593200215254540881","potions_obtained":[{"floor":1.0,"key":"FearPotion"},{"floor":3.0,"key":"SteroidPotion"},{"floor":3.0,"key":"Block Potion"},{"floor":7.0,"key":"AttackPotion"},{"floor":16.0,"key":"Block Potion"},{"floor":18.0,"key":"SteroidPotion"},{"floor":19.0,"key":"Fruit Juice"},{"floor":22.0,"key":"Energy Potion"},{"floor":33.0,"key":"Energy Potion"},{"floor":35.0,"key":"LiquidBronze"},{"floor":37.0,"key":"Fruit Juice"},{"floor":44.0,"key":"SmokeBomb"}],"is_trial":false,"path_per_floor":["M","M","?","$","M","R","E","R","T","E","$","?","?","M","R","B",null,"M","M","?","$","M","R","?","R","T","E","$","R","E","T","R","B",null,"M","$","?","?","M","E","T","R","T","E","R","$","E","M","R","B",null,"R","$","E","B"],"character_chosen":"DEFECT","items_purchased":["Machine Learning","Lee\u0027s Waffle","OrangePellets","Impatience+1","FocusPotion"],"campfire_rested":3,"item_purchase_floors":[4,28,46,46,53],"current_hp_per_floor":[75,72,72,72,71,71,62,62,62,46,46,31,31,26,48,20,75,54,44,40,40,40,40,66,66,66,18,87,87,79,79,79,72,94,93,93,70,70,60,40,40,69,69,69,69,69,69,69,98,69,99,99,99,93,0],"gold":77,"neow_bonus":"RANDOM_COLORLESS","is_prod":false,"is_daily":false,"chose_seed":false,"campfire_upgraded":7,"win_rate":0,"timestamp":1563019409,"path_taken":["M","?","?","?","M","R","E","R","T","E","$","?","?","M","R","BOSS","M","M","?","$","M","R","?","R","T","E","$","R","E","?","R","BOSS","M","$","?","?","M","E","?","R","T","E","R","$","E","M","R","BOSS","R","$","E","BOSS"],"build_version":"2019-07-05","purchased_purges":3,"victory":false,"max_hp_per_floor":[75,75,75,75,75,75,75,75,75,75,75,75,75,75,75,75,75,75,75,80,80,80,80,80,80,80,80,87,87,94,94,94,94,94,94,94,94,94,99,99,99,99,99,99,99,99,99,99,99,99,99,99,99,109,109],"card_choices":[{"not_picked":["Beam Cell","Coolheaded"],"picked":"Cold Snap","floor":1.0},{"not_picked":["Sweeping Beam","Skim"],"picked":"Conserve Battery","floor":2.0},{"not_picked":["Barrage","Beam Cell","Undo"],"picked":"SKIP","floor":5.0},{"not_picked":["Gash","Double Energy","Heatsinks"],"picked":"SKIP","floor":7.0},{"not_picked":["Conserve Battery","Rebound"],"picked":"Electrodynamics","floor":10.0},{"not_picked":["Barrage","Cold Snap","Hologram"],"picked":"SKIP","floor":14.0},{"not_picked":["Stack","Conserve Battery","Streamline"],"picked":"SKIP","floor":14.0},{"not_picked":["Machine Learning","Creative AI"],"picked":"Buffer","floor":16.0},{"not_picked":["Conserve Battery","Consume"],"picked":"Steam Power","floor":18.0},{"not_picked":["Consume","Steam Power"],"picked":"Conserve Battery","floor":18.0},{"not_picked":["Gash+1","Scrape"],"picked":"Sweeping Beam","floor":19.0},{"not_picked":["Conserve Battery","Cold Snap","Coolheaded"],"picked":"SKIP","floor":19.0},{"not_picked":["Streamline","Genetic Algorithm"],"picked":"Hologram+1","floor":22.0},{"not_picked":["Force Field","Glacier+1","Reinforced Body"],"picked":"SKIP","floor":22.0},{"not_picked":["Streamline","Rebound"],"picked":"Darkness+1","floor":27.0},{"not_picked":["Conserve Battery+1","Reboot+1"],"picked":"Biased Cognition","floor":30.0},{"not_picked":["Fission+1","Buffer"],"picked":"Rainbow+1","floor":33.0},{"not_picked":["Hello World+1","Reprogram+1"],"picked":"Compile Driver","floor":35.0},{"not_picked":["Beam Cell+1","Scrape+1","Hologram+1"],"picked":"SKIP","floor":35.0},{"not_picked":["Leap+1","Consume+1"],"picked":"Lockon","floor":39.0},{"not_picked":["Machine Learning","Gash","Cold Snap"],"picked":"SKIP","floor":39.0},{"not_picked":["Rip and Tear+1","Go for the Eyes+1","Thunder Strike"],"picked":"SKIP","floor":40.0},{"not_picked":["Conserve Battery+1","Cold Snap+1","Beam Cell+1"],"picked":"SKIP","floor":44.0},{"not_picked":["Defragment","Conserve Battery+1","Ball Lightning"],"picked":"SKIP","floor":47.0},{"not_picked":["Streamline","Melter","Skim+1"],"picked":"SKIP","floor":48.0},{"not_picked":["Ball Lightning","Cold Snap","Steam+1"],"picked":"SKIP","floor":48.0},{"not_picked":["Barrage","Leap+1"],"picked":"Force Field+1","floor":54.0}],"player_experience":42982,"relics_obtained":[{"floor":7.0,"key":"Bottled Tornado"},{"floor":10.0,"key":"Prayer Wheel"},{"floor":20.0,"key":"Red Mask"},{"floor":26.0,"key":"Toxic Egg 2"},{"floor":27.0,"key":"Shuriken"},{"floor":30.0,"key":"Strawberry"},{"floor":31.0,"key":"Ornamental Fan"},{"floor":37.0,"key":"StoneCalendar"},{"floor":40.0,"key":"Sundial"},{"floor":41.0,"key":"Mercury Hourglass"},{"floor":43.0,"key":"Mummified Hand"},{"floor":44.0,"key":"FossilizedHelix"},{"floor":47.0,"key":"Lantern"},{"floor":54.0,"key":"Pear"}],"event_choices":[{"damage_healed":0.0,"max_hp_gain":0.0,"max_hp_loss":0.0,"gold_gain":0.0,"event_name":"Lab","player_choice":"Got Potions","floor":3.0,"gold_loss":0.0,"damage_taken":0.0},{"damage_healed":0.0,"max_hp_gain":0.0,"max_hp_loss":0.0,"gold_gain":0.0,"event_name":"Shining Light","player_choice":"Entered Light","floor":12.0,"gold_loss":0.0,"damage_taken":15.0,"cards_upgraded":["Defend_B","Strike_B"]},{"cards_removed":["Defend_B"],"damage_healed":0.0,"max_hp_gain":0.0,"max_hp_loss":0.0,"gold_gain":0.0,"event_name":"Living Wall","player_choice":"Forget","floor":13.0,"gold_loss":0.0,"damage_taken":0.0},{"damage_healed":0.0,"max_hp_gain":0.0,"max_hp_loss":0.0,"gold_gain":0.0,"event_name":"Masked Bandits","player_choice":"Fought Bandits","floor":20.0,"gold_loss":0.0,"damage_taken":0.0},{"damage_healed":26.0,"max_hp_gain":0.0,"max_hp_loss":0.0,"gold_gain":0.0,"event_name":"The Library","player_choice":"Heal","floor":24.0,"gold_loss":0.0,"damage_taken":0.0},{"damage_healed":0.0,"max_hp_gain":0.0,"max_hp_loss":0.0,"gold_gain":0.0,"event_name":"Mysterious Sphere","player_choice":"Fight","floor":37.0,"gold_loss":0.0,"damage_taken":0.0},{"damage_healed":0.0,"max_hp_gain":0.0,"max_hp_loss":0.0,"gold_gain":222.0,"event_name":"Tomb of Lord Red Mask","player_choice":"Wore Mask","floor":38.0,"gold_loss":0.0,"damage_taken":0.0}],"is_beta":false,"boss_relics":[{"not_picked":["Ectoplasm","Tiny House"],"picked":"Empty Cage"},{"not_picked":["Black Star","Orrery"],"picked":"Nuclear Battery"}],"items_purged_floors":[11,21,36],"is_endless":false,"potions_floor_spawned":[1,7,16,18,19,22,33,35,37,44],"killed_by":"The Heart","ascension_level":1}