{"gold_per_floor":[114,132,142,161,181,181,214,234,257,270,38,51,51,86,86,165,165,178,196,207,207,217,217,217],"floor_reached":24,"playtime":1507,"items_purged":["Strike_G"],"score":478,"play_id":"1c8f7d55-7a38-45ce-9659-0eb988543291","local_time":"20181229234810","is_ascension_mode":true,"campfire_choices":[{"data":"Skewer","floor":6.0,"key":"SMITH"},{"data":"Masterful Stab","floor":13.0,"key":"SMITH"},{"floor":15.0,"key":"REST"},{"floor":23,"key":"REST"}],"neow_cost":"NONE","seed_source_timestamp":771061192077834,"circlet_count":0,"master_deck":["AscendersBane","Defend_G","Defend_G","Defend_G","Defend_G","Defend_G","Strike_G","Strike_G","Strike_G","Strike_G","Survivor","Neutralize","Tools of the Trade","Flying Knee","Dagger Throw","Skewer+1","Masterful Stab+1","Underhanded Strike","Cloak And Dagger","Adrenaline","Acrobatics","PiercingWail"],"special_seed":0,"relics":["Ring of the Snake","Singing Bowl","Strawberry","Pen Nib","Nunchaku","HoveringKite"],"potions_floor_usage":[16,16,18,20],"damage_taken":[{"damage":3.0,"enemies":"Cultist","floor":1.0,"turns":4.0},{"damage":0.0,"enemies":"Jaw Worm","floor":2.0,"turns":7.0},{"damage":7.0,"enemies":"Small Slimes","floor":3.0,"turns":4.0},{"damage":0.0,"enemies":"2 Fungi Beasts","floor":4.0,"turns":4.0},{"damage":21.0,"enemies":"Gremlin Gang","floor":5.0,"turns":6.0},{"damage":0.0,"enemies":"Gremlin Nob","floor":7.0,"turns":2.0},{"damage":0.0,"enemies":"3 Louse","floor":8.0,"turns":1.0},{"damage":17.0,"enemies":"Large Slime","floor":10.0,"turns":5.0},{"damage":0.0,"enemies":"Gremlin Gang","floor":12.0,"turns":4.0},{"damage":14.0,"enemies":"Lagavulin","floor":14.0,"turns":4.0},{"damage":3,"enemies":"Slime Boss","floor":16,"turns":12},{"damage":0,"enemies":"3 Byrds","floor":18,"turns":6},{"damage":25,"enemies":"Shell Parasite","floor":19,"turns":3},{"damage":11,"enemies":"Shelled Parasite and Fungi","floor":20,"turns":3},{"damage":12,"enemies":"Centurion and Healer","floor":22,"turns":5},{"damage":53,"enemies":"Slavers","floor":24,"turns":5}],"seed_played":"-3851650799082175592","potions_obtained":[{"floor":2.0,"key":"EssenceOfSteel"},{"floor":4.0,"key":"Dexterity Potion"},{"floor":5.0,"key":"Fire Potion"},{"floor":7.0,"key":"Explosive Potion"},{"floor":10.0,"key":"Dexterity Potion"},{"floor":16,"key":"Weak Potion"},{"floor":19,"key":"EssenceOfSteel"}],"is_trial":false,"path_per_floor":["M","M","M","M","M","R","E","M","T","M","$","M","R","E","R","B",null,"M","M","M","?","M","R","E"],"character_chosen":"THE_SILENT","items_purchased":["Pen Nib"],"campfire_rested":2,"item_purchase_floors":[11],"current_hp_per_floor":[56,56,49,49,28,28,30,30,37,20,20,22,22,10,33,30,67,69,44,35,35,23,47,0],"gold":217,"neow_bonus":"ONE_RANDOM_RARE_CARD","is_prod":false,"is_daily":false,"chose_seed":false,"campfire_upgraded":2,"win_rate":0,"timestamp":1546145290,"path_taken":["M","M","?","M","M","R","E","M","T","M","$","?","R","E","R","BOSS","M","M","M","?","M","R","E"],"build_version":"2018-12-20","purchased_purges":1,"victory":false,"max_hp_per_floor":[66,66,66,66,66,66,68,68,75,75,75,77,77,79,79,79,79,81,81,83,83,83,83,83],"card_choices":[{"not_picked":["Deadly Poison","Poisoned Stab"],"picked":"Flying Knee","floor":1.0},{"not_picked":["Concentrate","Deflect"],"picked":"Dagger Throw","floor":2.0},{"not_picked":["Heel Hook","Reflex"],"picked":"Skewer","floor":3.0},{"not_picked":["Backflip","Deadly Poison"],"picked":"Masterful Stab","floor":4.0},{"not_picked":["Choke","Outmaneuver","Escape Plan"],"picked":"SKIP","floor":5.0},{"not_picked":["Quick Slash","Blade Dance","Poisoned Stab"],"picked":"Singing Bowl","floor":7.0},{"not_picked":["Dash","Bane"],"picked":"Underhanded Strike","floor":8.0},{"not_picked":["Poisoned Stab","Flying Knee"],"picked":"Cloak And Dagger","floor":10.0},{"not_picked":["Choke","Bane","Dagger Throw"],"picked":"Singing Bowl","floor":12.0},{"not_picked":["Blade Dance","Endless Agony","Dodge and Roll"],"picked":"Singing Bowl","floor":14.0},{"not_picked":["A Thousand Cuts","Glass Knife"],"picked":"Adrenaline","floor":16},{"not_picked":["Slice","Bouncing Flask","Escape Plan"],"picked":"Singing Bowl","floor":18},{"not_picked":["All Out Attack+1","Sucker Punch"],"picked":"Acrobatics","floor":19},{"not_picked":["Riddle With Holes","All Out Attack","Sucker Punch"],"picked":"Singing Bowl","floor":20},{"not_picked":["Tactician","Cloak And Dagger"],"picked":"PiercingWail","floor":22}],"player_experience":1115146,"relics_obtained":[{"floor":7.0,"key":"Singing Bowl"},{"floor":9.0,"key":"Strawberry"},{"floor":14.0,"key":"Nunchaku"}],"event_choices":[{"damage_healed":0,"gold_gain":0,"player_choice":"Ignored","damage_taken":0,"max_hp_gain":0,"max_hp_loss":0,"event_name":"The Mausoleum","floor":21,"gold_loss":0}],"is_beta":false,"boss_relics":[{"not_picked":["Orrery","Lizard Tail"],"picked":"HoveringKite"}],"items_purged_floors":[11],"is_endless":false,"potions_floor_spawned":[2,4,5,7,10,16,19],"killed_by":"Slavers","ascension_level":20}