{"gold_per_floor":[111,126,145,295,305,305,319,354,354,354,354,9,0,0,0,95,95,95,95,95,10,10,10,10,10,10,10,10,10,10,10,10,10],"floor_reached":33,"playtime":4568,"items_purged":["Doubt"],"score":492,"play_id":"45dd01ef-9a4c-4234-970b-9eb969e64be0","local_time":"20190718122057","is_ascension_mode":true,"campfire_choices":[{"data":"Sucker Punch","floor":6,"key":"SMITH"},{"floor":10,"key":"REST"},{"data":"Footwork","floor":15,"key":"SMITH"},{"data":"Noxious Fumes","floor":23,"key":"SMITH"},{"floor":28,"key":"REST"},{"floor":32,"key":"REST"}],"neow_cost":"NONE","seed_source_timestamp":3591281249008,"circlet_count":0,"master_deck":["AscendersBane","Strike_G","Strike_G","Strike_G","Strike_G","Strike_G","Defend_G","Defend_G","Defend_G","Defend_G","Defend_G","Survivor","Neutralize","Sucker Punch+1","Dash","Dagger Spray","Backflip","Dodge and Roll","Injury","Footwork+1","Die Die Die","Noxious Fumes+1","Poisoned Stab","J.A.X.","Crippling Poison+1","Dagger Throw+1","After Image","Riddle With Holes+1","Bane+1"],"relics":["Ring of the Snake","Bronze Scales","Mercury Hourglass","Golden Idol","Medical Kit","PreservedInsect","Ectoplasm","Shuriken","Molten Egg 2","Mango","Frozen Egg 2"],"potions_floor_usage":[7,16,16,19,24,33,33],"damage_taken":[{"damage":7,"enemies":"2 Louse","floor":1,"turns":4},{"damage":1,"enemies":"Small Slimes","floor":2,"turns":4},{"damage":2,"enemies":"Jaw Worm","floor":3,"turns":4},{"damage":4,"enemies":"Large Slime","floor":5,"turns":7},{"damage":3,"enemies":"Looter","floor":7,"turns":3},{"damage":22,"enemies":"3 Sentries","floor":8,"turns":9},{"damage":16,"enemies":"Hexaghost","floor":16,"turns":11},{"damage":0,"enemies":"Chosen","floor":18,"turns":5},{"damage":0,"enemies":"Spheric Guardian","floor":19,"turns":3},{"damage":17,"enemies":"Snecko","floor":22,"turns":5},{"damage":19,"enemies":"Gremlin Leader","floor":24,"turns":5},{"damage":11,"enemies":"Sentry and Sphere","floor":25,"turns":5},{"damage":7,"enemies":"Snake Plant","floor":29,"turns":5},{"damage":19,"enemies":"Centurion and Healer","floor":30,"turns":6},{"damage":71,"enemies":"Champ","floor":33,"turns":11}],"seed_played":"6380068263901789299","potions_obtained":[{"floor":2,"key":"Fire Potion"},{"floor":5,"key":"LiquidBronze"},{"floor":8,"key":"SkillPotion"},{"floor":16,"key":"Fire Potion"},{"floor":19,"key":"GamblersBrew"},{"floor":24,"key":"Fire Potion"},{"floor":30,"key":"Fruit Juice"}],"is_trial":false,"path_per_floor":["M","M","M","?","M","R","M","E","T","R","?","$","?","T","R","B",null,"M","M","?","?","M","R","E","M","T","T","R","M","M","?","R","B"],"character_chosen":"THE_SILENT","items_purchased":["Medical Kit","Footwork"],"campfire_rested":3,"item_purchase_floors":[12,12],"current_hp_per_floor":[58,57,55,55,51,51,48,26,26,47,47,47,47,47,47,31,62,62,62,62,62,45,45,26,15,29,29,54,47,28,28,53,0],"gold":10,"neow_bonus":"TEN_PERCENT_HP_BONUS","is_prod":false,"is_daily":false,"chose_seed":false,"campfire_upgraded":3,"win_rate":0,"timestamp":1563416457,"path_taken":["M","M","M","?","M","R","M","E","T","R","?","?","?","?","R","BOSS","M","M","?","?","M","R","E","M","T","?","R","M","M","?","R","BOSS"],"build_version":"2019-07-17","purchased_purges":1,"victory":false,"max_hp_per_floor":[72,72,72,72,72,72,72,72,72,72,72,72,72,72,72,72,72,72,72,72,72,72,72,72,72,86,86,86,86,86,86,86,91],"card_choices":[{"not_picked":["Bane","Dodge and Roll"],"picked":"Sucker Punch","floor":1},{"not_picked":["Deflect","Skewer"],"picked":"Dash","floor":2},{"not_picked":["Riddle With Holes","Eviscerate"],"picked":"Dagger Spray","floor":3},{"not_picked":["Dagger Throw","Quick Slash"],"picked":"Backflip","floor":5},{"not_picked":["Bane","Slice","Deflect"],"picked":"SKIP","floor":7},{"not_picked":["Malaise","Slice"],"picked":"Dodge and Roll","floor":8},{"not_picked":["Doppelganger","Glass Knife"],"picked":"Die Die Die","floor":16},{"not_picked":["Bane","Quick Slash"],"picked":"Noxious Fumes","floor":18},{"not_picked":["Tactician","Outmaneuver"],"picked":"Poisoned Stab","floor":19},{"not_picked":["Dagger Throw","Finisher"],"picked":"Crippling Poison+1","floor":22},{"not_picked":["Caltrops","Infinite Blades"],"picked":"Dagger Throw+1","floor":24},{"not_picked":["Crippling Poison","Blade Dance"],"picked":"After Image","floor":25},{"not_picked":["Leg Sweep+1","Underhanded Strike+1"],"picked":"Riddle With Holes+1","floor":29},{"not_picked":["Setup","Sucker Punch+1"],"picked":"Bane+1","floor":30}],"player_experience":1009830,"relics_obtained":[{"floor":8,"key":"Bronze Scales"},{"floor":9,"key":"Mercury Hourglass"},{"floor":14,"key":"PreservedInsect"},{"floor":24,"key":"Molten Egg 2"},{"floor":26,"key":"Mango"},{"floor":27,"key":"Frozen Egg 2"}],"event_choices":[{"damage_healed":0,"gold_gain":150,"player_choice":"AGREE","damage_taken":0,"max_hp_gain":0,"max_hp_loss":0,"event_name":"Liars Game","floor":4,"gold_loss":0,"cards_obtained":["Doubt"]},{"damage_healed":0,"gold_gain":0,"player_choice":"Take Wound","damage_taken":0,"relics_obtained":["Golden Idol"],"max_hp_gain":0,"max_hp_loss":0,"event_name":"Golden Idol","floor":11,"gold_loss":0,"cards_obtained":["Injury"]},{"damage_healed":0,"gold_gain":0,"player_choice":"Left Gold","damage_taken":0,"max_hp_gain":0,"max_hp_loss":0,"event_name":"World of Goop","floor":13,"gold_loss":9},{"damage_healed":0,"gold_gain":0,"player_choice":"Obtain J.A.X.","damage_taken":0,"max_hp_gain":0,"max_hp_loss":0,"event_name":"Drug Dealer","floor":20,"gold_loss":0,"cards_obtained":["J.A.X."]},{"damage_healed":0,"gold_gain":0,"player_choice":"Obtained Relic","damage_taken":0,"relics_obtained":["Shuriken"],"max_hp_gain":0,"max_hp_loss":0,"event_name":"Addict","floor":21,"gold_loss":85},{"damage_healed":0,"gold_gain":50,"player_choice":"Stole From Cult","damage_taken":0,"max_hp_gain":0,"max_hp_loss":0,"event_name":"Nest","floor":31,"gold_loss":0}],"is_beta":false,"boss_relics":[{"not_picked":["Runic Dome","HoveringKite"],"picked":"Ectoplasm"}],"items_purged_floors":[12],"is_endless":false,"potions_floor_spawned":[2,5,8,16,19,24,30],"killed_by":"Champ","ascension_level":15}