{"gold_per_floor":[219,237,312,169,185,185,219,219,244,262,274,302,302,302,302,399,399,382,397,25,43,43,43,43],"floor_reached":24,"playtime":1192,"items_purged":["Strike_R"],"score":258,"play_id":"0975fcf2-c886-413d-952d-84942c093515","local_time":"20190516004408","is_ascension_mode":true,"campfire_choices":[{"data":"Flame Barrier","floor":6,"key":"SMITH"},{"data":"Armaments","floor":8,"key":"SMITH"},{"data":"Uppercut","floor":13,"key":"SMITH"},{"floor":15,"key":"REST"},{"data":"Intimidate","floor":23,"key":"SMITH"}],"neow_cost":"NONE","seed_source_timestamp":21843329085919,"circlet_count":0,"master_deck":["Strike_R","Strike_R","Strike_R","Strike_R","Defend_R","Defend_R","Defend_R","Defend_R","Bash","Ghostly Armor","Flame Barrier+1","Armaments+1","Entrench","Iron Wave","Clothesline","Cleave","Intimidate+1","Wild Strike","Uppercut+1","Rampage","Barricade","Power Through","Infernal Blade+1","Sentinel","Wild Strike","Flex"],"relics":["Burning Blood","Happy Flower","Dream Catcher","Potion Belt","Du-Vu Doll","Mark of Pain","PrismaticShard"],"potions_floor_usage":[7,10,12,16,19,21],"damage_taken":[{"damage":1,"enemies":"Cultist","floor":1,"turns":3},{"damage":3,"enemies":"Jaw Worm","floor":2,"turns":4},{"damage":2,"enemies":"2 Louse","floor":5,"turns":3},{"damage":14,"enemies":"3 Sentries","floor":7,"turns":8},{"damage":13,"enemies":"Gremlin Gang","floor":10,"turns":4},{"damage":4,"enemies":"Lots of Slimes","floor":11,"turns":5},{"damage":15,"enemies":"Lagavulin","floor":12,"turns":8},{"damage":34,"enemies":"The Guardian","floor":16,"turns":16},{"damage":21,"enemies":"2 Thieves","floor":18,"turns":4},{"damage":0,"enemies":"Chosen","floor":19,"turns":6},{"damage":6,"enemies":"Snecko","floor":21,"turns":6},{"damage":71,"enemies":"Cultist and Chosen","floor":24,"turns":8}],"seed_played":"8750162405558048291","potions_obtained":[{"floor":1,"key":"Explosive Potion"},{"floor":2,"key":"Weak Potion"},{"floor":7,"key":"FearPotion"},{"floor":12,"key":"EssenceOfSteel"},{"floor":16,"key":"SpeedPotion"},{"floor":18,"key":"Swift Potion"},{"floor":19,"key":"SkillPotion"},{"floor":22,"key":"SteroidPotion"},{"floor":22,"key":"Dexterity Potion"},{"floor":22,"key":"LiquidBronze"}],"is_trial":false,"path_per_floor":["M","M","?","$","M","R","E","R","T","M","M","E","R","?","R","B",null,"M","M","$","M","?","R","M"],"character_chosen":"IRONCLAD","items_purchased":["Armaments","Entrench","Iron Wave","PrismaticShard","Sentinel","Wild Strike"],"campfire_rested":1,"item_purchase_floors":[4,4,4,20,20,20],"current_hp_per_floor":[80,80,69,69,73,73,65,65,65,58,60,51,51,26,50,22,66,51,57,57,57,57,57,0],"gold":43,"neow_bonus":"HUNDRED_GOLD","is_prod":false,"is_daily":false,"chose_seed":false,"campfire_upgraded":4,"win_rate":0,"timestamp":1557931448,"path_taken":["M","M","?","$","M","R","E","R","T","M","M","E","R","?","R","BOSS","M","M","$","M","?","R","M"],"build_version":"2019-01-23","purchased_purges":1,"victory":false,"max_hp_per_floor":[80,80,80,80,80,80,80,80,80,80,80,80,80,80,80,80,80,80,80,80,80,80,80,80],"card_choices":[{"not_picked":["Clash","Rupture"],"picked":"Ghostly Armor","floor":1},{"not_picked":["Rage","Bloodletting"],"picked":"Flame Barrier","floor":2},{"not_picked":["True Grit","Seeing Red"],"picked":"Clothesline","floor":5},{"not_picked":["Juggernaut","Pommel Strike"],"picked":"Cleave","floor":7},{"not_picked":["Shockwave","Searing Blow"],"picked":"Intimidate","floor":10},{"not_picked":["Ghostly Armor","Cleave"],"picked":"Wild Strike","floor":11},{"not_picked":["Offering","Shrug It Off"],"picked":"Uppercut","floor":12},{"not_picked":["Headbutt","Pummel"],"picked":"Rampage","floor":15},{"not_picked":["Limit Break","Demon Form"],"picked":"Barricade","floor":16},{"not_picked":["Havoc+1","Bloodletting"],"picked":"Power Through","floor":18},{"not_picked":["Clash","Twin Strike"],"picked":"Infernal Blade+1","floor":19},{"not_picked":["Armaments","Bane"],"picked":"Flex","floor":21}],"player_experience":611338,"relics_obtained":[{"floor":7,"key":"Happy Flower"},{"floor":9,"key":"Dream Catcher"},{"floor":12,"key":"Potion Belt"}],"event_choices":[{"damage_healed":0,"gold_gain":75,"player_choice":"Gather Gold","damage_taken":11,"max_hp_gain":0,"max_hp_loss":0,"event_name":"World of Goop","floor":3,"gold_loss":0},{"damage_healed":0,"gold_gain":0,"player_choice":"Success","damage_taken":25,"relics_obtained":["Du-Vu Doll"],"max_hp_gain":0,"max_hp_loss":0,"event_name":"Scrap Ooze","floor":14,"gold_loss":0},{"damage_healed":0,"gold_gain":0,"player_choice":"Got Potions","damage_taken":0,"max_hp_gain":0,"max_hp_loss":0,"event_name":"Lab","floor":22,"gold_loss":0}],"is_beta":false,"boss_relics":[{"not_picked":["Runic Pyramid","Runic Cube"],"picked":"Mark of Pain"}],"items_purged_floors":[20],"is_endless":false,"potions_floor_spawned":[1,2,7,12,16,18,19],"killed_by":"Cultist and Chosen","ascension_level":5}