{"gold_per_floor":[111,36,51,51,67,99,111,123,187,274,298,310,322,346,358,466,478,509,534,562,588,600,612,643,673,685,729,741,770,793,60,60,60],"floor_reached":33,"playtime":1720,"items_purged":["Strike_R","Strike_R"],"score":339,"play_id":"b3616faf-d3ab-47eb-a9ef-345cbf102554","local_time":"20180810014445","is_ascension_mode":true,"campfire_choices":[{"floor":8,"key":"REST"},{"data":"Defend_R","floor":15,"key":"SMITH"},{"data":"Fiend Fire","floor":23,"key":"SMITH"},{"floor":28,"key":"REST"},{"floor":32,"key":"REST"}],"neow_cost":"NONE","seed_source_timestamp":2528227870252122,"circlet_count":0,"master_deck":["Defend_R","Defend_R","Defend_R+1","Bash+1","Pommel Strike","Iron Wave+1","Thunderclap","Battle Trance","Fiend Fire+1","Impervious","Limit Break+1","Dual Wield+1","Double Tap+1","Flex+1","Ghostly Armor","Rage+1","Clash","Feed","Whirlwind","Spot Weakness"],"relics":["Burning Blood","MawBank","Juzu Bracelet","Astrolabe","Pear","Red Mask","Charon\u0027s Ashes","Toolbox"],"potions_floor_usage":[16,19,21,25,27,27,33,33],"damage_taken":[{"damage":12,"enemies":"Small Slimes","floor":1,"turns":5},{"damage":9,"enemies":"Jaw Worm","floor":3,"turns":3},{"damage":1,"enemies":"Cultist","floor":5,"turns":3},{"damage":23,"enemies":"Gremlin Nob","floor":6,"turns":4},{"damage":5,"enemies":"Large Slime","floor":11,"turns":7},{"damage":6,"enemies":"Looter","floor":14,"turns":3},{"damage":41,"enemies":"The Guardian","floor":16,"turns":11},{"damage":9,"enemies":"Chosen","floor":18,"turns":4},{"damage":28,"enemies":"2 Thieves","floor":19,"turns":5},{"damage":0,"enemies":"Chosen and Byrds","floor":20,"turns":3},{"damage":10,"enemies":"Snecko","floor":21,"turns":4},{"damage":2,"enemies":"Snake Plant","floor":24,"turns":4},{"damage":40,"enemies":"3 Cultists","floor":25,"turns":7},{"damage":22,"floor":27,"turns":4},{"damage":13,"enemies":"Cultist and Chosen","floor":29,"turns":5},{"damage":0,"enemies":"Centurion and Healer","floor":30,"turns":4},{"damage":72,"enemies":"Collector","floor":33,"turns":6}],"seed_played":"-8190745035056091682","potions_obtained":[{"floor":3,"key":"LiquidBronze"},{"floor":5,"key":"FearPotion"},{"floor":6,"key":"SteroidPotion"},{"floor":19,"key":"PowerPotion"},{"floor":21,"key":"Strength Potion"},{"floor":24,"key":"Explosive Potion"},{"floor":25,"key":"LiquidBronze"},{"floor":29,"key":"SteroidPotion"},{"floor":30,"key":"Explosive Potion"}],"is_trial":false,"path_per_floor":["M","$","M","?","M","E","?","R","T","?","M","$","?","M","R","B",null,"M","M","M","M","?","R","M","M","T","?","R","M","M","$","R"],"character_chosen":"IRONCLAD","items_purchased":["Charon\u0027s Ashes","Whirlwind","Spot Weakness","Toolbox"],"campfire_rested":3,"item_purchase_floors":[31,31,31,31],"current_hp_per_floor":[66,66,63,63,68,51,44,68,68,57,58,58,58,58,58,23,66,63,41,47,43,43,43,47,13,23,7,34,27,33,33,60,0],"gold":60,"neow_bonus":"UPGRADE_CARD","is_prod":false,"is_daily":false,"chose_seed":false,"campfire_upgraded":2,"win_rate":0,"timestamp":1533879885,"path_taken":["M","$","M","?","?","E","?","R","T","?","M","$","?","M","R","BOSS","M","M","M","M","?","R","M","M","T","?","R","M","M","$","R","BOSS"],"build_version":"2018-08-09","purchased_purges":2,"victory":false,"max_hp_per_floor":[80,80,80,80,80,80,80,80,80,80,80,80,80,80,80,80,80,80,80,80,80,80,80,80,80,90,90,90,90,90,90,90,90],"card_choices":[{"not_picked":["Headbutt","Havoc"],"picked":"Pommel Strike","floor":1},{"not_picked":["Reckless Charge","Clothesline"],"picked":"Iron Wave","floor":3},{"not_picked":["Pummel","Pommel Strike"],"picked":"Thunderclap","floor":5},{"not_picked":["Inflame","Wild Strike"],"picked":"Battle Trance","floor":6},{"not_picked":["Cleave","Clash"],"picked":"Fiend Fire","floor":11},{"not_picked":["Warcry","Body Slam","Havoc"],"picked":"SKIP","floor":14},{"not_picked":["Dark Embrace","Bludgeon"],"picked":"Impervious","floor":16},{"not_picked":["Cleave","Pommel Strike","Clothesline"],"picked":"SKIP","floor":18},{"not_picked":["Thunderclap+1","Rupture"],"picked":"Flex+1","floor":19},{"not_picked":["Havoc+1","Iron Wave"],"picked":"Ghostly Armor","floor":20},{"not_picked":["Clothesline","Pommel Strike"],"picked":"Rage","floor":21},{"not_picked":["Armaments","Sword Boomerang"],"picked":"Clash","floor":24},{"not_picked":["Whirlwind","Body Slam","Dual Wield"],"picked":"SKIP","floor":25},{"not_picked":["Bloodletting","Flex"],"picked":"Feed","floor":29},{"not_picked":["Flame Barrier","Twin Strike","Anger+1"],"picked":"SKIP","floor":30}],"player_experience":394699,"relics_obtained":[{"floor":6,"key":"MawBank"},{"floor":9,"key":"Juzu Bracelet"},{"floor":26,"key":"Pear"},{"floor":27,"key":"Red Mask"}],"event_choices":[{"event_name":"Living Wall","player_choice":"Grow","floor":4,"damage_taken":0},{"event_name":"Golden Wing","player_choice":"Card Removal","floor":7,"damage_taken":0},{"event_name":"World of Goop","player_choice":"Gather Gold","floor":10,"damage_taken":0},{"event_name":"Liars Game","player_choice":"disagreed","floor":13,"damage_taken":0},{"event_name":"Accursed Blacksmith","player_choice":"Forge","floor":22,"damage_taken":0},{"event_name":"Masked Bandits","player_choice":"Fought Bandits","floor":27,"damage_taken":0}],"is_beta":false,"boss_relics":[{"not_picked":["Runic Dome","Lizard Tail"],"picked":"Astrolabe"}],"items_purged_floors":[2,31],"is_endless":false,"potions_floor_spawned":[3,5,6,19,21,24,25,29,30],"killed_by":"Collector","ascension_level":7}