{"gold_per_floor":[113,126,10,10,29,29,29,29,56,76,103,121,131,165,165,239,239,256,275,275],"floor_reached":20,"playtime":1203,"items_purged":[],"score":359,"play_id":"4d081937-9e3c-43a0-a7bf-631dab353f1c","local_time":"20181220024455","is_ascension_mode":true,"campfire_choices":[{"data":"Finisher","floor":6,"key":"SMITH"},{"data":"Endless Agony","floor":8,"key":"SMITH"},{"data":"Acrobatics","floor":15,"key":"SMITH"}],"neow_cost":"TEN_PERCENT_HP_LOSS","seed_source_timestamp":543995022313022,"circlet_count":0,"master_deck":["AscendersBane","Defend_G","Defend_G","Defend_G","Defend_G","Defend_G","Strike_G","Strike_G","Strike_G","Strike_G","Strike_G","Survivor","Neutralize+1","Finisher+1","Endless Agony+1","Grand Finale+1","Cloak And Dagger","Acrobatics+1","Quick Slash","Escape Plan","Prepared","Doppelganger","Underhanded Strike"],"relics":["Ring of the Snake","FossilizedHelix","Gremlin Horn","Bag of Marbles","Whetstone","Bronze Scales","Philosopher\u0027s Stone"],"potions_floor_usage":[11,14,16],"damage_taken":[{"damage":0,"enemies":"Small Slimes","floor":1,"turns":4},{"damage":0,"enemies":"Jaw Worm","floor":2,"turns":4},{"damage":0,"enemies":"Cultist","floor":5,"turns":3},{"damage":0,"enemies":"Gremlin Gang","floor":10,"turns":3},{"damage":0,"enemies":"Gremlin Nob","floor":11,"turns":2},{"damage":0,"enemies":"Looter","floor":12,"turns":4},{"damage":8,"enemies":"Large Slime","floor":13,"turns":6},{"damage":5,"enemies":"3 Sentries","floor":14,"turns":12},{"damage":45,"enemies":"Slime Boss","floor":16,"turns":17},{"damage":8,"enemies":"Spheric Guardian","floor":18,"turns":4},{"damage":6,"enemies":"Shell Parasite","floor":19,"turns":5},{"damage":34,"enemies":"Shelled Parasite and Fungi","floor":20,"turns":3}],"seed_played":"-7533675645761483318","potions_obtained":[{"floor":1,"key":"SteroidPotion"},{"floor":5,"key":"Weak Potion"},{"floor":10,"key":"FearPotion"},{"floor":12,"key":"Regen Potion"}],"is_trial":false,"path_per_floor":["M","M","$","?","M","R","T","R","T","M","E","M","M","E","R","B",null,"M","M","M"],"character_chosen":"THE_SILENT","items_purchased":["Grand Finale","Cloak And Dagger"],"campfire_rested":0,"item_purchase_floors":[3,3],"current_hp_per_floor":[59,59,59,59,59,59,59,59,59,59,59,59,51,55,55,10,48,40,34,0],"gold":275,"neow_bonus":"ONE_RARE_RELIC","is_prod":false,"is_daily":false,"chose_seed":false,"campfire_upgraded":3,"win_rate":0,"timestamp":1545291895,"path_taken":["M","M","$","?","M","R","?","R","T","M","E","M","?","E","R","BOSS","M","M","?"],"build_version":"2018-12-13","purchased_purges":0,"victory":false,"max_hp_per_floor":[60,60,60,60,60,60,60,60,60,60,60,60,60,60,60,60,60,60,60,60],"card_choices":[{"not_picked":["Slice","Bane"],"picked":"Finisher","floor":1},{"not_picked":["Distraction","All Out Attack"],"picked":"Endless Agony","floor":2},{"not_picked":["Sucker Punch","Dagger Spray","Poisoned Stab"],"picked":"SKIP","floor":5},{"not_picked":["Corpse Explosion","Poisoned Stab"],"picked":"Acrobatics","floor":10},{"not_picked":["Deflect","Flying Knee"],"picked":"Quick Slash","floor":11},{"not_picked":["Accuracy","Flechettes"],"picked":"Escape Plan","floor":12},{"not_picked":["Outmaneuver","Setup","PiercingWail"],"picked":"SKIP","floor":13},{"not_picked":["Blade Dance","Dagger Spray"],"picked":"Prepared","floor":14},{"not_picked":["Glass Knife","Tools of the Trade"],"picked":"Doppelganger","floor":16},{"not_picked":["Cloak And Dagger","Prepared"],"picked":"Underhanded Strike","floor":18},{"not_picked":["Leg Sweep","Infinite Blades+1","Setup"],"picked":"SKIP","floor":19}],"player_experience":924232,"relics_obtained":[{"floor":7,"key":"Gremlin Horn"},{"floor":9,"key":"Bag of Marbles"},{"floor":11,"key":"Whetstone"},{"floor":14,"key":"Bronze Scales"}],"event_choices":[{"damage_healed":0,"gold_gain":0,"player_choice":"Leave","damage_taken":0,"max_hp_gain":0,"max_hp_loss":0,"event_name":"The Cleric","floor":4,"gold_loss":0}],"is_beta":false,"boss_relics":[{"not_picked":["Ectoplasm","WristBlade"],"picked":"Philosopher\u0027s Stone"}],"items_purged_floors":[],"is_endless":false,"potions_floor_spawned":[1,5,10,12],"killed_by":"Shelled Parasite and Fungi","ascension_level":14}