{"gold_per_floor":[114,64,77,77,2,2,13,40,40,69,82,110,110,126,126,222,222,240,250,266,181,181],"floor_reached":22,"playtime":754,"items_purged":["Strike_B"],"score":355,"play_id":"76646d2f-7d41-4b98-962a-95dbd02cce76","local_time":"20181203022112","is_ascension_mode":true,"campfire_choices":[{"data":"Sweeping Beam","floor":6,"key":"SMITH"},{"floor":15,"key":"REST"}],"neow_cost":"NONE","seed_source_timestamp":26542127080133,"circlet_count":0,"master_deck":["AscendersBane","Strike_B","Strike_B","Defend_B","Defend_B","Defend_B","Defend_B","Zap","Dualcast","Sweeping Beam+1","Ball Lightning","Conserve Battery","Chaos","Steam","Compile Driver","Gash","Multi-Cast"],"relics":["Cracked Core","Pen Nib","Gremlin Horn","Smiling Mask","Bag of Marbles","Inserter","Meat on the Bone"],"potions_floor_usage":[10,12,13,16,16,19,22,22],"damage_taken":[{"damage":0,"enemies":"2 Louse","floor":1,"turns":3},{"damage":0,"enemies":"Small Slimes","floor":3,"turns":3},{"damage":1,"enemies":"Cultist","floor":7,"turns":3},{"damage":25,"enemies":"3 Sentries","floor":8,"turns":5},{"damage":15,"enemies":"Gremlin Nob","floor":10,"turns":4},{"damage":1,"enemies":"Looter","floor":11,"turns":4},{"damage":5,"enemies":"3 Sentries","floor":12,"turns":3},{"damage":10,"enemies":"Blue Slaver","floor":14,"turns":3},{"damage":24,"enemies":"Slime Boss","floor":16,"turns":7},{"damage":21,"enemies":"Spheric Guardian","floor":18,"turns":4},{"damage":13,"enemies":"3 Byrds","floor":19,"turns":3},{"damage":38,"enemies":"Snecko","floor":20,"turns":5},{"damage":9,"enemies":"Shelled Parasite and Fungi","floor":22,"turns":1}],"seed_played":"302150186262616681","potions_obtained":[{"floor":3,"key":"Strength Potion"},{"floor":8,"key":"Strength Potion"},{"floor":11,"key":"SkillPotion"},{"floor":13,"key":"Fruit Juice"},{"floor":13,"key":"FearPotion"},{"floor":16,"key":"Swift Potion"},{"floor":18,"key":"Fire Potion"},{"floor":20,"key":"Strength Potion"}],"is_trial":false,"path_per_floor":["M","?","M","?","$","R","M","E","T","E","M","E","?","M","R","B",null,"M","M","M","?","M"],"character_chosen":"DEFECT","items_purchased":[],"campfire_rested":1,"item_purchase_floors":[],"current_hp_per_floor":[75,75,75,80,80,80,79,54,54,39,38,33,38,28,55,31,77,56,43,5,5,0],"gold":181,"neow_bonus":"TEN_PERCENT_HP_BONUS","is_prod":false,"is_daily":false,"chose_seed":false,"campfire_upgraded":1,"win_rate":0,"timestamp":1543821672,"path_taken":["M","?","M","?","$","R","M","E","T","E","M","E","?","?","R","BOSS","M","M","M","?","M"],"build_version":"2018-11-15","purchased_purges":1,"victory":false,"max_hp_per_floor":[82,82,82,87,87,87,87,87,87,87,87,87,92,92,92,92,92,92,92,92,92,92],"card_choices":[{"not_picked":["Turbo","Rebound"],"picked":"Sweeping Beam","floor":1},{"not_picked":["Force Field","Capacitor","Aggregate"],"picked":"SKIP","floor":3},{"not_picked":["Coolheaded","Rip and Tear"],"picked":"Ball Lightning","floor":7},{"not_picked":["Steam Power","Leap"],"picked":"Conserve Battery","floor":8},{"not_picked":["Scrape","Steam"],"picked":"Chaos","floor":10},{"not_picked":["Storm","Skim"],"picked":"Steam","floor":11},{"not_picked":["Creative AI","Force Field"],"picked":"Compile Driver","floor":12},{"not_picked":["Cold Snap","Aggregate"],"picked":"Gash","floor":14},{"not_picked":["Amplify","Machine Learning"],"picked":"Multi-Cast","floor":16},{"not_picked":["Go for the Eyes","White Noise+1","Capacitor"],"picked":"SKIP","floor":18},{"not_picked":["Beam Cell","Capacitor","Self Repair"],"picked":"SKIP","floor":19},{"not_picked":["Blizzard+1","Self Repair","Darkness"],"picked":"SKIP","floor":20}],"player_experience":785315,"relics_obtained":[{"floor":8,"key":"Pen Nib"},{"floor":9,"key":"Gremlin Horn"},{"floor":10,"key":"Smiling Mask"},{"floor":12,"key":"Bag of Marbles"}],"event_choices":[{"cards_removed":["Strike_B"],"damage_healed":0,"gold_gain":0,"player_choice":"Card Removal","damage_taken":0,"max_hp_gain":0,"max_hp_loss":0,"event_name":"The Cleric","floor":2,"gold_loss":50},{"damage_healed":0,"gold_gain":0,"player_choice":"Donut","damage_taken":0,"max_hp_gain":5,"max_hp_loss":0,"event_name":"Big Fish","floor":4,"gold_loss":0},{"damage_healed":0,"gold_gain":0,"player_choice":"Got Potions","damage_taken":0,"max_hp_gain":0,"max_hp_loss":0,"event_name":"Lab","floor":13,"gold_loss":0},{"damage_healed":0,"gold_gain":0,"player_choice":"Obtained Relic","damage_taken":0,"relics_obtained":["Meat on the Bone"],"max_hp_gain":0,"max_hp_loss":0,"event_name":"Addict","floor":21,"gold_loss":85}],"is_beta":false,"boss_relics":[{"not_picked":["Runic Pyramid","Eternal Feather"],"picked":"Inserter"}],"items_purged_floors":[5],"is_endless":false,"potions_floor_spawned":[3,8,11,16,18,20],"killed_by":"Shelled Parasite and Fungi","ascension_level":12}