{"gold_per_floor":[115,127,127,127,127,127,127,141,141,173,157,157,172,172,172,172],"floor_reached":16,"playtime":891,"items_purged":[],"score":115,"play_id":"6be869c7-fef2-44ae-b111-05e8334edad8","local_time":"20190909122547","is_ascension_mode":true,"campfire_choices":[{"floor":6,"key":"RECALL"},{"floor":12,"key":"REST"},{"data":"Corruption","floor":15,"key":"SMITH"}],"neow_cost":"NONE","seed_source_timestamp":438253584433700,"circlet_count":0,"master_deck":["Strike_R","Strike_R","Strike_R","Strike_R","Strike_R","Defend_R","Defend_R","Defend_R","Defend_R","Bash","Warcry","Metallicize","Bludgeon","Shrug It Off","Armaments","Corruption+1","Clothesline"],"relics":["Burning Blood","Mercury Hourglass","Dream Catcher"],"potions_floor_usage":[16],"damage_taken":[{"damage":0,"enemies":"Small Slimes","floor":1,"turns":3},{"damage":8,"enemies":"2 Louse","floor":2,"turns":3},{"damage":13,"enemies":"Jaw Worm","floor":8,"turns":5},{"damage":63,"enemies":"Lagavulin","floor":10,"turns":10},{"damage":6,"enemies":"Exordium Thugs","floor":11,"turns":5},{"damage":10,"enemies":"3 Louse","floor":13,"turns":4},{"damage":64,"enemies":"Hexaghost","floor":16,"turns":13}],"seed_played":"1338971208469002263","potions_obtained":[{"floor":2,"key":"GamblersBrew"}],"is_trial":false,"path_per_floor":["M","M","?","$","?","R","$","M","T","E","M","R","M","?","R","B"],"character_chosen":"IRONCLAD","items_purchased":[],"campfire_rested":1,"item_purchase_floors":[],"current_hp_per_floor":[88,86,74,74,74,74,74,67,67,10,10,36,32,61,61,0],"gold":172,"neow_bonus":"TEN_PERCENT_HP_BONUS","is_prod":false,"is_daily":false,"chose_seed":false,"campfire_upgraded":1,"win_rate":0,"timestamp":1568049947,"path_taken":["M","M","?","$","?","R","?","M","T","E","M","R","?","?","R","BOSS"],"build_version":"2019-07-17","purchased_purges":0,"victory":false,"max_hp_per_floor":[88,88,88,88,88,88,88,88,88,88,88,88,88,88,88,88],"card_choices":[{"not_picked":["Thunderclap","Cleave"],"picked":"Warcry","floor":1},{"not_picked":["Anger","Iron Wave"],"picked":"Metallicize","floor":2},{"not_picked":["Iron Wave","Havoc"],"picked":"Bludgeon","floor":8},{"not_picked":["Fiend Fire","Clothesline"],"picked":"Shrug It Off","floor":10},{"not_picked":["Iron Wave","Cleave"],"picked":"Armaments","floor":11},{"not_picked":["Hemokinesis","Rampage"],"picked":"Corruption","floor":12},{"not_picked":["Metallicize","Rage"],"picked":"Clothesline","floor":13}],"player_experience":295901,"relics_obtained":[{"floor":10,"key":"Dream Catcher"}],"event_choices":[{"damage_healed":0,"gold_gain":0,"player_choice":"Success","damage_taken":12,"relics_obtained":["Mercury Hourglass"],"max_hp_gain":0,"max_hp_loss":0,"event_name":"Scrap Ooze","floor":3,"gold_loss":0},{"damage_healed":0,"gold_gain":0,"player_choice":"Leave","damage_taken":0,"max_hp_gain":0,"max_hp_loss":0,"event_name":"The Cleric","floor":5,"gold_loss":0},{"damage_healed":29,"gold_gain":0,"player_choice":"Banana","damage_taken":0,"max_hp_gain":0,"max_hp_loss":0,"event_name":"Big Fish","floor":14,"gold_loss":0}],"is_beta":false,"boss_relics":[],"items_purged_floors":[],"is_endless":false,"potions_floor_spawned":[2],"killed_by":"Hexaghost","ascension_level":3}