{"gold_per_floor":[115,133,152,74,74,74,109,109,164,164,164,164],"floor_reached":12,"playtime":912,"items_purged":[],"score":122,"play_id":"0198261b-1ba3-46f4-b251-61cc0255043c","local_time":"20181210002813","is_ascension_mode":true,"campfire_choices":[{"floor":6,"key":"REST"},{"floor":8,"key":"REST"},{"floor":11,"key":"REST"}],"neow_cost":"NONE","seed_source_timestamp":515180023934932,"circlet_count":0,"master_deck":["AscendersBane","Defend_G","Defend_G+1","Defend_G","Defend_G","Defend_G","Strike_G","Strike_G","Strike_G","Strike_G","Strike_G","Survivor","Neutralize","Night Terror+1","Acrobatics","Slice","Heel Hook","Expertise"],"relics":["Ring of the Snake","Happy Flower","Regal Pillow"],"potions_floor_usage":[7,7],"damage_taken":[{"damage":3,"enemies":"2 Louse","floor":1,"turns":4},{"damage":14,"enemies":"Jaw Worm","floor":2,"turns":6},{"damage":9,"enemies":"Small Slimes","floor":3,"turns":4},{"damage":39,"enemies":"Gremlin Nob","floor":7,"turns":6},{"damage":66,"enemies":"Lagavulin","floor":12,"turns":12}],"seed_played":"-8993751857881244291","potions_obtained":[{"floor":2,"key":"Swift Potion"},{"floor":3,"key":"SpeedPotion"}],"is_trial":false,"path_per_floor":["M","M","M","$","?","R","E","R","T","?","R","E"],"character_chosen":"THE_SILENT","items_purchased":["Expertise"],"campfire_rested":3,"item_purchase_floors":[4],"current_hp_per_floor":[60,46,37,37,23,44,5,26,26,19,55,0],"gold":164,"neow_bonus":"ONE_RANDOM_RARE_CARD","is_prod":false,"is_daily":false,"chose_seed":false,"campfire_upgraded":0,"win_rate":0,"timestamp":1544419693,"path_taken":["M","M","M","$","?","R","E","R","T","?","R","E"],"build_version":"2018-12-06","purchased_purges":0,"victory":false,"max_hp_per_floor":[70,70,70,70,70,70,70,70,70,70,70,70],"card_choices":[{"not_picked":["Predator","Dagger Throw"],"picked":"Acrobatics","floor":1},{"not_picked":["Cloak And Dagger","Expertise"],"picked":"Slice","floor":2},{"not_picked":["Sucker Punch","Backflip"],"picked":"Heel Hook","floor":3},{"not_picked":["Riddle With Holes","Catalyst","Bane"],"picked":"SKIP","floor":7}],"player_experience":853604,"relics_obtained":[{"floor":7,"key":"Happy Flower"}],"event_choices":[{"damage_healed":0,"gold_gain":0,"player_choice":"Entered Light","damage_taken":14,"max_hp_gain":0,"max_hp_loss":0,"event_name":"Shining Light","floor":5,"gold_loss":0,"cards_upgraded":["Night Terror","Defend_G"]},{"damage_healed":0,"gold_gain":0,"player_choice":"Success","damage_taken":7,"relics_obtained":["Regal Pillow"],"max_hp_gain":0,"max_hp_loss":0,"event_name":"Scrap Ooze","floor":10,"gold_loss":0}],"is_beta":false,"boss_relics":[],"items_purged_floors":[],"is_endless":false,"potions_floor_spawned":[2,3],"killed_by":"Lagavulin","ascension_level":12}