{"gold_per_floor":[110,122,133,133,58,88,38,38,65,65,83,83,83,99,99,196,196,214,231,250,260,260],"floor_reached":22,"playtime":1463,"items_purged":[],"score":273,"play_id":"3bf5e493-23b5-43b3-a1d6-eba531365b59","local_time":"20181025142356","is_ascension_mode":true,"campfire_choices":[{"floor":8.0,"key":"REST"},{"data":"Accuracy","floor":10.0,"key":"SMITH"},{"data":"Underhanded Strike","floor":12.0,"key":"SMITH"},{"data":"Calculated Gamble","floor":15.0,"key":"SMITH"}],"neow_cost":"NONE","seed_source_timestamp":0,"circlet_count":0,"master_deck":["Defend_G","Defend_G","Defend_G","Defend_G","Strike_G+1","Strike_G+1","Survivor","Neutralize","Cloak And Dagger+1","Dagger Throw+1","Underhanded Strike+1","Accuracy+1","Calculated Gamble+1","Expertise","Dash","Tools of the Trade","Dagger Throw+1","Distraction","Cloak And Dagger"],"special_seed":0,"relics":["Ring of the Snake","Lantern","Boot","Whetstone","Empty Cage"],"potions_floor_usage":[],"damage_taken":[{"damage":0.0,"enemies":"2 Louse","floor":1.0,"turns":3.0},{"damage":0.0,"enemies":"Jaw Worm","floor":2.0,"turns":4.0},{"damage":0.0,"enemies":"Cultist","floor":3.0,"turns":4.0},{"damage":29.0,"enemies":"Gremlin Nob","floor":6.0,"turns":4.0},{"damage":0.0,"enemies":"2 Fungi Beasts","floor":11.0,"turns":2.0},{"damage":0.0,"enemies":"Blue Slaver","floor":14.0,"turns":2.0},{"damage":28.0,"enemies":"Hexaghost","floor":16.0,"turns":10.0},{"damage":14.0,"enemies":"Chosen","floor":18.0,"turns":5.0},{"damage":4.0,"enemies":"3 Byrds","floor":19.0,"turns":5.0},{"damage":18.0,"enemies":"Snake Plant","floor":20.0,"turns":4.0},{"damage":4,"enemies":"Cultist and Chosen","floor":21,"turns":5},{"damage":16,"enemies":"Shelled Parasite and Fungi","floor":22,"turns":3}],"seed_played":"2748670172069974624","potions_obtained":[{"floor":3.0,"key":"GamblersBrew"},{"floor":11.0,"key":"Strength Potion"},{"floor":18.0,"key":"LiquidBronze"},{"floor":19.0,"key":"AttackPotion"}],"is_trial":false,"path_per_floor":["M","M","M","?","$","E","?","R","T","R","M","R","?","M","R","B",null,"M","M","M","M"],"character_chosen":"THE_SILENT","items_purchased":["Accuracy"],"campfire_rested":1,"item_purchase_floors":[5],"current_hp_per_floor":[63,63,63,49,49,20,20,41,41,41,41,41,41,41,41,13,56,42,38,20,16,0],"gold":260,"neow_bonus":"RANDOM_COMMON_RELIC","is_prod":false,"is_daily":false,"chose_seed":false,"campfire_upgraded":3,"win_rate":0,"timestamp":1540491836,"path_taken":["M","M","M","?","$","E","?","R","T","R","M","R","?","?","R","BOSS","M","?","M","M","M"],"build_version":"2018-10-18","purchased_purges":0,"victory":false,"max_hp_per_floor":[70,70,70,70,70,70,70,70,70,70,70,70,70,70,70,70,70,70,70,70,70,70],"card_choices":[{"not_picked":["Deflect","Terror"],"picked":"Cloak And Dagger","floor":1.0},{"not_picked":["Dodge and Roll","Flying Knee"],"picked":"Dagger Throw","floor":2.0},{"not_picked":["Slice","Phantasmal Killer"],"picked":"Underhanded Strike","floor":3.0},{"not_picked":["All Out Attack","Endless Agony"],"picked":"Calculated Gamble","floor":6.0},{"not_picked":["Flying Knee","Dodge and Roll"],"picked":"Expertise","floor":11.0},{"not_picked":["Dash","Outmaneuver","Poisoned Stab"],"picked":"SKIP","floor":14.0},{"not_picked":["Envenom","Unload"],"picked":"Tools of the Trade","floor":16.0},{"not_picked":["Noxious Fumes","Backflip"],"picked":"Dagger Throw+1","floor":18.0},{"not_picked":["Concentrate","Outmaneuver"],"picked":"Distraction","floor":19.0},{"not_picked":["Dagger Spray","Well Laid Plans","Tools of the Trade"],"picked":"SKIP","floor":20.0},{"not_picked":["Dagger Spray","Leg Sweep"],"picked":"Cloak And Dagger","floor":21}],"player_experience":552005,"relics_obtained":[{"floor":6.0,"key":"Boot"},{"floor":9.0,"key":"Whetstone"}],"event_choices":[{"damage_healed":0.0,"max_hp_gain":0.0,"max_hp_loss":0.0,"gold_gain":0.0,"event_name":"Shining Light","player_choice":"Entered Light","floor":4.0,"gold_loss":0.0,"damage_taken":14.0,"cards_upgraded":["Strike_G","Cloak And Dagger"]},{"cards_removed":["Strike_G"],"damage_healed":0.0,"max_hp_gain":0.0,"max_hp_loss":0.0,"gold_gain":0.0,"event_name":"The Cleric","player_choice":"Card Removal","floor":7.0,"gold_loss":50.0,"damage_taken":0.0},{"damage_healed":0.0,"max_hp_gain":0.0,"max_hp_loss":0.0,"gold_gain":0.0,"cards_transformed":["Strike_G"],"event_name":"Living Wall","player_choice":"Change","floor":13.0,"gold_loss":0.0,"damage_taken":0.0,"cards_obtained":["Dash"]}],"is_beta":false,"boss_relics":[{"not_picked":["Runic Pyramid","Astrolabe"],"picked":"Empty Cage"}],"items_purged_floors":[],"is_endless":false,"potions_floor_spawned":[3,11,18,19],"killed_by":"Shelled Parasite and Fungi","ascension_level":9}