{"gold_per_floor":[110,110,120,134,150,150,170,170,170,183,199,225,205,218,218,317,317,257,257,257,182,182,182],"floor_reached":23,"playtime":1091,"items_purged":["Strike_B"],"score":315,"play_id":"6a9b1183-8f76-4cc4-bddb-fee3977a829a","local_time":"20181206104809","is_ascension_mode":true,"campfire_choices":[{"floor":6,"key":"REST"},{"data":"Streamline","floor":8,"key":"SMITH"},{"floor":15,"key":"REST"}],"neow_cost":"PERCENT_DAMAGE","seed_source_timestamp":206588964763255,"circlet_count":0,"master_deck":["AscendersBane","Defend_B+1","Defend_B","Defend_B","Defend_B+1","Zap","Dualcast","Sweeping Beam","Streamline+1","Glacier","Cold Snap","Defragment","Beam Cell","Core Surge","BootSequence","Streamline+1"],"relics":["Cracked Core","Bronze Scales","War Paint","Ectoplasm","Kunai"],"potions_floor_usage":[7,12,12,14,16,16],"damage_taken":[{"damage":1,"enemies":"Cultist","floor":1,"turns":3},{"damage":8,"enemies":"Small Slimes","floor":3,"turns":3},{"damage":7,"enemies":"Jaw Worm","floor":4,"turns":3},{"damage":7,"enemies":"Blue Slaver","floor":5,"turns":5},{"damage":12,"enemies":"Exordium Thugs","floor":7,"turns":7},{"damage":5,"enemies":"Large Slime","floor":10,"turns":6},{"damage":4,"enemies":"2 Fungi Beasts","floor":11,"turns":3},{"damage":12,"enemies":"Lagavulin","floor":12,"turns":5},{"damage":0,"enemies":"Exordium Wildlife","floor":14,"turns":3},{"damage":7,"enemies":"Hexaghost","floor":16,"turns":9},{"damage":6,"enemies":"2 Thieves","floor":18,"turns":4},{"damage":0,"enemies":"Chosen","floor":19,"turns":5},{"damage":7,"enemies":"Snake Plant","floor":22,"turns":4},{"damage":74,"enemies":"Gremlin Leader","floor":23,"turns":10}],"seed_played":"6433442251586602818","potions_obtained":[{"floor":5,"key":"FocusPotion"},{"floor":10,"key":"AttackPotion"},{"floor":11,"key":"Strength Potion"},{"floor":12,"key":"Regen Potion"},{"floor":13,"key":"Fire Potion"},{"floor":14,"key":"Energy Potion"},{"floor":19,"key":"Fire Potion"}],"is_trial":false,"path_per_floor":["M","?","M","M","M","R","M","R","T","M","M","E","?","M","R","B",null,"M","M","?","$","M","E"],"character_chosen":"DEFECT","items_purchased":[],"campfire_rested":2,"item_purchase_floors":[],"current_hp_per_floor":[49,49,41,34,27,49,37,37,37,32,28,16,16,16,38,46,68,62,62,62,62,55,0],"gold":182,"neow_bonus":"REMOVE_TWO","is_prod":false,"is_daily":false,"chose_seed":false,"campfire_upgraded":1,"win_rate":0,"timestamp":1544111289,"path_taken":["M","?","M","M","M","R","M","R","T","M","?","E","?","?","R","BOSS","M","M","?","?","M","E"],"build_version":"2018-11-15","purchased_purges":1,"victory":false,"max_hp_per_floor":[75,75,75,75,75,75,75,75,75,75,75,75,75,75,75,75,75,75,75,75,75,75,75],"card_choices":[{"not_picked":["Coolheaded","Ball Lightning"],"picked":"Sweeping Beam","floor":1},{"not_picked":["Barrage","Cold Snap"],"picked":"Streamline","floor":3},{"not_picked":["Cold Snap","Core Surge"],"picked":"Glacier","floor":4},{"not_picked":["Self Repair","Ball Lightning"],"picked":"Cold Snap","floor":5},{"not_picked":["Go for the Eyes","Consume","Turbo"],"picked":"SKIP","floor":7},{"not_picked":["Sweeping Beam","Go for the Eyes"],"picked":"Defragment","floor":10},{"not_picked":["Compile Driver","Steam"],"picked":"Beam Cell","floor":11},{"not_picked":["Turbo","Steam","Reinforced Body"],"picked":"SKIP","floor":12},{"not_picked":["Melter","Undo","Hello World"],"picked":"SKIP","floor":14},{"not_picked":["Seek","Biased Cognition"],"picked":"Core Surge","floor":16},{"not_picked":["Coolheaded","Stack+1","Lockon"],"picked":"SKIP","floor":18},{"not_picked":["Stack","Leap"],"picked":"BootSequence","floor":19},{"not_picked":["Redo","Capacitor"],"picked":"Streamline+1","floor":22}],"player_experience":813612,"relics_obtained":[{"floor":9,"key":"Bronze Scales"},{"floor":12,"key":"War Paint"}],"event_choices":[{"cards_removed":["Strike_B"],"damage_healed":0,"gold_gain":0,"player_choice":"Purged","damage_taken":0,"max_hp_gain":0,"max_hp_loss":0,"event_name":"Purifier","floor":2,"gold_loss":0},{"damage_healed":0,"gold_gain":0,"player_choice":"Bought 1 Potion","damage_taken":0,"max_hp_gain":0,"max_hp_loss":0,"event_name":"The Woman in Blue","floor":13,"gold_loss":0},{"damage_healed":0,"gold_gain":0,"player_choice":"Gave Potion","damage_taken":0,"relics_obtained":["Kunai"],"max_hp_gain":0,"max_hp_loss":0,"event_name":"WeMeetAgain","floor":20,"gold_loss":0}],"is_beta":false,"boss_relics":[{"not_picked":["Fusion Hammer","Tiny House"],"picked":"Ectoplasm"}],"items_purged_floors":[21],"is_endless":false,"potions_floor_spawned":[5,10,11,12,14,19],"killed_by":"Gremlin Leader","ascension_level":12}