{"gold_per_floor":[359,2,152,152,152,152,21,60,60,60,4,27,27,50,50,143,143,158,158,178,10,10,10,26,70,70,106,106,122,63,81,81,180,180,200,213,40,64,84,84,84,84,110,110,110,145,145,3,3,3,3],"floor_reached":52,"playtime":2287,"items_purged":["Doubt","Writhe"],"score":2003,"play_id":"91386048-79f3-42d9-8c4a-421c3a3f4325","local_time":"20190906041320","is_ascension_mode":true,"campfire_choices":[{"data":"Bash","floor":6.0,"key":"SMITH"},{"floor":10.0,"key":"REST"},{"floor":13.0,"key":"REST"},{"data":"Flex","floor":15.0,"key":"SMITH"},{"data":"Pommel Strike","floor":23.0,"key":"SMITH"},{"floor":28,"key":"REST"},{"data":"1","floor":32,"key":"LIFT"},{"data":"2","floor":40,"key":"LIFT"},{"data":"3","floor":42,"key":"LIFT"},{"data":"Demon Form","floor":44,"key":"SMITH"},{"floor":47,"key":"REST"},{"floor":49,"key":"REST"}],"neow_cost":"TEN_PERCENT_HP_LOSS","seed_source_timestamp":0,"circlet_count":0,"master_deck":["AscendersBane","Strike_R","Strike_R","Strike_R","Strike_R","Defend_R","Defend_R","Defend_R","Defend_R","Wild Strike","Clothesline","Flex+1","Pommel Strike+1","Twin Strike","Sever Soul","Impervious","True Grit","Heavy Blade","Infernal Blade","Immolate","Feel No Pain","Second Wind","Bloodletting","Demon Form+1","Entrench+1","Intimidate","Offering","Spot Weakness+1","Rage","True Grit","Disarm+1","Feel No Pain","Thunderclap"],"special_seed":0,"relics":["Burning Blood","Dead Branch","Golden Idol","Incense Burner","Shuriken","Snecko Eye","MutagenicStrength","Smiling Mask","Magic Flower","Girya","Du-Vu Doll","Mark of Pain","Regal Pillow","Pen Nib","Self Forming Clay"],"potions_floor_usage":[27,33,38,46,50],"damage_taken":[{"damage":1.0,"enemies":"Cultist","floor":1.0,"turns":3.0},{"damage":41.0,"enemies":"Lagavulin","floor":8.0,"turns":6.0},{"damage":8.0,"enemies":"Small Slimes","floor":12.0,"turns":3.0},{"damage":0.0,"enemies":"2 Louse","floor":14.0,"turns":2.0},{"damage":5.0,"enemies":"Slime Boss","floor":16.0,"turns":6.0},{"damage":16.0,"enemies":"3 Byrds","floor":18.0,"turns":5.0},{"damage":5.0,"enemies":"2 Thieves","floor":20.0,"turns":3.0},{"damage":1.0,"enemies":"3 Cultists","floor":24.0,"turns":5.0},{"damage":25.0,"enemies":"Book of Stabbing","floor":25.0,"turns":3.0},{"damage":25,"enemies":"Slavers","floor":27,"turns":3},{"damage":3,"enemies":"Centurion and Healer","floor":29,"turns":3},{"damage":10,"enemies":"Shelled Parasite and Fungi","floor":31,"turns":4},{"damage":32,"enemies":"Automaton","floor":33,"turns":7},{"damage":9,"enemies":"3 Shapes","floor":35,"turns":4},{"damage":34,"enemies":"3 Darklings","floor":36,"turns":4},{"damage":32,"enemies":"Writhing Mass","floor":38,"turns":6},{"damage":2,"enemies":"4 Shapes","floor":39,"turns":3},{"damage":63,"enemies":"Giant Head","floor":46,"turns":8},{"damage":47,"enemies":"Donu and Deca","floor":50,"turns":7},{"damage":38,"enemies":"Time Eater","floor":51,"turns":9}],"seed_played":"4329433991821204397","potions_obtained":[{"floor":12.0,"key":"BloodPotion"},{"floor":20.0,"key":"SkillPotion"},{"floor":25.0,"key":"PowerPotion"},{"floor":31,"key":"SkillPotion"},{"floor":35,"key":"PowerPotion"},{"floor":46,"key":"BloodPotion"}],"is_trial":false,"path_per_floor":["M","$","?","?","?","R","$","E","T","R","$","M","R","M","R","B",null,"M","?","M","$","?","R","M","E","T","E","R","M","?","M","R","B",null,"M","M","$","M","M","R","?","R","T","R","?","E","R","$","R","B","B",null],"character_chosen":"IRONCLAD","items_purchased":["Dead Branch","Clothesline","Flex","Energy Potion","Infernal Blade","Immolate","Regal Pillow","Feel No Pain","Thunderclap"],"campfire_rested":5,"item_purchase_floors":[2,2,7,11,21,21,37,48,48],"current_hp_per_floor":[68,68,68,73,48,48,48,13,13,34,34,32,53,59,59,60,70,60,60,61,61,61,61,66,47,47,31,52,58,58,57,57,34,63,63,38,38,42,49,49,49,49,49,49,64,10,46,46,73,62,33],"gold":3,"neow_bonus":"TWO_FIFTY_GOLD","is_prod":false,"is_daily":false,"chose_seed":false,"campfire_upgraded":4,"win_rate":0,"timestamp":1567707200,"path_taken":["M","$","?","?","?","R","?","E","T","R","?","M","R","?","R","BOSS","M","?","M","$","?","R","M","E","T","E","R","?","?","M","R","BOSS","M","M","$","?","M","R","?","R","T","R","?","E","R","$","R","BOSS","BOSS"],"build_version":"2019-07-17","purchased_purges":2,"victory":true,"max_hp_per_floor":[68,68,68,73,73,73,73,73,73,73,73,73,73,73,73,73,73,73,73,73,73,73,73,73,73,73,73,73,73,73,73,73,73,73,73,73,73,73,73,73,73,73,73,73,73,73,73,73,73,73,73],"card_choices":[{"not_picked":["Body Slam","True Grit"],"picked":"Wild Strike","floor":1.0},{"not_picked":["Warcry","Havoc"],"picked":"Pommel Strike","floor":8.0},{"not_picked":["Anger","Perfected Strike"],"picked":"Twin Strike","floor":12.0},{"not_picked":["Sentinel","Havoc"],"picked":"Sever Soul","floor":14.0},{"not_picked":["Barricade","Double Tap"],"picked":"Impervious","floor":16.0},{"not_picked":["Warcry","Perfected Strike"],"picked":"True Grit","floor":18.0},{"not_picked":["Headbutt","Perfected Strike"],"picked":"Heavy Blade","floor":20.0},{"not_picked":["Perfected Strike+1","Sword Boomerang"],"picked":"Second Wind","floor":24.0},{"not_picked":["Thunderclap+1","Clothesline"],"picked":"Bloodletting","floor":25.0},{"not_picked":["Perfected Strike","Dual Wield"],"picked":"Demon Form","floor":27},{"not_picked":["Rupture","Infernal Blade"],"picked":"Entrench+1","floor":29},{"not_picked":["Wild Strike","Clash"],"picked":"Intimidate","floor":31},{"not_picked":["Bludgeon","Fiend Fire"],"picked":"Offering","floor":33},{"not_picked":["Pommel Strike","Heavy Blade","Carnage"],"picked":"SKIP","floor":35},{"not_picked":["Intimidate","Perfected Strike"],"picked":"Spot Weakness+1","floor":36},{"not_picked":["Power Through","Flex+1"],"picked":"Rage","floor":38},{"not_picked":["Entrench","Headbutt+1"],"picked":"True Grit","floor":39},{"not_picked":["Armaments","Flex"],"picked":"Disarm+1","floor":46}],"player_experience":1246274,"relics_obtained":[{"floor":8.0,"key":"Incense Burner"},{"floor":9.0,"key":"Shuriken"},{"floor":25.0,"key":"Smiling Mask"},{"floor":26.0,"key":"Magic Flower"},{"floor":27,"key":"Girya"},{"floor":43,"key":"Pen Nib"},{"floor":46,"key":"Self Forming Clay"}],"event_choices":[{"damage_healed":0.0,"max_hp_gain":0.0,"max_hp_loss":0.0,"gold_gain":150.0,"event_name":"Liars Game","player_choice":"AGREE","floor":3.0,"gold_loss":0.0,"damage_taken":0.0,"cards_obtained":["Doubt"]},{"damage_healed":0.0,"max_hp_gain":5.0,"max_hp_loss":0.0,"gold_gain":0.0,"event_name":"Big Fish","player_choice":"Donut","floor":4.0,"gold_loss":0.0,"damage_taken":0.0},{"damage_healed":0.0,"max_hp_gain":0.0,"max_hp_loss":0.0,"gold_gain":0.0,"event_name":"Golden Idol","player_choice":"Take Damage","floor":5.0,"gold_loss":0.0,"damage_taken":25.0,"relics_obtained":["Golden Idol"]},{"damage_healed":0.0,"max_hp_gain":0.0,"max_hp_loss":0.0,"gold_gain":0.0,"event_name":"Drug Dealer","player_choice":"Inject Mutagens","floor":19.0,"gold_loss":0.0,"damage_taken":0.0,"relics_obtained":["MutagenicStrength"]},{"damage_healed":0.0,"max_hp_gain":0.0,"max_hp_loss":0.0,"gold_gain":0.0,"cards_transformed":["Strike_R"],"event_name":"Transmorgrifier","player_choice":"Transformed","floor":22.0,"gold_loss":0.0,"damage_taken":0.0,"cards_obtained":["Feel No Pain"]},{"damage_healed":0,"gold_gain":0,"player_choice":"Paid Gold","damage_taken":0,"relics_obtained":["Du-Vu Doll"],"max_hp_gain":0,"max_hp_loss":0,"event_name":"WeMeetAgain","floor":30,"gold_loss":59},{"cards_removed":["Bash"],"damage_healed":0,"gold_gain":0,"player_choice":"Removed Attack","damage_taken":0,"max_hp_gain":0,"max_hp_loss":0,"event_name":"Falling","floor":41,"gold_loss":0},{"damage_healed":15,"gold_gain":0,"player_choice":"Writhe","damage_taken":0,"max_hp_gain":0,"max_hp_loss":0,"event_name":"Winding Halls","floor":45,"gold_loss":0,"cards_obtained":["Writhe"]}],"is_beta":false,"boss_relics":[{"not_picked":["Velvet Choker","Pandora\u0027s Box"],"picked":"Snecko Eye"},{"not_picked":["Runic Dome","Astrolabe"],"picked":"Mark of Pain"}],"items_purged_floors":[7,48],"is_endless":false,"potions_floor_spawned":[12,20,25,31,35,46],"ascension_level":20}