{"gold_per_floor":[13,30,30,50,60,88,105,120,177,177],"floor_reached":10,"playtime":636,"items_purged":[],"score":144,"play_id":"3624dc35-982e-40ed-9c3e-63d3ff13f656","local_time":"20190803221246","is_ascension_mode":true,"campfire_choices":[],"neow_cost":"NO_GOLD","seed_source_timestamp":629143221600856,"circlet_count":0,"master_deck":["AscendersBane","Strike_B","Strike_B","Strike_B","Strike_B","Defend_B","Defend_B","Defend_B","Defend_B","Zap+1","Dualcast","Cold Snap","Compile Driver","Redo","Sweeping Beam","Undo","Gash","Streamline"],"relics":["Cracked Core","Peace Pipe","Letter Opener","Tiny Chest"],"potions_floor_usage":[6,10,10],"damage_taken":[{"damage":2,"enemies":"Jaw Worm","floor":1,"turns":3},{"damage":8,"enemies":"2 Louse","floor":2,"turns":2},{"damage":0,"enemies":"Cultist","floor":4,"turns":3},{"damage":0,"enemies":"Large Slime","floor":5,"turns":6},{"damage":27,"enemies":"Lagavulin","floor":6,"turns":9},{"damage":10,"enemies":"Exordium Wildlife","floor":7,"turns":4},{"damage":0,"enemies":"2 Fungi Beasts","floor":8,"turns":3},{"damage":29,"enemies":"Gremlin Nob","floor":10,"turns":3}],"seed_played":"-4049045237025643478","potions_obtained":[{"floor":2,"key":"SkillPotion"},{"floor":7,"key":"Swift Potion"},{"floor":8,"key":"Weak Potion"}],"is_trial":false,"path_per_floor":["M","M","?","M","M","E","M","M","T","E"],"character_chosen":"DEFECT","items_purchased":[],"campfire_rested":0,"item_purchase_floors":[],"current_hp_per_floor":[62,54,54,54,54,27,17,17,17,0],"gold":177,"neow_bonus":"ONE_RARE_RELIC","is_prod":false,"is_daily":false,"chose_seed":false,"campfire_upgraded":0,"win_rate":0,"timestamp":1564884766,"path_taken":["M","M","?","M","M","E","M","M","T","E"],"build_version":"2019-07-17","purchased_purges":0,"victory":false,"max_hp_per_floor":[71,71,71,71,71,71,71,71,71,71],"card_choices":[{"not_picked":["Coolheaded","Rebound"],"picked":"Cold Snap","floor":1},{"not_picked":["Undo","Multi-Cast"],"picked":"Compile Driver","floor":2},{"not_picked":["Aggregate","Heatsinks"],"picked":"Redo","floor":4},{"not_picked":["Consume","Beam Cell"],"picked":"Sweeping Beam","floor":5},{"not_picked":["Self Repair","Hologram"],"picked":"Undo","floor":6},{"not_picked":["Barrage","Coolheaded"],"picked":"Gash","floor":7},{"not_picked":["Compile Driver","Leap"],"picked":"Streamline","floor":8}],"player_experience":1694511,"relics_obtained":[{"floor":6,"key":"Letter Opener"},{"floor":9,"key":"Tiny Chest"}],"event_choices":[{"damage_healed":0,"gold_gain":0,"player_choice":"Grow","damage_taken":0,"max_hp_gain":0,"max_hp_loss":0,"event_name":"Living Wall","floor":3,"gold_loss":0,"cards_upgraded":["Zap"]}],"is_beta":false,"boss_relics":[],"items_purged_floors":[],"is_endless":false,"potions_floor_spawned":[2,7,8],"killed_by":"Gremlin Nob","ascension_level":20}