{"gold_per_floor":[113,125,135,149,149,149,149,169,242,242,254,219,219,232,232,337,337,355,370,30,30,46,77,88,88,88,107,117,130,147,160,160,160],"floor_reached":33,"playtime":1791,"items_purged":[],"score":347,"play_id":"dcdfc080-0cb8-43db-a297-a08edf1b7f17","local_time":"20180802141046","is_ascension_mode":true,"campfire_choices":[{"data":"Underhanded Strike","floor":6,"key":"SMITH"},{"floor":10,"key":"REST"},{"floor":13,"key":"REST"},{"data":"Masterful Stab","floor":15,"key":"SMITH"},{"data":"Neutralize","floor":25,"key":"SMITH"},{"data":"Cloak And Dagger","floor":32,"key":"SMITH"}],"neow_cost":"","seed_source_timestamp":1881702391098282,"circlet_count":0,"master_deck":["Defend_G+1","Defend_G","Defend_G","Defend_G","Defend_G+1","Strike_G","Strike_G","Strike_G","Strike_G+1","Strike_G+1","Survivor+1","Neutralize+1","Cloak And Dagger+1","Underhanded Strike+1","Acrobatics","Masterful Stab+1","Dagger Throw","Cloak And Dagger","All Out Attack+1","Die Die Die+1","Underhanded Strike+1","Slice+1","Underhanded Strike+1","Slice+1","Dagger Throw+1"],"relics":["Ring of the Snake","Molten Egg 2","Coffee Dripper","Whetstone","Toolbox","Enchiridion","Incense Burner","Dodecahedron"],"potions_floor_usage":[8,16,19,24,27,33,33,33],"damage_taken":[{"damage":0,"enemies":"Small Slimes","floor":1,"turns":3},{"damage":1,"enemies":"Jaw Worm","floor":2,"turns":7},{"damage":0,"enemies":"Cultist","floor":3,"turns":4},{"damage":8,"enemies":"Blue Slaver","floor":4,"turns":5},{"damage":29,"enemies":"Exordium Wildlife","floor":8,"turns":8},{"damage":7,"enemies":"Lots of Slimes","floor":11,"turns":4},{"damage":0,"enemies":"Blue Slaver","floor":14,"turns":3},{"damage":53,"enemies":"Hexaghost","floor":16,"turns":11},{"damage":0,"enemies":"Spheric Guardian","floor":18,"turns":3},{"damage":0,"enemies":"3 Byrds","floor":19,"turns":2},{"damage":0,"enemies":"Cultist and Chosen","floor":22,"turns":4},{"damage":15,"enemies":"Slavers","floor":23,"turns":5},{"damage":0,"enemies":"Centurion and Healer","floor":24,"turns":4},{"damage":1,"enemies":"Snake Plant","floor":27,"turns":3},{"damage":15,"enemies":"Snecko","floor":28,"turns":5},{"damage":0,"enemies":"Centurion and Healer","floor":29,"turns":4},{"damage":0,"enemies":"Cultist and Chosen","floor":30,"turns":3},{"damage":1,"enemies":"Snecko","floor":31,"turns":3},{"damage":21,"enemies":"Champ","floor":33,"turns":7}],"seed_played":"8743872065836801687","potions_obtained":[{"floor":2,"key":"LiquidBronze"},{"floor":4,"key":"SneckoOil"},{"floor":11,"key":"GhostInAJar"},{"floor":14,"key":"Explosive Potion"},{"floor":19,"key":"SteroidPotion"},{"floor":23,"key":"Regen Potion"},{"floor":27,"key":"LiquidBronze"},{"floor":29,"key":"Dexterity Potion"},{"floor":31,"key":"Strength Potion"}],"is_trial":false,"path_per_floor":["M","M","M","M","?","R","?","M","T","R","M","?","R","M","R","B",null,"M","M","$","?","M","E","M","R","T","M","M","M","M","M","R"],"character_chosen":"THE_SILENT","items_purchased":["Whetstone","Toolbox"],"campfire_rested":2,"item_purchase_floors":[20,20],"current_hp_per_floor":[63,62,62,54,54,54,40,11,11,32,25,42,63,63,63,10,55,55,55,55,39,39,24,36,36,36,35,20,20,20,19,19,0],"gold":160,"neow_bonus":"","is_prod":false,"is_daily":false,"chose_seed":false,"campfire_upgraded":4,"win_rate":0,"timestamp":1533233446,"path_taken":["M","M","M","M","?","R","?","M","T","R","M","?","R","M","R","BOSS","M","M","$","?","M","E","M","R","T","M","M","M","M","?","R","BOSS"],"build_version":"2018-07-26","purchased_purges":0,"victory":false,"max_hp_per_floor":[70,70,70,70,70,70,70,70,70,70,70,70,70,70,70,70,70,70,70,70,70,70,70,70,70,70,70,70,70,70,70,70,70],"card_choices":[{"not_picked":["Deflect","Deadly Poison"],"picked":"Cloak And Dagger","floor":1},{"not_picked":["Sucker Punch","Bane"],"picked":"Underhanded Strike","floor":2},{"not_picked":["Poisoned Stab","Footwork"],"picked":"Acrobatics","floor":3},{"not_picked":["Quick Slash","Underhanded Strike"],"picked":"Masterful Stab","floor":4},{"not_picked":["PiercingWail","Dodge and Roll"],"picked":"Dagger Throw","floor":8},{"not_picked":["Caltrops","Quick Slash+1"],"picked":"Cloak And Dagger","floor":11},{"not_picked":["Dagger Spray+1","Slice+1"],"picked":"All Out Attack+1","floor":14},{"not_picked":["Tools of the Trade","Venomology"],"picked":"Die Die Die+1","floor":16},{"not_picked":["Deadly Poison","Flying Knee+1","Footwork"],"picked":"SKIP","floor":18},{"not_picked":["Blade Dance","Bane+1","Finisher+1"],"picked":"SKIP","floor":19},{"not_picked":["Crippling Poison","Dagger Throw+1","Blade Dance"],"picked":"SKIP","floor":22},{"not_picked":["Bouncing Flask","Poisoned Stab+1","Bane+1"],"picked":"SKIP","floor":23},{"not_picked":["Dodge and Roll","PiercingWail"],"picked":"Underhanded Strike+1","floor":24},{"not_picked":["Phantasmal Killer","Outmaneuver","Acrobatics"],"picked":"SKIP","floor":27},{"not_picked":["Prepared","Cloak And Dagger+1"],"picked":"Slice+1","floor":28},{"not_picked":["Crippling Poison","Poisoned Stab+1"],"picked":"Underhanded Strike+1","floor":29},{"not_picked":["Deflect","Crippling Poison"],"picked":"Slice+1","floor":30},{"not_picked":["Endless Agony+1","Deflect"],"picked":"Dagger Throw+1","floor":31}],"player_experience":357628,"relics_obtained":[{"floor":9,"key":"Molten Egg 2"},{"floor":21,"key":"Enchiridion"},{"floor":23,"key":"Incense Burner"},{"floor":26,"key":"Dodecahedron"}],"event_choices":[{"event_name":"Living Wall","player_choice":"Grow","floor":5,"damage_taken":0},{"event_name":"Shining Light","player_choice":"Entered Light","floor":7,"damage_taken":0},{"event_name":"The Cleric","player_choice":"Healed","floor":12,"damage_taken":0},{"event_name":"Cursed Tome","player_choice":"Obtained Book","floor":21,"damage_taken":0}],"is_beta":false,"boss_relics":[{"not_picked":["Orrery","Astrolabe"],"picked":"Coffee Dripper"}],"items_purged_floors":[],"is_endless":false,"potions_floor_spawned":[2,4,11,14,19,23,27,29,31],"killed_by":"Champ","ascension_level":6}