{"gold_per_floor":[114,126,136,148,69,69,96,96,120,131,131,146,146,146,146,217,217,231,231,20,0,15,15,34,45,68,18,36,36,36,52,52,128,128,147,12,12,12,24,24,38,38,65,65,85,35,55,67,67,67],"floor_reached":50,"playtime":2730,"items_purged":["Strike_B","Defend_B","Strike_B"],"score":825,"play_id":"83b8c573-cc86-413f-be55-dbfa47396ecd","local_time":"20190901211621","is_ascension_mode":true,"campfire_choices":[{"data":"Sunder","floor":6.0,"key":"SMITH"},{"data":"Buffer","floor":8.0,"key":"SMITH"},{"floor":15.0,"key":"REST"},{"floor":23.0,"key":"REST"},{"floor":29.0,"key":"REST"},{"floor":32.0,"key":"REST"},{"floor":40.0,"key":"REST"},{"floor":42.0,"key":"REST"},{"floor":49,"key":"REST"}],"neow_cost":"NONE","seed_source_timestamp":265628517402630,"circlet_count":0,"master_deck":["AscendersBane","Strike_B","Strike_B+1","Defend_B","Defend_B","Defend_B","Zap","Dualcast","Sweeping Beam","Sunder+1","Coolheaded","Melter","Rip and Tear+1","Buffer+1","Glacier","Conserve Battery","Core Surge","Apotheosis","Conserve Battery","BootSequence","Seek","Glacier+1","Seek","Loop","Rip and Tear","Dark Shackles","Master of Strategy","Static Discharge"],"special_seed":0,"relics":["Cracked Core","Whetstone","Oddly Smooth Stone","Boot","Smiling Mask","Fusion Hammer","Bag of Preparation","Inserter","DataDisk"],"potions_floor_usage":[50,50],"damage_taken":[{"damage":1.0,"enemies":"Cultist","floor":1.0,"turns":3.0},{"damage":7.0,"enemies":"Jaw Worm","floor":2.0,"turns":3.0},{"damage":2.0,"enemies":"Small Slimes","floor":3.0,"turns":3.0},{"damage":0.0,"enemies":"3 Louse","floor":4.0,"turns":2.0},{"damage":18.0,"enemies":"3 Sentries","floor":7.0,"turns":5.0},{"damage":3.0,"enemies":"2 Fungi Beasts","floor":10.0,"turns":2.0},{"damage":0.0,"enemies":"Exordium Thugs","floor":12.0,"turns":6.0},{"damage":24.0,"enemies":"Hexaghost","floor":16.0,"turns":10.0},{"damage":2.0,"enemies":"Shell Parasite","floor":18.0,"turns":4.0},{"damage":2.0,"enemies":"2 Thieves","floor":22.0,"turns":4.0},{"damage":20.0,"enemies":"Snake Plant","floor":24.0,"turns":5.0},{"damage":8.0,"enemies":"Chosen and Byrds","floor":25.0,"turns":7.0},{"damage":0.0,"enemies":"Centurion and Healer","floor":28.0,"turns":8.0},{"damage":0.0,"enemies":"Snake Plant","floor":31.0,"turns":4.0},{"damage":50.0,"enemies":"Automaton","floor":33.0,"turns":18.0},{"damage":0.0,"enemies":"3 Darklings","floor":35.0,"turns":8.0},{"damage":4.0,"enemies":"3 Shapes","floor":39.0,"turns":4.0},{"damage":0.0,"enemies":"Jaw Worm Horde","floor":41.0,"turns":6.0},{"damage":0.0,"enemies":"Spire Growth","floor":45.0,"turns":6.0},{"damage":0.0,"enemies":"Maw","floor":47.0,"turns":11.0},{"damage":0,"enemies":"3 Darklings","floor":48,"turns":5},{"damage":84,"enemies":"Donu and Deca","floor":50,"turns":12}],"seed_played":"924951000441792494","potions_obtained":[{"floor":1.0,"key":"LiquidBronze"},{"floor":2.0,"key":"Block Potion"},{"floor":18.0,"key":"SpeedPotion"},{"floor":24.0,"key":"LiquidBronze"},{"floor":33.0,"key":"FearPotion"},{"floor":39.0,"key":"Swift Potion"},{"floor":41.0,"key":"Fire Potion"}],"is_trial":false,"path_per_floor":["M","M","M","M","$","R","E","R","T","M","?","M","?","?","R","B",null,"M","?","$","?","M","R","M","M","T","$","M","R","?","M","R","B",null,"M","$","?","$","M","R","M","R","T","?","M","$","M","M","R","B"],"character_chosen":"DEFECT","items_purchased":["Rip and Tear","Apotheosis","Rip and Tear"],"campfire_rested":7,"item_purchase_floors":[5,20,36],"current_hp_per_floor":[70,63,61,61,61,61,43,43,43,40,40,40,22,22,45,21,64,62,40,40,40,38,62,42,34,34,34,34,58,58,58,82,32,70,70,70,60,60,56,80,80,83,83,79,79,79,79,79,79,0],"gold":67,"neow_bonus":"TEN_PERCENT_HP_BONUS","is_prod":false,"is_daily":false,"chose_seed":false,"campfire_upgraded":2,"win_rate":0,"timestamp":1567390581,"path_taken":["M","M","M","M","?","R","E","R","T","M","?","M","?","?","R","BOSS","M","?","$","?","M","R","M","M","T","$","M","R","?","M","R","BOSS","M","$","?","$","M","R","M","R","T","?","M","?","M","M","R","BOSS"],"build_version":"2019-07-17","purchased_purges":3,"victory":false,"max_hp_per_floor":[78,78,78,78,78,78,78,78,78,78,78,78,78,78,78,78,78,78,83,83,83,83,83,83,83,83,83,83,83,83,83,83,83,83,83,83,83,83,83,83,83,83,83,79,79,79,79,79,79,79],"card_choices":[{"not_picked":["Double Energy","Steam"],"picked":"Sweeping Beam","floor":1.0},{"not_picked":["Coolheaded","Ball Lightning"],"picked":"Sunder","floor":2.0},{"not_picked":["Leap","Echo Form"],"picked":"Coolheaded","floor":3.0},{"not_picked":["Cold Snap","Redo"],"picked":"Melter","floor":4.0},{"not_picked":["Steam","Double Energy"],"picked":"Buffer","floor":7.0},{"not_picked":["Rip and Tear","Reprogram"],"picked":"Glacier","floor":10.0},{"not_picked":["Steam Power","Coolheaded"],"picked":"Conserve Battery","floor":12.0},{"not_picked":["Buffer","Machine Learning"],"picked":"Core Surge","floor":16.0},{"not_picked":["Cold Snap","Gash","Redo"],"picked":"SKIP","floor":18.0},{"not_picked":["Hologram","Doom and Gloom","Turbo"],"picked":"SKIP","floor":22.0},{"not_picked":["Doom and Gloom","Steam Power"],"picked":"Conserve Battery","floor":24.0},{"not_picked":["Barrage","Chill"],"picked":"BootSequence","floor":25.0},{"not_picked":["Hello World","Steam"],"picked":"Seek","floor":28.0},{"not_picked":["Leap","Storm"],"picked":"Glacier+1","floor":31.0},{"not_picked":["Reboot","Multi-Cast"],"picked":"Seek","floor":33.0},{"not_picked":["Sweeping Beam+1","Recycle"],"picked":"Loop","floor":35.0},{"not_picked":["Good Instincts","Sadistic Nature"],"picked":"Dark Shackles","floor":37.0},{"not_picked":["Secret Weapon","Good Instincts"],"picked":"Master of Strategy","floor":37.0},{"not_picked":["Conserve Battery+1","Stack","Cold Snap"],"picked":"SKIP","floor":39.0},{"not_picked":["Stack+1","Cold Snap","Hologram"],"picked":"SKIP","floor":41.0},{"not_picked":["Reprogram","Melter","Conserve Battery"],"picked":"SKIP","floor":45.0},{"not_picked":["Sunder","Cold Snap","Doom and Gloom"],"picked":"SKIP","floor":47.0},{"not_picked":["Compile Driver","Cold Snap"],"picked":"Static Discharge","floor":48}],"player_experience":293837,"relics_obtained":[{"floor":7.0,"key":"Whetstone"},{"floor":9.0,"key":"Oddly Smooth Stone"},{"floor":26.0,"key":"Bag of Preparation"},{"floor":43.0,"key":"DataDisk"}],"event_choices":[{"damage_healed":0.0,"max_hp_gain":0.0,"max_hp_loss":0.0,"gold_gain":0.0,"event_name":"Dead Adventurer","player_choice":"Searched \u00272\u0027 times","floor":11.0,"gold_loss":0.0,"damage_taken":0.0,"relics_obtained":["Boot"]},{"damage_healed":0.0,"max_hp_gain":0.0,"max_hp_loss":0.0,"gold_gain":0.0,"event_name":"Scrap Ooze","player_choice":"Success","floor":13.0,"gold_loss":0.0,"damage_taken":18.0,"relics_obtained":["Smiling Mask"]},{"damage_healed":0.0,"max_hp_gain":0.0,"max_hp_loss":0.0,"gold_gain":0.0,"event_name":"Shining Light","player_choice":"Ignored","floor":14.0,"gold_loss":0.0,"damage_taken":0.0},{"damage_healed":0.0,"max_hp_gain":5.0,"max_hp_loss":0.0,"gold_gain":0.0,"event_name":"Forgotten Altar","player_choice":"Shed Blood","floor":19.0,"gold_loss":0.0,"damage_taken":27.0},{"damage_healed":0.0,"max_hp_gain":0.0,"max_hp_loss":0.0,"gold_gain":0.0,"event_name":"Masked Bandits","player_choice":"Paid Fearfully","floor":21.0,"gold_loss":20.0,"damage_taken":0.0},{"damage_healed":0.0,"max_hp_gain":0.0,"max_hp_loss":0.0,"gold_gain":0.0,"event_name":"Match and Keep!","player_choice":"0 cards matched","floor":30.0,"gold_loss":0.0,"damage_taken":0.0,"cards_obtained":[]},{"damage_healed":0.0,"max_hp_gain":0.0,"max_hp_loss":0.0,"gold_gain":0.0,"event_name":"SensoryStone","player_choice":"Memory 3","floor":37.0,"gold_loss":0.0,"damage_taken":10.0},{"damage_healed":0.0,"max_hp_gain":0.0,"max_hp_loss":4.0,"gold_gain":0.0,"event_name":"Winding Halls","player_choice":"Max HP","floor":44.0,"gold_loss":0.0,"damage_taken":0.0}],"is_beta":false,"boss_relics":[{"not_picked":["Tiny House","Runic Pyramid"],"picked":"Fusion Hammer"},{"not_picked":["Eternal Feather","Coffee Dripper"],"picked":"Inserter"}],"items_purged_floors":[27,36,46],"is_endless":false,"potions_floor_spawned":[1,2,3,10,18,24,33,39,41],"killed_by":"Donu and Deca","ascension_level":17}