{"gold_per_floor":[110,110,130,130,130,130,160,160,160,173,186,204,223,252,252,348,348,364,376,392,392,409,436,455,455,481,481,492,510,470,796,796,896,896,907,576,595,609,625,625,725,725,725,725,741,751,409,409,409,409],"floor_reached":51,"playtime":4367,"items_purged":[],"score":761,"play_id":"c6db6632-713d-4eb1-9bdc-811c661d4671","local_time":"20190725220528","is_ascension_mode":true,"campfire_choices":[{"data":"Thunderclap","floor":6,"key":"SMITH"},{"floor":8,"key":"REST"},{"data":"Armaments","floor":15,"key":"SMITH"},{"floor":25,"key":"REST"},{"floor":27,"key":"REST"},{"data":"Demon Form","floor":32,"key":"SMITH"},{"floor":40,"key":"REST"},{"floor":42,"key":"REST"},{"floor":49,"key":"REST"}],"neow_cost":"NONE","seed_source_timestamp":1301928890848763,"circlet_count":0,"master_deck":["Strike_R","Strike_R+1","Strike_R","Strike_R","Defend_R","Defend_R","Defend_R+1","Defend_R","Carnage","Thunderclap+1","Feed","Clash+1","Armaments+1","Headbutt","Armaments","Pommel Strike+1","Demon Form+1","Rage","Iron Wave","Dropkick","Flex","Metallicize+1","Armaments+1","Ghostly Armor","Cleave+1","Rampage","Shrug It Off","Twin Strike+1","Flex","Panache"],"relics":["Burning Blood","Oddly Smooth Stone","Anchor","Sundial","Bag of Preparation","Sozu","Mango","Art of War","Whetstone","Old Coin","Empty Cage","Sling","Ice Cream","Pantograph","Lantern"],"potions_floor_usage":[7,16,18],"damage_taken":[{"damage":6,"enemies":"Jaw Worm","floor":1,"turns":5},{"damage":1,"enemies":"2 Louse","floor":3,"turns":3},{"damage":42,"enemies":"3 Sentries","floor":7,"turns":7},{"damage":0,"enemies":"Small Slimes","floor":10,"turns":2},{"damage":12,"enemies":"Gremlin Gang","floor":11,"turns":5},{"damage":3,"enemies":"2 Fungi Beasts","floor":12,"turns":3},{"damage":0,"enemies":"Red Slaver","floor":13,"turns":3},{"damage":12,"enemies":"Gremlin Nob","floor":14,"turns":4},{"damage":69,"enemies":"The Guardian","floor":16,"turns":9},{"damage":0,"enemies":"Chosen","floor":18,"turns":4},{"damage":34,"enemies":"3 Byrds","floor":19,"turns":6},{"damage":15,"enemies":"Snake Plant","floor":20,"turns":3},{"damage":16,"enemies":"Centurion and Healer","floor":22,"turns":4},{"damage":48,"enemies":"Book of Stabbing","floor":23,"turns":6},{"damage":4,"enemies":"Sentry and Sphere","floor":24,"turns":5},{"damage":20,"enemies":"Snake Plant","floor":28,"turns":5},{"damage":16,"enemies":"Shelled Parasite and Fungi","floor":29,"turns":5},{"damage":1,"enemies":"Slavers","floor":31,"turns":6},{"damage":49,"enemies":"Automaton","floor":33,"turns":12},{"damage":27,"enemies":"3 Darklings","floor":35,"turns":6},{"damage":0,"enemies":"3 Shapes","floor":37,"turns":3},{"damage":43,"enemies":"3 Darklings","floor":38,"turns":5},{"damage":7,"enemies":"Transient","floor":39,"turns":5},{"damage":39,"enemies":"Mind Bloom Boss Battle","floor":41,"turns":6},{"damage":14,"enemies":"Maw","floor":45,"turns":8},{"damage":29,"enemies":"Jaw Worm Horde","floor":46,"turns":6},{"damage":125,"enemies":"Awakened One","floor":50,"turns":11}],"seed_played":"2363159999157180986","potions_obtained":[{"floor":3,"key":"SteroidPotion"},{"floor":7,"key":"SneckoOil"},{"floor":14,"key":"FearPotion"},{"floor":16,"key":"Weak Potion"}],"is_trial":false,"path_per_floor":["M","?","M","?","?","R","E","R","T","M","M","M","M","E","R","B",null,"M","M","M","?","M","E","M","R","T","R","M","M","?","E","R","B",null,"M","$","M","M","M","R","?","R","T","$","M","M","$","?","R","B",null],"character_chosen":"IRONCLAD","items_purchased":["Sling","Rampage","Shrug It Off","Lantern","Panache"],"campfire_rested":6,"item_purchase_floors":[36,36,36,47,47],"current_hp_per_floor":[80,80,80,77,77,77,44,68,68,74,71,74,83,77,77,14,89,89,65,59,73,63,21,26,59,59,92,78,71,71,79,79,36,119,98,98,104,70,69,105,72,108,108,108,103,83,83,83,121,13],"gold":409,"neow_bonus":"RANDOM_COLORLESS","is_prod":false,"is_daily":false,"chose_seed":false,"campfire_upgraded":3,"win_rate":0,"timestamp":1564088728,"path_taken":["M","?","M","?","?","R","E","R","T","M","?","M","M","E","R","BOSS","M","M","M","?","?","E","M","R","T","R","M","?","?","E","R","BOSS","M","$","M","?","M","R","?","R","T","?","M","M","?","?","R","BOSS"],"build_version":"2019-07-17","purchased_purges":0,"victory":true,"max_hp_per_floor":[80,80,80,80,80,80,83,83,83,83,86,86,89,89,89,89,89,89,93,96,110,110,110,113,113,113,113,113,116,116,119,119,119,119,119,119,119,122,122,122,122,122,122,122,125,128,128,128,128,132],"card_choices":[{"not_picked":["Hemokinesis","Pummel"],"picked":"Carnage","floor":1},{"not_picked":["Sword Boomerang","Seeing Red"],"picked":"Thunderclap","floor":3},{"not_picked":["Perfected Strike","Immolate"],"picked":"Clash","floor":7},{"not_picked":["True Grit","Thunderclap","Heavy Blade"],"picked":"SKIP","floor":10},{"not_picked":["Second Wind","Rage"],"picked":"Armaments","floor":11},{"not_picked":["Body Slam","Perfected Strike"],"picked":"Headbutt","floor":12},{"not_picked":["Heavy Blade","Body Slam"],"picked":"Armaments","floor":13},{"not_picked":["Thunderclap","Dual Wield"],"picked":"Pommel Strike","floor":14},{"not_picked":["Reaper","Dark Embrace"],"picked":"Demon Form","floor":16},{"not_picked":["Seeing Red","Rupture+1"],"picked":"Rage","floor":18},{"not_picked":["Flex","Dual Wield"],"picked":"Iron Wave","floor":19},{"not_picked":["True Grit+1","Burning Pact"],"picked":"Dropkick","floor":20},{"not_picked":["Anger+1","Pommel Strike"],"picked":"Flex","floor":22},{"not_picked":["True Grit","Corruption"],"picked":"Metallicize+1","floor":23},{"not_picked":["Reckless Charge","Cleave"],"picked":"Armaments+1","floor":24},{"not_picked":["Anger+1","Bloodletting+1","Feel No Pain"],"picked":"SKIP","floor":28},{"not_picked":["Pommel Strike+1","Battle Trance"],"picked":"Ghostly Armor","floor":29},{"not_picked":["Warcry","Feed","Seeing Red+1"],"picked":"SKIP","floor":31},{"not_picked":["Dark Embrace","Impervious"],"picked":"Berserk","floor":33},{"not_picked":["Wild Strike+1","Sword Boomerang"],"picked":"Cleave+1","floor":35},{"not_picked":["Sever Soul","Second Wind"],"picked":"Twin Strike+1","floor":37},{"not_picked":["Battle Trance","Combust+1","Wild Strike"],"picked":"SKIP","floor":38},{"not_picked":["Bloodletting","Blood for Blood+1"],"picked":"Flex","floor":39},{"not_picked":["Reckless Charge","Body Slam","Immolate"],"picked":"SKIP","floor":45},{"not_picked":["Rampage+1","Twin Strike","Reckless Charge"],"picked":"SKIP","floor":46}],"player_experience":78584,"relics_obtained":[{"floor":7,"key":"Anchor"},{"floor":9,"key":"Sundial"},{"floor":14,"key":"Bag of Preparation"},{"floor":23,"key":"Art of War"},{"floor":26,"key":"Whetstone"},{"floor":31,"key":"Old Coin"},{"floor":41,"key":"Ice Cream"},{"floor":43,"key":"Pantograph"}],"event_choices":[{"damage_healed":0,"gold_gain":0,"player_choice":"Ignored","damage_taken":0,"max_hp_gain":0,"max_hp_loss":0,"event_name":"Liars Game","floor":2,"gold_loss":0},{"damage_healed":0,"gold_gain":0,"player_choice":"Success","damage_taken":3,"relics_obtained":["Oddly Smooth Stone"],"max_hp_gain":0,"max_hp_loss":0,"event_name":"Scrap Ooze","floor":4,"gold_loss":0},{"damage_healed":0,"gold_gain":0,"cards_transformed":["Strike_R"],"player_choice":"Transformed","damage_taken":0,"max_hp_gain":0,"max_hp_loss":0,"event_name":"Transmorgrifier","floor":5,"gold_loss":0,"cards_obtained":["Feed"]},{"damage_healed":0,"gold_gain":0,"player_choice":"Gave Potion","damage_taken":0,"relics_obtained":["Mango"],"max_hp_gain":0,"max_hp_loss":0,"event_name":"WeMeetAgain","floor":21,"gold_loss":0},{"damage_healed":0,"gold_gain":0,"player_choice":"Upgraded Two","damage_taken":0,"max_hp_gain":0,"max_hp_loss":0,"event_name":"Designer","floor":30,"gold_loss":40,"cards_upgraded":["Defend_R","Clash"]},{"damage_healed":0,"gold_gain":0,"player_choice":"Fight","damage_taken":0,"max_hp_gain":0,"max_hp_loss":0,"event_name":"MindBloom","floor":41,"gold_loss":0},{"cards_removed":["Berserk"],"damage_healed":0,"gold_gain":0,"player_choice":"Removed Power","damage_taken":0,"max_hp_gain":0,"max_hp_loss":0,"event_name":"Falling","floor":48,"gold_loss":0}],"is_beta":false,"boss_relics":[{"not_picked":["Philosopher\u0027s Stone","Eternal Feather"],"picked":"Sozu"},{"not_picked":["Calling Bell","Cursed Key"],"picked":"Empty Cage"}],"items_purged_floors":[],"is_endless":false,"potions_floor_spawned":[3,7,14,16,18,22,24,31,38,39],"ascension_level":1}