{"gold_per_floor":[112,132,142,142,142,171,191,191,191,204,204,204],"floor_reached":12,"playtime":538,"items_purged":[],"score":169,"play_id":"b054ce1f-8b28-4504-b19f-06511d4d4e19","local_time":"20181210124343","is_ascension_mode":true,"campfire_choices":[{"floor":11,"key":"REST"}],"neow_cost":"NONE","seed_source_timestamp":559683633160983,"circlet_count":0,"master_deck":["AscendersBane","Defend_G","Defend_G","Defend_G","Defend_G","Defend_G","Strike_G","Strike_G","Strike_G","Strike_G","Strike_G","Survivor","Neutralize","Eviscerate","Dagger Spray","Dagger Throw","Backstab"],"relics":["Ring of the Snake","Blood Vial","Ginger"],"potions_floor_usage":[2,8,10],"damage_taken":[{"damage":1,"enemies":"2 Louse","floor":1,"turns":3},{"damage":0,"enemies":"Small Slimes","floor":2,"turns":5},{"damage":10,"enemies":"Cultist","floor":3,"turns":5},{"damage":44,"enemies":"Lagavulin","floor":6,"turns":9},{"damage":2,"enemies":"Red Slaver","floor":7,"turns":4},{"damage":14,"enemies":"3 Sentries","floor":8,"turns":5},{"damage":1,"enemies":"3 Louse","floor":10,"turns":3},{"damage":53,"enemies":"Lagavulin","floor":12,"turns":6}],"seed_played":"-2687758852497156322","potions_obtained":[{"floor":1,"key":"EssenceOfSteel"},{"floor":7,"key":"SmokeBomb"},{"floor":10,"key":"Fruit Juice"}],"is_trial":false,"path_per_floor":["M","M","M","?","?","E","M","E","T","M","R","E"],"character_chosen":"THE_SILENT","items_purchased":[],"campfire_rested":1,"item_purchase_floors":[],"current_hp_per_floor":[69,69,59,64,64,20,20,8,8,14,40,0],"gold":204,"neow_bonus":"TEN_PERCENT_HP_BONUS","is_prod":false,"is_daily":false,"chose_seed":false,"campfire_upgraded":0,"win_rate":0,"timestamp":1544463823,"path_taken":["M","M","M","?","?","E","M","E","T","M","R","E"],"build_version":"2018-12-06","purchased_purges":0,"victory":false,"max_hp_per_floor":[77,77,77,82,82,82,82,82,82,87,87,87],"card_choices":[{"not_picked":["PiercingWail","Prepared"],"picked":"Eviscerate","floor":1},{"not_picked":["Poisoned Stab","Deadly Poison"],"picked":"Dagger Spray","floor":2},{"not_picked":["Footwork","Poisoned Stab"],"picked":"Dagger Throw","floor":3},{"not_picked":["Deadly Poison","Caltrops","Bane"],"picked":"SKIP","floor":6},{"not_picked":["Predator","Dagger Spray"],"picked":"Backstab","floor":7},{"not_picked":["Accuracy","Endless Agony","Poisoned Stab"],"picked":"SKIP","floor":10}],"player_experience":854775,"relics_obtained":[{"floor":6,"key":"Blood Vial"},{"floor":9,"key":"Ginger"}],"event_choices":[{"damage_healed":0,"gold_gain":0,"player_choice":"Donut","damage_taken":0,"max_hp_gain":5,"max_hp_loss":0,"event_name":"Big Fish","floor":4,"gold_loss":0},{"damage_healed":0,"gold_gain":0,"player_choice":"Ignored","damage_taken":0,"max_hp_gain":0,"max_hp_loss":0,"event_name":"Liars Game","floor":5,"gold_loss":0}],"is_beta":false,"boss_relics":[],"items_purged_floors":[],"is_endless":false,"potions_floor_spawned":[1,7,8,10],"killed_by":"Lagavulin","ascension_level":12}