{"gold_per_floor":[109,109,184,195,2,2,66,81,81,107,121,138,138,151,151,256,256,256,256,28,28,28,28,28,28,28,28,28,28,28,28,28,28,28,28,28,28,28,28,28,28,28,28,28,28,28,28,28,28,28],"floor_reached":50,"playtime":2760,"items_purged":["Regret"],"score":891,"play_id":"51f2686e-7fd6-44f0-a2ad-111097c412bb","local_time":"20190426183854","is_ascension_mode":true,"campfire_choices":[{"data":"1","floor":6.0,"key":"LIFT"},{"data":"2","floor":13.0,"key":"LIFT"},{"data":"3","floor":15.0,"key":"LIFT"},{"data":"Warcry","floor":24.0,"key":"SMITH"},{"floor":29.0,"key":"REST"},{"data":"True Grit","floor":32.0,"key":"SMITH"},{"floor":46,"key":"REST"},{"floor":49,"key":"REST"}],"neow_cost":"NONE","seed_source_timestamp":0,"circlet_count":0,"master_deck":["Strike_R","Strike_R","Strike_R","Strike_R","Strike_R","Defend_R","Defend_R","Defend_R","Defend_R","Bash","Heavy Blade","Rampage","Wild Strike","Evolve","Dual Wield","Burning Pact","Reckless Charge","Second Wind","Metallicize","Fiend Fire","Body Slam","Bandage Up","Flash of Steel","Sentinel","Wild Strike+1","Warcry+1","Reaper","Armaments+1","Immolate","True Grit+1","Infernal Blade","Wild Strike+1","Impervious","Havoc","Metallicize+1","Fiend Fire","Havoc","Burning Pact","Rupture+1","Battle Trance+1","Infernal Blade","Shockwave+1","True Grit+1","Flex+1","Rage+1","Body Slam+1","Shrug It Off+1","Sever Soul+1","Warcry+1","Exhume"],"special_seed":0,"relics":["Burning Blood","NeowsBlessing","Girya","Tiny Chest","Dead Branch","Anchor","Ectoplasm","Bronze Scales","Lantern","Prayer Wheel","Peace Pipe","Dodecahedron","Vajra","Mark of Pain","The Courier","MawBank","Bottled Lightning","Centennial Puzzle"],"potions_floor_usage":[47,48,50],"damage_taken":[{"damage":0.0,"enemies":"Jaw Worm","floor":1.0,"turns":1.0},{"damage":0.0,"enemies":"2 Louse","floor":4.0,"turns":1.0},{"damage":0.0,"enemies":"3 Sentries","floor":7.0,"turns":2.0},{"damage":0.0,"enemies":"Small Slimes","floor":8.0,"turns":2.0},{"damage":23.0,"enemies":"Red Slaver","floor":11.0,"turns":5.0},{"damage":10.0,"enemies":"Large Slime","floor":12.0,"turns":4.0},{"damage":5.0,"enemies":"Blue Slaver","floor":14.0,"turns":4.0},{"damage":3.0,"enemies":"Slime Boss","floor":16.0,"turns":7.0},{"damage":0.0,"enemies":"Spheric Guardian","floor":18.0,"turns":2.0},{"damage":4.0,"enemies":"3 Byrds","floor":21.0,"turns":3.0},{"damage":7.0,"enemies":"Snecko","floor":23.0,"turns":3.0},{"damage":38.0,"enemies":"Book of Stabbing","floor":25.0,"turns":5.0},{"damage":9.0,"enemies":"Centurion and Healer","floor":27.0,"turns":5.0},{"damage":15.0,"enemies":"Colosseum Slavers","floor":28.0,"turns":2.0},{"damage":13.0,"enemies":"Colosseum Nobs","floor":28.0,"turns":3.0},{"damage":20.0,"enemies":"Slavers","floor":30.0,"turns":3.0},{"damage":0.0,"enemies":"Snake Plant","floor":31.0,"turns":2.0},{"damage":67.0,"enemies":"Automaton","floor":33.0,"turns":9.0},{"damage":8.0,"enemies":"3 Shapes","floor":35.0,"turns":2.0},{"damage":6.0,"enemies":"Orb Walker","floor":36.0,"turns":3.0},{"damage":46.0,"enemies":"Writhing Mass","floor":37.0,"turns":5.0},{"damage":3.0,"enemies":"4 Shapes","floor":38.0,"turns":2.0},{"damage":18.0,"enemies":"Giant Head","floor":40.0,"turns":7.0},{"damage":6.0,"enemies":"Nemesis","floor":42.0,"turns":3.0},{"damage":30.0,"enemies":"Reptomancer","floor":44.0,"turns":4.0},{"damage":6,"enemies":"Transient","floor":45,"turns":5},{"damage":50,"enemies":"Maw","floor":47,"turns":7},{"damage":3,"enemies":"3 Darklings","floor":48,"turns":3},{"damage":100,"enemies":"Time Eater","floor":50,"turns":6}],"seed_played":"-8760314796563470882","potions_obtained":[{"floor":4.0,"key":"Fire Potion"},{"floor":7.0,"key":"Swift Potion"},{"floor":14.0,"key":"Energy Potion"},{"floor":18.0,"key":"FearPotion"},{"floor":21.0,"key":"Weak Potion"},{"floor":25.0,"key":"PowerPotion"},{"floor":31.0,"key":"PowerPotion"},{"floor":33.0,"key":"SteroidPotion"},{"floor":35.0,"key":"Ancient Potion"},{"floor":38.0,"key":"Weak Potion"},{"floor":42.0,"key":"Explosive Potion"},{"floor":44.0,"key":"Fire Potion"},{"floor":48,"key":"EssenceOfSteel"}],"is_trial":false,"path_per_floor":["M","?","?","M","$","R","E","M","T","T","M","M","R","M","R","B",null,"M","?","$","M","$","M","R","E","T","M","?","R","E","M","R","B",null,"M","M","M","M","?","E","$","E","T","E","M","R","M","M","R","B"],"character_chosen":"IRONCLAD","items_purchased":["Wild Strike","Evolve","Sentinel","Bronze Scales"],"campfire_rested":3,"item_purchase_floors":[5,5,20,20],"current_hp_per_floor":[80,80,69,75,75,75,80,80,80,80,63,59,59,60,60,63,80,80,56,56,58,58,61,61,33,33,48,56,80,66,80,80,27,80,78,80,44,47,47,47,47,47,47,36,48,72,39,46,70,0],"gold":28,"neow_bonus":"THREE_ENEMY_KILL","is_prod":false,"is_daily":false,"chose_seed":false,"campfire_upgraded":2,"win_rate":0,"timestamp":1556267934,"path_taken":["M","?","?","M","$","R","E","M","T","?","M","M","R","M","R","BOSS","M","?","$","M","$","M","R","E","T","?","?","R","E","M","R","BOSS","M","M","M","M","?","E","$","E","T","E","M","R","M","M","R","BOSS"],"build_version":"2019-01-23","purchased_purges":1,"victory":false,"max_hp_per_floor":[80,80,80,80,80,80,80,80,80,80,80,80,80,80,80,80,80,80,80,80,80,80,80,80,80,80,80,80,80,80,80,80,80,80,80,80,80,80,80,80,80,80,80,80,80,80,80,80,80,80],"card_choices":[{"not_picked":["Clash","Twin Strike"],"picked":"Heavy Blade","floor":1.0},{"not_picked":["Flex","Burning Pact"],"picked":"Rampage","floor":4.0},{"not_picked":["Evolve","Shrug It Off"],"picked":"Dual Wield","floor":7.0},{"not_picked":["Barricade","Heavy Blade"],"picked":"Burning Pact","floor":8.0},{"not_picked":["Armaments","Pummel"],"picked":"Reckless Charge","floor":11.0},{"not_picked":["Combust","Headbutt"],"picked":"Second Wind","floor":12.0},{"not_picked":["Burning Pact","Shrug It Off"],"picked":"Metallicize","floor":14.0},{"not_picked":["Double Tap","Dark Embrace"],"picked":"Fiend Fire","floor":16.0},{"not_picked":["Anger+1","Flex"],"picked":"Body Slam","floor":18.0},{"not_picked":["Clothesline","Dual Wield+1"],"picked":"Wild Strike+1","floor":21.0},{"not_picked":["Body Slam+1","Perfected Strike+1"],"picked":"Warcry","floor":23.0},{"not_picked":["Iron Wave","Flame Barrier"],"picked":"Reaper","floor":25.0},{"not_picked":["Flex","True Grit+1"],"picked":"Armaments+1","floor":27.0},{"not_picked":["Cleave+1","Iron Wave"],"picked":"Sword Boomerang+1","floor":27.0},{"not_picked":["Clash+1","Wild Strike"],"picked":"Immolate","floor":28.0},{"not_picked":["Cleave","Havoc"],"picked":"True Grit","floor":30.0},{"not_picked":["Entrench","Evolve"],"picked":"Infernal Blade","floor":31.0},{"not_picked":["Shrug It Off","Perfected Strike"],"picked":"Wild Strike+1","floor":31.0},{"not_picked":["Feed","Bludgeon"],"picked":"Impervious","floor":33.0},{"not_picked":["Sword Boomerang+1","Sever Soul"],"picked":"Havoc","floor":35.0},{"not_picked":["Pummel+1","Burning Pact"],"picked":"Metallicize+1","floor":35.0},{"not_picked":["Warcry","Heavy Blade+1"],"picked":"Fiend Fire","floor":36.0},{"not_picked":["Iron Wave","Anger"],"picked":"Havoc","floor":36.0},{"not_picked":["Thunderclap+1","Havoc"],"picked":"Burning Pact","floor":37.0},{"not_picked":["Impervious","Perfected Strike+1"],"picked":"Rupture+1","floor":37.0},{"not_picked":["True Grit","Flex"],"picked":"Battle Trance+1","floor":38.0},{"not_picked":["Infernal Blade","Clothesline+1","Flex"],"picked":"SKIP","floor":38.0},{"not_picked":["Clothesline+1","Flex"],"picked":"Infernal Blade","floor":38.0},{"not_picked":["Whirlwind","Heavy Blade"],"picked":"Shockwave+1","floor":40.0},{"not_picked":["Offering","Anger+1"],"picked":"True Grit+1","floor":42.0},{"not_picked":["Pommel Strike","Fiend Fire"],"picked":"Flex+1","floor":44.0},{"not_picked":["Clash+1","Infernal Blade+1"],"picked":"Rage+1","floor":45},{"not_picked":["Armaments","Heavy Blade"],"picked":"Body Slam+1","floor":45},{"not_picked":["Iron Wave","Wild Strike"],"picked":"Shrug It Off+1","floor":47},{"not_picked":["Heavy Blade","Armaments"],"picked":"Sever Soul+1","floor":47},{"not_picked":["Shrug It Off+1","Cleave+1"],"picked":"Warcry+1","floor":48},{"not_picked":["Dropkick+1","True Grit+1"],"picked":"Exhume","floor":48}],"player_experience":486905,"relics_obtained":[{"floor":7.0,"key":"Tiny Chest"},{"floor":9.0,"key":"Dead Branch"},{"floor":10.0,"key":"Anchor"},{"floor":25.0,"key":"Lantern"},{"floor":26.0,"key":"Prayer Wheel"},{"floor":28.0,"key":"Peace Pipe"},{"floor":28.0,"key":"Dodecahedron"},{"floor":30.0,"key":"Vajra"},{"floor":40.0,"key":"The Courier"},{"floor":42.0,"key":"MawBank"},{"floor":43.0,"key":"Bottled Lightning"},{"floor":44.0,"key":"Centennial Puzzle"}],"event_choices":[{"damage_healed":0.0,"max_hp_gain":0.0,"max_hp_loss":0.0,"gold_gain":0.0,"event_name":"Big Fish","player_choice":"Box","floor":2.0,"gold_loss":0.0,"damage_taken":0.0,"relics_obtained":["Girya"],"cards_obtained":["Regret"]},{"damage_healed":0.0,"max_hp_gain":0.0,"max_hp_loss":0.0,"gold_gain":75.0,"event_name":"World of Goop","player_choice":"Gather Gold","floor":3.0,"gold_loss":0.0,"damage_taken":11.0},{"damage_healed":0.0,"max_hp_gain":0.0,"max_hp_loss":0.0,"gold_gain":0.0,"event_name":"Knowing Skull","player_choice":"CARD CARD ","floor":19.0,"potions_obtained":[],"gold_loss":0.0,"damage_taken":24.0,"cards_obtained":["Bandage Up","Flash of Steel"]},{"damage_healed":0.0,"max_hp_gain":0.0,"max_hp_loss":0.0,"gold_gain":0.0,"event_name":"Colosseum","player_choice":"Fight","floor":28.0,"gold_loss":0.0,"damage_taken":0.0},{"damage_healed":0.0,"max_hp_gain":0.0,"max_hp_loss":0.0,"gold_gain":0.0,"event_name":"Colosseum","player_choice":"Fought Nobs","floor":28.0,"gold_loss":0.0,"damage_taken":0.0},{"cards_removed":["Sword Boomerang"],"damage_healed":0.0,"max_hp_gain":0.0,"max_hp_loss":0.0,"gold_gain":0.0,"event_name":"Falling","player_choice":"Removed Attack","floor":39.0,"gold_loss":0.0,"damage_taken":0.0}],"is_beta":false,"boss_relics":[{"not_picked":["Busted Crown","Lizard Tail"],"picked":"Ectoplasm"},{"not_picked":["Runic Dome","Coffee Dripper"],"picked":"Mark of Pain"}],"items_purged_floors":[5],"is_endless":false,"potions_floor_spawned":[4,7,14,18,21,25,27,31,33,35,38,42,44,48],"killed_by":"Time Eater","ascension_level":4}