{"gold_per_floor":[116,131,143,143,143,178,195,195,195,215,215,232,264,19,19,96,96,107,127,127,127],"floor_reached":21,"playtime":925,"items_purged":[],"score":315,"play_id":"d402b609-3505-416c-90ac-c6fbe7273bc5","local_time":"20181213113349","is_ascension_mode":true,"campfire_choices":[{"floor":8,"key":"RECALL"},{"data":"Poisoned Stab","floor":11,"key":"SMITH"},{"floor":15,"key":"REST"}],"neow_cost":"TEN_PERCENT_HP_LOSS","seed_source_timestamp":0,"circlet_count":0,"master_deck":["AscendersBane","Defend_G","Defend_G","Defend_G","Defend_G","Defend_G","Strike_G","Strike_G","Strike_G","Strike_G","Strike_G","Survivor","Neutralize","Poisoned Stab+1","Deadly Poison+1","Deadly Poison","Footwork","A Thousand Cuts","Footwork"],"special_seed":0,"relics":["Ring of the Snake","The Specimen","Gremlin Horn","Matryoshka","Mummified Hand","Sozu","Meat on the Bone"],"potions_floor_usage":[6,16],"damage_taken":[{"damage":3,"enemies":"Cultist","floor":1,"turns":4},{"damage":0,"enemies":"2 Louse","floor":2,"turns":3},{"damage":1,"enemies":"Small Slimes","floor":3,"turns":3},{"damage":21,"enemies":"3 Sentries","floor":6,"turns":10},{"damage":0,"enemies":"Exordium Wildlife","floor":7,"turns":3},{"damage":6,"enemies":"Large Slime","floor":10,"turns":6},{"damage":2,"enemies":"Blue Slaver","floor":12,"turns":3},{"damage":14,"enemies":"Lagavulin","floor":13,"turns":5},{"damage":33,"enemies":"Slime Boss","floor":16,"turns":14},{"damage":16,"enemies":"Shell Parasite","floor":18,"turns":5},{"damage":14,"enemies":"3 Byrds","floor":19,"turns":4},{"damage":24,"enemies":"Snake Plant","floor":21,"turns":3}],"seed_played":"6145311996121850949","potions_obtained":[{"floor":1,"key":"GhostInAJar"},{"floor":12,"key":"Dexterity Potion"},{"floor":16,"key":"Poison Potion"}],"is_trial":false,"path_per_floor":["M","M","M","?","?","E","M","R","T","M","R","M","E","$","R","B",null,"M","M","?","M"],"character_chosen":"THE_SILENT","items_purchased":["Mummified Hand"],"campfire_rested":1,"item_purchase_floors":[14],"current_hp_per_floor":[60,60,59,64,64,43,43,43,43,37,37,35,21,21,41,8,53,37,23,23,0],"gold":127,"neow_bonus":"ONE_RARE_RELIC","is_prod":false,"is_daily":false,"chose_seed":false,"campfire_upgraded":1,"win_rate":0,"timestamp":1544718829,"path_taken":["M","M","M","?","?","E","M","R","T","M","R","M","E","$","R","BOSS","M","M","?","M"],"build_version":"2018-12-06","purchased_purges":0,"victory":false,"max_hp_per_floor":[63,63,63,68,68,68,68,68,68,68,68,68,68,68,68,68,68,68,68,68,68],"card_choices":[{"not_picked":["Choke","Blade Dance"],"picked":"Poisoned Stab","floor":1},{"not_picked":["Outmaneuver","Caltrops","Infinite Blades"],"picked":"SKIP","floor":2},{"not_picked":["PiercingWail","Dagger Throw"],"picked":"Deadly Poison","floor":3},{"not_picked":["Blade Dance","Masterful Stab","Dagger Throw"],"picked":"SKIP","floor":6},{"not_picked":["Unload","Dodge and Roll"],"picked":"Deadly Poison","floor":7},{"not_picked":["Dagger Spray","Deflect"],"picked":"Footwork","floor":10},{"not_picked":["Terror","Leg Sweep","Escape Plan"],"picked":"SKIP","floor":12},{"not_picked":["Night Terror","Leg Sweep","Slice"],"picked":"SKIP","floor":13},{"not_picked":["Glass Knife","Night Terror"],"picked":"A Thousand Cuts","floor":16},{"not_picked":["Poisoned Stab","Dagger Spray"],"picked":"Footwork","floor":18},{"not_picked":["Concentrate","Quick Slash","Deadly Poison"],"picked":"SKIP","floor":19}],"player_experience":865441,"relics_obtained":[{"floor":6,"key":"Gremlin Horn"},{"floor":13,"key":"Matryoshka"}],"event_choices":[{"damage_healed":0,"gold_gain":0,"player_choice":"Donut","damage_taken":0,"max_hp_gain":5,"max_hp_loss":0,"event_name":"Big Fish","floor":4,"gold_loss":0},{"damage_healed":0,"gold_gain":0,"player_choice":"Grow","damage_taken":0,"max_hp_gain":0,"max_hp_loss":0,"event_name":"Living Wall","floor":5,"gold_loss":0,"cards_upgraded":["Deadly Poison"]},{"damage_healed":0,"gold_gain":0,"player_choice":"Opened","damage_taken":0,"relics_obtained":["Meat on the Bone"],"max_hp_gain":0,"max_hp_loss":0,"event_name":"The Mausoleum","floor":20,"gold_loss":0}],"is_beta":false,"boss_relics":[{"not_picked":["Black Star","Tiny House"],"picked":"Sozu"}],"items_purged_floors":[],"is_endless":false,"potions_floor_spawned":[1,12,16],"killed_by":"Snake Plant","ascension_level":13}