{"gold_per_floor":[362,191,191,366,294,294,310,323,323,323,334,349,372,390,390,494,494,513,304,304,304,318,318,334,346,346,161,171,189,207,207],"floor_reached":31,"playtime":3972,"items_purged":[],"score":256,"play_id":"8f22dd8a-ae7c-4bfb-98a4-bbe8d0d6f194","local_time":"20190911071458","is_ascension_mode":false,"campfire_choices":[{"data":"Hello World","floor":6,"key":"SMITH"},{"data":"Hologram","floor":10,"key":"SMITH"},{"floor":15,"key":"REST"},{"data":"Defragment","floor":23,"key":"SMITH"}],"neow_cost":"PERCENT_DAMAGE","seed_source_timestamp":59860678841842,"circlet_count":0,"master_deck":["Strike_B","Strike_B","Strike_B","Strike_B","Defend_B","Defend_B","Defend_B","Defend_B","Zap","Dualcast","Leap","Gash","Stack","Hello World+1","Doubt","Capacitor","Hologram+1","Turbo","Coolheaded","Loop","Rebound","FTL","Machine Learning","Stack","Defragment+1","Stack","Sunder","Coolheaded","Decay","Cold Snap","All For One","Rainbow","Cold Snap","Redo","Blizzard","Defragment","Redo","Leap"],"relics":["Cracked Core","Centennial Puzzle","White Beast Statue","Nloth\u0027s Gift","Symbiotic Virus"],"potions_floor_usage":[24,25,28,30],"damage_taken":[{"damage":1,"enemies":"Cultist","floor":1,"turns":3},{"damage":12,"enemies":"Jaw Worm","floor":7,"turns":4},{"damage":1,"enemies":"2 Louse","floor":8,"turns":4},{"damage":2,"enemies":"Blue Slaver","floor":11,"turns":4},{"damage":1,"enemies":"3 Louse","floor":12,"turns":4},{"damage":19,"enemies":"The Mushroom Lair","floor":13,"turns":6},{"damage":11,"enemies":"2 Fungi Beasts","floor":14,"turns":5},{"damage":25,"enemies":"Hexaghost","floor":16,"turns":13},{"damage":9,"enemies":"Spheric Guardian","floor":18,"turns":6},{"damage":3,"enemies":"Shell Parasite","floor":22,"turns":9},{"damage":20,"enemies":"Centurion and Healer","floor":24,"turns":20},{"damage":27,"enemies":"Shelled Parasite and Fungi","floor":25,"turns":10},{"damage":5,"enemies":"Sentry and Sphere","floor":28,"turns":6},{"damage":1,"enemies":"Snecko","floor":29,"turns":4},{"damage":9,"enemies":"Chosen and Byrds","floor":30,"turns":7},{"damage":18,"enemies":"Colosseum Slavers","floor":31,"turns":1}],"seed_played":"8218682079644585806","potions_obtained":[{"floor":7,"key":"FairyPotion"},{"floor":12,"key":"Regen Potion"},{"floor":18,"key":"SkillPotion"},{"floor":22,"key":"Weak Potion"},{"floor":24,"key":"SteroidPotion"},{"floor":25,"key":"Poison Potion"},{"floor":28,"key":"GamblersBrew"},{"floor":30,"key":"Ancient Potion"}],"is_trial":false,"path_per_floor":["M","$","?","?","$","R","M","M","T","R","M","M","?","M","R","B",null,"M","$","?","?","M","R","M","M","T","$","M","M","M","?"],"character_chosen":"DEFECT","items_purchased":["Gash","Stack","Hello World","Capacitor","Defragment","Stack","Sunder","Coolheaded","Weak Potion","Cold Snap","Redo","Blizzard"],"campfire_rested":1,"item_purchase_floors":[2,2,2,5,19,19,19,19,27,27,27,27],"current_hp_per_floor":[53,53,75,75,75,75,63,62,62,62,60,59,40,29,51,26,75,66,66,66,66,63,63,43,16,16,16,11,10,1,0],"gold":207,"neow_bonus":"TWO_FIFTY_GOLD","is_prod":false,"is_daily":false,"chose_seed":false,"campfire_upgraded":3,"win_rate":0,"timestamp":1568196898,"path_taken":["M","?","?","?","?","R","M","?","T","R","M","M","?","M","R","BOSS","M","$","?","?","M","R","?","M","T","$","M","M","M","?"],"build_version":"2019-07-17","purchased_purges":0,"victory":false,"max_hp_per_floor":[75,75,75,75,75,75,75,75,75,75,75,75,75,75,75,75,75,75,75,75,75,75,75,75,75,75,75,75,75,75,75],"card_choices":[{"not_picked":["Compile Driver","Blizzard"],"picked":"Leap","floor":1},{"not_picked":["Rebound","Barrage"],"picked":"Hologram","floor":7},{"not_picked":["Streamline","Ball Lightning"],"picked":"Turbo","floor":8},{"not_picked":["Turbo","Beam Cell"],"picked":"Coolheaded","floor":11},{"not_picked":["Ball Lightning","Reboot"],"picked":"Loop","floor":12},{"not_picked":["Turbo","Ball Lightning"],"picked":"Rebound","floor":13},{"not_picked":["Barrage","Rebound"],"picked":"FTL","floor":14},{"not_picked":["Meteor Strike","Reboot"],"picked":"Machine Learning","floor":16},{"not_picked":["Barrage","Self Repair+1"],"picked":"Stack","floor":18},{"not_picked":["Beam Cell","Heatsinks"],"picked":"Cold Snap","floor":22},{"not_picked":["BootSequence+1","Leap"],"picked":"All For One","floor":24},{"not_picked":["Coolheaded","Thunder Strike"],"picked":"Rainbow","floor":25},{"not_picked":["Melter","Ball Lightning"],"picked":"Defragment","floor":28},{"not_picked":["Steam","Ball Lightning"],"picked":"Redo","floor":29},{"not_picked":["Auto Shields","Static Discharge"],"picked":"Leap","floor":30}],"player_experience":127282,"relics_obtained":[{"floor":9,"key":"Centennial Puzzle"},{"floor":13,"key":"Odd Mushroom"},{"floor":26,"key":"Symbiotic Virus"}],"event_choices":[{"damage_healed":25,"gold_gain":0,"player_choice":"Banana","damage_taken":0,"max_hp_gain":0,"max_hp_loss":0,"event_name":"Big Fish","floor":3,"gold_loss":0},{"damage_healed":0,"gold_gain":175,"player_choice":"AGREE","damage_taken":0,"max_hp_gain":0,"max_hp_loss":0,"event_name":"Liars Game","floor":4,"gold_loss":0,"cards_obtained":["Doubt"]},{"damage_healed":0,"gold_gain":0,"player_choice":"Fought Mushrooms","damage_taken":0,"max_hp_gain":0,"max_hp_loss":0,"event_name":"Mushrooms","floor":13,"gold_loss":0},{"damage_healed":0,"gold_gain":0,"player_choice":"Smashed Altar","damage_taken":0,"max_hp_gain":0,"max_hp_loss":0,"event_name":"Forgotten Altar","floor":20,"gold_loss":0,"cards_obtained":["Decay"]},{"damage_healed":0,"gold_gain":0,"player_choice":"Traded Relic","damage_taken":0,"relics_obtained":["Nloth\u0027s Gift"],"max_hp_gain":0,"max_hp_loss":0,"event_name":"N\u0027loth","floor":21,"relics_lost":["Odd Mushroom"],"gold_loss":0},{"damage_healed":0,"gold_gain":0,"player_choice":"Fight","damage_taken":0,"max_hp_gain":0,"max_hp_loss":0,"event_name":"Colosseum","floor":31,"gold_loss":0}],"is_beta":false,"boss_relics":[{"not_picked":["Coffee Dripper","Busted Crown"],"picked":"White Beast Statue"}],"items_purged_floors":[],"is_endless":false,"potions_floor_spawned":[7,12,18,22,24,25,28,29,30],"killed_by":"Colosseum Slavers","ascension_level":0}