{"gold_per_floor":[99,99,99,99,64,64,16,16,16,16,0,0,0,0,0,0,0,0,0,0,0,0,0,0,0,0,0,0,0,0,0,0,0,0,0,0,0,0,0,0,0],"floor_reached":41,"playtime":2018,"items_purged":[],"score":721,"play_id":"c50bba22-7585-40e0-8dd6-3e3703b24024","local_time":"20190603095139","is_ascension_mode":true,"campfire_choices":[{"data":"Neutralize","floor":6.0,"key":"SMITH"},{"data":"Sucker Punch","floor":13.0,"key":"SMITH"},{"data":"Quick Slash","floor":15.0,"key":"SMITH"},{"data":"Burst","floor":23.0,"key":"SMITH"},{"data":"Dagger Spray","floor":25.0,"key":"SMITH"},{"data":"Distraction","floor":27.0,"key":"SMITH"},{"data":"Flechettes","floor":29.0,"key":"SMITH"},{"floor":32.0,"key":"REST"},{"floor":40.0,"key":"REST"}],"neow_cost":"NONE","seed_source_timestamp":0,"circlet_count":0,"master_deck":["Defend_G","Defend_G","Defend_G","Defend_G","Defend_G","Strike_G+1","Strike_G","Strike_G","Strike_G+1","Strike_G","Survivor","Neutralize+1","Endless Agony","Quick Slash+1","PiercingWail","Backflip","Corpse Explosion","Sucker Punch+1","Dagger Spray+1","Burst+1","Dagger Throw+1","Deflect+1","Cloak And Dagger+1","Distraction+1","Flechettes+1","Terror","Bullet Time","Backstab+1","Dramatic Entrance","Flechettes","Malaise"],"special_seed":0,"relics":["Ectoplasm","Shuriken","Pear","Question Card","Sozu","Omamori","Anchor","Ice Cream","Lantern","Eternal Feather"],"potions_floor_usage":[],"damage_taken":[{"damage":0.0,"enemies":"2 Louse","floor":1.0,"turns":4.0},{"damage":4.0,"enemies":"Jaw Worm","floor":3.0,"turns":3.0},{"damage":2.0,"enemies":"Small Slimes","floor":4.0,"turns":2.0},{"damage":20.0,"enemies":"Gremlin Nob","floor":8.0,"turns":5.0},{"damage":0.0,"enemies":"2 Fungi Beasts","floor":10.0,"turns":2.0},{"damage":0.0,"enemies":"Looter","floor":11.0,"turns":3.0},{"damage":18.0,"enemies":"The Guardian","floor":16.0,"turns":10.0},{"damage":0.0,"enemies":"3 Byrds","floor":18.0,"turns":3.0},{"damage":0.0,"enemies":"Chosen","floor":20.0,"turns":4.0},{"damage":14.0,"enemies":"Snecko","floor":22.0,"turns":6.0},{"damage":10.0,"enemies":"Slavers","floor":24.0,"turns":5.0},{"damage":0.0,"enemies":"Gremlin Leader","floor":28.0,"turns":4.0},{"damage":10.0,"enemies":"Slavers","floor":31.0,"turns":3.0},{"damage":64.0,"enemies":"Collector","floor":33.0,"turns":9.0},{"damage":13.0,"enemies":"3 Shapes","floor":35.0,"turns":2.0},{"damage":8.0,"enemies":"3 Darklings","floor":37.0,"turns":3.0},{"damage":25.0,"enemies":"Maw","floor":38.0,"turns":6.0},{"damage":66,"enemies":"Giant Head","floor":41,"turns":8}],"seed_played":"-349662915974111717","potions_obtained":[{"floor":3.0,"key":"GamblersBrew"},{"floor":8.0,"key":"GhostInAJar"},{"floor":10.0,"key":"SteroidPotion"},{"floor":11.0,"key":"Poison Potion"}],"is_trial":false,"path_per_floor":["M","?","M","M","?","R","$","E","T","M","M","?","R","T","R","B",null,"M","$","M","$","M","R","E","R","T","R","E","R","$","E","R","B",null,"M","?","M","M","$","R","E"],"character_chosen":"THE_SILENT","items_purchased":["Backflip"],"campfire_rested":2,"item_purchase_floors":[7],"current_hp_per_floor":[63,49,45,43,60,60,60,40,50,50,50,76,76,76,76,58,75,75,75,75,75,61,61,51,51,51,51,51,51,51,41,65,1,60,47,47,39,14,14,56,0],"gold":0,"neow_bonus":"BOSS_RELIC","is_prod":false,"is_daily":false,"chose_seed":false,"campfire_upgraded":7,"win_rate":0,"timestamp":1559519499,"path_taken":["M","?","M","M","?","R","?","E","T","M","M","?","R","?","R","BOSS","M","$","M","?","M","R","E","R","T","R","E","R","$","E","R","BOSS","M","?","M","M","$","R","E"],"build_version":"2019-01-23","purchased_purges":0,"victory":false,"max_hp_per_floor":[70,70,70,70,70,70,70,70,80,80,80,80,80,80,80,80,80,80,80,80,80,80,80,80,80,80,80,80,80,80,80,80,80,80,80,80,80,80,80,80,80],"card_choices":[{"not_picked":["Dodge and Roll","Outmaneuver"],"picked":"Endless Agony","floor":1.0},{"not_picked":["Dagger Spray","Underhanded Strike"],"picked":"Quick Slash","floor":3.0},{"not_picked":["Blade Dance","Crippling Poison"],"picked":"PiercingWail","floor":4.0},{"not_picked":["Finisher","Underhanded Strike"],"picked":"Corpse Explosion","floor":8.0},{"not_picked":["Deflect","Dodge and Roll"],"picked":"Sucker Punch","floor":10.0},{"not_picked":["Prepared","Bane"],"picked":"Dagger Spray","floor":11.0},{"not_picked":["A Thousand Cuts","After Image","Night Terror"],"picked":"Burst","floor":16.0},{"not_picked":["Dagger Spray","Masterful Stab","Expertise"],"picked":"Dagger Throw+1","floor":18.0},{"not_picked":["Dagger Spray","Choke","Underhanded Strike+1"],"picked":"Deflect+1","floor":20.0},{"not_picked":["PiercingWail","Underhanded Strike+1","Venomology"],"picked":"Cloak And Dagger+1","floor":22.0},{"not_picked":["Riddle With Holes","Sucker Punch","Escape Plan+1"],"picked":"Distraction","floor":24.0},{"not_picked":["Flying Knee+1","Underhanded Strike","Infinite Blades"],"picked":"Flechettes","floor":28.0},{"not_picked":["Dagger Spray","Poisoned Stab","Bouncing Flask"],"picked":"Terror","floor":31.0},{"not_picked":["Malaise","Venomology","Corpse Explosion"],"picked":"Bullet Time","floor":33.0},{"not_picked":["Setup","Acrobatics","Blade Dance+1"],"picked":"Backstab+1","floor":35.0},{"not_picked":["Forethought","PanicButton","Sadistic Nature"],"picked":"Dramatic Entrance","floor":36.0},{"not_picked":["Poisoned Stab","Slice","Outmaneuver+1"],"picked":"Flechettes","floor":37.0},{"not_picked":["Eviscerate+1","Underhanded Strike","Bane"],"picked":"Malaise","floor":38.0}],"player_experience":805095,"relics_obtained":[{"floor":8.0,"key":"Shuriken"},{"floor":9.0,"key":"Pear"},{"floor":14.0,"key":"Question Card"},{"floor":24.0,"key":"Omamori"},{"floor":26.0,"key":"Anchor"},{"floor":28.0,"key":"Ice Cream"},{"floor":31.0,"key":"Lantern"}],"event_choices":[{"damage_healed":0.0,"max_hp_gain":0.0,"max_hp_loss":0.0,"gold_gain":0.0,"event_name":"Shining Light","player_choice":"Entered Light","floor":2.0,"gold_loss":0.0,"damage_taken":14.0,"cards_upgraded":["Strike_G","Strike_G"]},{"damage_healed":17.0,"max_hp_gain":0.0,"max_hp_loss":0.0,"gold_gain":0.0,"event_name":"The Cleric","player_choice":"Healed","floor":5.0,"gold_loss":35.0,"damage_taken":0.0},{"damage_healed":26.0,"max_hp_gain":0.0,"max_hp_loss":0.0,"gold_gain":0.0,"event_name":"Big Fish","player_choice":"Banana","floor":12.0,"gold_loss":0.0,"damage_taken":0.0},{"damage_healed":0.0,"max_hp_gain":0.0,"max_hp_loss":0.0,"gold_gain":0.0,"event_name":"SensoryStone","player_choice":"Memory 1","floor":36.0,"gold_loss":0.0,"damage_taken":0.0}],"is_beta":false,"boss_relics":[{"not_picked":["Astrolabe","Fusion Hammer"],"picked":"Sozu"},{"not_picked":["Lizard Tail","Calling Bell"],"picked":"Eternal Feather"}],"items_purged_floors":[],"is_endless":false,"potions_floor_spawned":[3,8,10,11,20,31,33,37,38],"killed_by":"Giant Head","ascension_level":9}