{"gold_per_floor":[119,131,131,131,149,149,159,190,190,190,205,205,220,235,235,309,309,328,243,243,21,31,31,31],"floor_reached":24,"playtime":1340,"items_purged":[],"score":484,"play_id":"b37f28d8-cca3-455f-9fe3-f7797644479d","local_time":"20190728175150","is_ascension_mode":true,"campfire_choices":[{"data":"Dualcast","floor":6,"key":"SMITH"},{"floor":10,"key":"REST"},{"floor":12,"key":"REST"},{"floor":15,"key":"DIG"},{"floor":23,"key":"DIG"}],"neow_cost":"NONE","seed_source_timestamp":94372693339231,"circlet_count":0,"master_deck":["AscendersBane","Strike_B","Strike_B","Strike_B","Strike_B","Defend_B","Defend_B","Defend_B","Defend_B","Zap+1","Dualcast+1","Rebound","Defragment+1","Cold Snap","Go for the Eyes","Chill","Undo","Buffer","Stack","Echo Form","Hologram"],"relics":["Cracked Core","Dead Branch","Gambling Chip","Shovel","Symbiotic Virus","Runic Pyramid","Potion Belt","OrangePellets","Pear"],"potions_floor_usage":[8,16,16,24],"damage_taken":[{"damage":2,"enemies":"Jaw Worm","floor":1,"turns":2},{"damage":8,"enemies":"Small Slimes","floor":2,"turns":3},{"damage":1,"enemies":"2 Louse","floor":5,"turns":3},{"damage":20,"enemies":"Exordium Wildlife","floor":7,"turns":5},{"damage":26,"enemies":"3 Sentries","floor":8,"turns":6},{"damage":21,"enemies":"Exordium Thugs","floor":11,"turns":5},{"damage":14,"enemies":"3 Louse","floor":13,"turns":2},{"damage":1,"enemies":"Blue Slaver","floor":14,"turns":4},{"damage":0,"enemies":"Hexaghost","floor":16,"turns":9},{"damage":0,"enemies":"Chosen","floor":18,"turns":4},{"damage":15,"enemies":"2 Thieves","floor":22,"turns":5},{"damage":64,"enemies":"Gremlin Leader","floor":24,"turns":11}],"seed_played":"4121479402023812345","potions_obtained":[{"floor":5,"key":"PowerPotion"},{"floor":11,"key":"Strength Potion"},{"floor":13,"key":"Poison Potion"},{"floor":22,"key":"Poison Potion"}],"is_trial":false,"path_per_floor":["M","M","?","?","M","R","M","E","T","R","M","R","M","M","R","B",null,"M","?","?","$","M","R","E"],"character_chosen":"DEFECT","items_purchased":["OrangePellets"],"campfire_rested":2,"item_purchase_floors":[21],"current_hp_per_floor":[62,54,54,49,48,48,28,2,2,23,2,23,9,8,8,8,55,55,55,55,55,40,50,0],"gold":31,"neow_bonus":"UPGRADE_CARD","is_prod":false,"is_daily":false,"chose_seed":false,"campfire_upgraded":1,"win_rate":0,"timestamp":1564350710,"path_taken":["M","M","?","?","M","R","M","E","T","R","M","R","M","?","R","BOSS","M","?","?","?","M","R","E"],"build_version":"2019-07-17","purchased_purges":0,"victory":false,"max_hp_per_floor":[71,71,71,71,71,71,71,71,71,71,71,71,71,71,71,71,71,71,71,71,71,71,81,81],"card_choices":[{"not_picked":["Go for the Eyes","Conserve Battery"],"picked":"Rebound","floor":1},{"not_picked":["Coolheaded","Barrage"],"picked":"Defragment","floor":2},{"not_picked":["Streamline","Ball Lightning"],"picked":"Cold Snap","floor":5},{"not_picked":["Reprogram","Gash"],"picked":"Go for the Eyes","floor":7},{"not_picked":["Loop","Streamline"],"picked":"Chill","floor":8},{"not_picked":["Self Repair","Steam"],"picked":"Undo","floor":11},{"not_picked":["Ball Lightning","Go for the Eyes"],"picked":"Buffer","floor":13},{"not_picked":["Gash","Rip and Tear"],"picked":"Stack","floor":14},{"not_picked":["Amplify","Thunder Strike"],"picked":"Echo Form","floor":16},{"not_picked":["Streamline","Conserve Battery","Auto Shields"],"picked":"SKIP","floor":18},{"not_picked":["Coolheaded","Rebound","Blizzard"],"picked":"SKIP","floor":22}],"player_experience":1641028,"relics_obtained":[{"floor":8,"key":"Gambling Chip"},{"floor":9,"key":"Shovel"},{"floor":15,"key":"Symbiotic Virus"},{"floor":23,"key":"Pear"}],"event_choices":[{"damage_healed":0,"gold_gain":0,"player_choice":"Grow","damage_taken":0,"max_hp_gain":0,"max_hp_loss":0,"event_name":"Living Wall","floor":3,"gold_loss":0,"cards_upgraded":["Defragment"]},{"damage_healed":0,"gold_gain":0,"player_choice":"Success","damage_taken":5,"relics_obtained":["Dead Branch"],"max_hp_gain":0,"max_hp_loss":0,"event_name":"Scrap Ooze","floor":4,"gold_loss":0},{"damage_healed":0,"gold_gain":0,"player_choice":"Obtained Relic","damage_taken":0,"relics_obtained":["Potion Belt"],"max_hp_gain":0,"max_hp_loss":0,"event_name":"Addict","floor":19,"gold_loss":85},{"damage_healed":0,"gold_gain":0,"player_choice":"Read","damage_taken":0,"max_hp_gain":0,"max_hp_loss":0,"event_name":"The Library","floor":20,"gold_loss":0,"cards_obtained":["Hologram"]}],"is_beta":false,"boss_relics":[{"not_picked":["Velvet Choker","Calling Bell"],"picked":"Runic Pyramid"}],"items_purged_floors":[],"is_endless":false,"potions_floor_spawned":[5,11,13,22],"killed_by":"Gremlin Leader","ascension_level":19}