{"gold_per_floor":[111,129,140,140,151,161,192,192,192,211,211,237,250,250,250,355,355,366,378,3,0,13,13,31,31,31,31,31,31,51,66,66,164,164,178,192,211,52,67,67,79,79,158,169,169,269,269,296,296,296,296,296,65,90,90],"floor_reached":55,"playtime":4358,"items_purged":["Meteor Strike+1","Defend_B"],"score":821,"play_id":"6198374d-3d4d-46e2-9a6c-975e958b7c41","local_time":"20190720000901","is_ascension_mode":true,"campfire_choices":[{"data":"Defragment","floor":8.0,"key":"SMITH"},{"data":"Loop","floor":11.0,"key":"SMITH"},{"data":"Hologram","floor":15.0,"key":"SMITH"},{"floor":23.0,"key":"REST"},{"data":"Dualcast","floor":25.0,"key":"SMITH"},{"data":"Coolheaded","floor":27.0,"key":"SMITH"},{"floor":32.0,"key":"REST"},{"data":"Biased Cognition","floor":40.0,"key":"SMITH"},{"floor":42.0,"key":"RECALL"},{"floor":45.0,"key":"REST"},{"floor":49.0,"key":"REST"},{"data":"Seek","floor":52.0,"key":"SMITH"}],"neow_cost":"NONE","seed_source_timestamp":645111323931324,"circlet_count":0,"master_deck":["Strike_B+1","Strike_B+1","Defend_B","Defend_B","Zap+1","Dualcast+1","Barrage+1","Chill","Core Surge","Genetic Algorithm","Defragment+1","Loop+1","Coolheaded+1","Hologram+1","White Noise+1","Double Energy+1","Conserve Battery+1","Seek","Skim+1","Biased Cognition+1","Reboot","Seek+1","Defragment","Cold Snap"],"special_seed":0,"relics":["Cracked Core","Whetstone","Darkstone Periapt","Boot","Astrolabe","FossilizedHelix","Juzu Bracelet","Inserter","Letter Opener","Mango","StoneCalendar","Pocketwatch"],"potions_floor_usage":[55,55],"damage_taken":[{"damage":0.0,"enemies":"2 Louse","floor":1.0,"turns":1.0},{"damage":1.0,"enemies":"Cultist","floor":2.0,"turns":3.0},{"damage":2.0,"enemies":"Jaw Worm","floor":3.0,"turns":3.0},{"damage":0.0,"enemies":"Lots of Slimes","floor":5.0,"turns":3.0},{"damage":12.0,"enemies":"Exordium Wildlife","floor":6.0,"turns":4.0},{"damage":3.0,"enemies":"3 Sentries","floor":7.0,"turns":8.0},{"damage":0.0,"enemies":"2 Fungi Beasts","floor":10.0,"turns":2.0},{"damage":13.0,"enemies":"Lagavulin","floor":12.0,"turns":6.0},{"damage":0.0,"enemies":"3 Louse","floor":13.0,"turns":2.0},{"damage":16.0,"enemies":"The Guardian","floor":16.0,"turns":9.0},{"damage":10.0,"enemies":"Spheric Guardian","floor":18.0,"turns":4.0},{"damage":20.0,"enemies":"2 Thieves","floor":19.0,"turns":3.0},{"damage":28.0,"enemies":"Snake Plant","floor":22.0,"turns":4.0},{"damage":0.0,"enemies":"Snecko","floor":24.0,"turns":6.0},{"damage":0.0,"enemies":"Cultist and Chosen","floor":30.0,"turns":4.0},{"damage":0.0,"enemies":"Shelled Parasite and Fungi","floor":31.0,"turns":6.0},{"damage":12.0,"enemies":"Champ","floor":33.0,"turns":10.0},{"damage":32.0,"enemies":"3 Shapes","floor":35.0,"turns":4.0},{"damage":0.0,"enemies":"Orb Walker","floor":36.0,"turns":4.0},{"damage":0.0,"enemies":"4 Shapes","floor":37.0,"turns":12.0},{"damage":0.0,"enemies":"Transient","floor":39.0,"turns":5.0},{"damage":0.0,"enemies":"Jaw Worm Horde","floor":41.0,"turns":6.0},{"damage":8.0,"enemies":"3 Darklings","floor":44.0,"turns":6.0},{"damage":0.0,"enemies":"Mind Bloom Boss Battle","floor":46.0,"turns":6.0},{"damage":39.0,"enemies":"Reptomancer","floor":48.0,"turns":6.0},{"damage":17.0,"enemies":"Awakened One","floor":50.0,"turns":12.0},{"damage":41.0,"enemies":"Shield and Spear","floor":54.0,"turns":7.0},{"damage":107,"enemies":"The Heart","floor":55,"turns":6}],"seed_played":"2548017750238272902","potions_obtained":[{"floor":1.0,"key":"FairyPotion"},{"floor":2.0,"key":"PowerPotion"},{"floor":3.0,"key":"Strength Potion"},{"floor":12.0,"key":"AttackPotion"},{"floor":13.0,"key":"Weak Potion"},{"floor":24.0,"key":"SteroidPotion"},{"floor":35.0,"key":"GamblersBrew"},{"floor":44.0,"key":"GamblersBrew"},{"floor":48.0,"key":"FocusPotion"},{"floor":54.0,"key":"Dexterity Potion"}],"is_trial":false,"path_per_floor":["M","M","M","?","M","M","E","R","T","M","R","E","M","?","R","B",null,"M","M","$","?","M","R","M","R","T","R","$","?","M","M","R","B",null,"M","M","M","$","M","R","M","R","T","M","R","?","?","E","R","B",null,"R","$","E","B"],"character_chosen":"DEFECT","items_purchased":["FossilizedHelix","Biased Cognition","Defragment","Cold Snap"],"campfire_rested":4,"item_purchase_floors":[20,38,53,53],"current_hp_per_floor":[75,74,72,72,72,60,57,57,57,57,57,44,44,49,49,33,80,70,50,50,50,22,46,46,46,46,46,46,46,46,46,70,58,80,48,48,48,48,48,48,48,48,48,40,64,78,78,39,67,50,94,94,94,53,0],"gold":90,"neow_bonus":"RANDOM_COMMON_RELIC","is_prod":false,"is_daily":false,"chose_seed":false,"campfire_upgraded":7,"win_rate":0,"timestamp":1563574141,"path_taken":["M","M","M","?","M","?","E","R","T","M","R","E","M","?","R","BOSS","M","M","$","?","M","R","M","R","T","R","$","?","M","M","R","BOSS","M","M","M","$","M","R","M","R","T","M","R","?","?","E","R","BOSS","R","$","E","BOSS"],"build_version":"2019-07-17","purchased_purges":2,"victory":false,"max_hp_per_floor":[75,75,75,75,75,75,75,75,75,75,75,75,75,80,80,80,80,80,80,80,80,80,80,80,80,80,80,80,80,80,80,80,80,80,80,80,80,80,80,80,80,80,80,80,80,94,94,94,94,94,94,94,94,94,94],"card_choices":[{"not_picked":["Aggregate","Melter"],"picked":"Barrage","floor":1.0},{"not_picked":["Go for the Eyes","Cold Snap"],"picked":"Chill","floor":2.0},{"not_picked":["Coolheaded","Streamline"],"picked":"Core Surge","floor":3.0},{"not_picked":["Consume","Leap"],"picked":"Genetic Algorithm","floor":5.0},{"not_picked":["Undo","Skim"],"picked":"Defragment","floor":6.0},{"not_picked":["Coolheaded","Leap"],"picked":"Loop","floor":7.0},{"not_picked":["Self Repair","BootSequence"],"picked":"Coolheaded","floor":10.0},{"not_picked":["Reprogram","Rebound","Cold Snap"],"picked":"SKIP","floor":12.0},{"not_picked":["Rip and Tear","Double Energy"],"picked":"Hologram","floor":13.0},{"not_picked":["Lockon","Fusion","Go for the Eyes+1"],"picked":"SKIP","floor":18.0},{"not_picked":["Sweeping Beam","Auto Shields+1","Conserve Battery"],"picked":"SKIP","floor":19.0},{"not_picked":["Undo+1","Beam Cell","Steam+1"],"picked":"SKIP","floor":22.0},{"not_picked":["Consume","Steam"],"picked":"Conserve Battery+1","floor":24.0},{"not_picked":["Rebound+1","Force Field","Streamline"],"picked":"SKIP","floor":30.0},{"not_picked":["Coolheaded","FTL","Barrage"],"picked":"SKIP","floor":31.0},{"not_picked":["Electrodynamics","Buffer"],"picked":"Seek","floor":33.0},{"not_picked":["Cold Snap","Blizzard","Tempest+1"],"picked":"SKIP","floor":35.0},{"not_picked":["Rebound+1","Reprogram+1","Ball Lightning+1"],"picked":"SKIP","floor":36.0},{"not_picked":["Scrape","Compile Driver+1"],"picked":"Skim+1","floor":37.0},{"not_picked":["Undo","Self Repair","Beam Cell+1"],"picked":"SKIP","floor":39.0},{"not_picked":["Go for the Eyes+1","Doom and Gloom+1","Streamline"],"picked":"SKIP","floor":41.0},{"not_picked":["Gash","Barrage"],"picked":"Reboot","floor":44.0},{"not_picked":["Beam Cell","White Noise+1"],"picked":"Seek","floor":48.0},{"not_picked":["Storm","Hello World","Rip and Tear"],"picked":"SKIP","floor":54.0}],"player_experience":59345,"relics_obtained":[{"floor":7.0,"key":"Darkstone Periapt"},{"floor":12.0,"key":"Boot"},{"floor":26.0,"key":"Juzu Bracelet"},{"floor":43.0,"key":"Letter Opener"},{"floor":46.0,"key":"Mango"},{"floor":48.0,"key":"StoneCalendar"},{"floor":54.0,"key":"Pocketwatch"}],"event_choices":[{"damage_healed":0.0,"max_hp_gain":0.0,"max_hp_loss":0.0,"gold_gain":0.0,"event_name":"Upgrade Shrine","player_choice":"Upgraded","floor":4.0,"gold_loss":0.0,"damage_taken":0.0,"cards_upgraded":["Zap"]},{"damage_healed":0.0,"max_hp_gain":5.0,"max_hp_loss":0.0,"gold_gain":0.0,"event_name":"Big Fish","player_choice":"Donut","floor":14.0,"gold_loss":0.0,"damage_taken":0.0},{"damage_healed":0.0,"max_hp_gain":0.0,"max_hp_loss":0.0,"gold_gain":0.0,"event_name":"Masked Bandits","player_choice":"Paid Fearfully","floor":21.0,"gold_loss":3.0,"damage_taken":0.0},{"damage_healed":0.0,"max_hp_gain":0.0,"max_hp_loss":0.0,"gold_gain":0.0,"event_name":"Accursed Blacksmith","player_choice":"Forge","floor":29.0,"gold_loss":0.0,"damage_taken":0.0,"cards_upgraded":["Barrage"]},{"damage_healed":0.0,"max_hp_gain":0.0,"max_hp_loss":0.0,"gold_gain":0.0,"event_name":"MindBloom","player_choice":"Fight","floor":46.0,"gold_loss":0.0,"damage_taken":0.0},{"damage_healed":0.0,"max_hp_gain":0.0,"max_hp_loss":0.0,"gold_gain":0.0,"event_name":"SensoryStone","player_choice":"Memory 1","floor":47.0,"gold_loss":0.0,"damage_taken":0.0}],"is_beta":false,"boss_relics":[{"not_picked":["Ectoplasm","Busted Crown"],"picked":"Astrolabe"},{"not_picked":["Velvet Choker","Calling Bell"],"picked":"Inserter"}],"items_purged_floors":[20,53],"is_endless":false,"potions_floor_spawned":[1,2,3,12,13,24,31,35,36,44,48,54],"killed_by":"The Heart","ascension_level":4}