{"gold_per_floor":[215,29,41,216,291,291,324,22,22,22,22,42,56,71,71,169,169,184,199,199,199],"floor_reached":21,"playtime":988,"items_purged":["Doubt"],"score":215,"play_id":"c2740ee2-d1cc-4bcd-a49f-56b7a4e3f178","local_time":"20190219111714","is_ascension_mode":true,"campfire_choices":[{"data":"Apotheosis","floor":6,"key":"SMITH"},{"floor":15,"key":"REST"}],"neow_cost":"NONE","seed_source_timestamp":571564633614600,"circlet_count":0,"master_deck":["Strike_B","Strike_B","Strike_B","Strike_B","Defend_B","Defend_B","Defend_B","Defend_B","Zap","Dualcast","Melter","Apotheosis+1","Echo Form","FTL+1","Forethought","Creative AI","Barrage+1","Double Energy+1"],"relics":["Cracked Core","Molten Egg 2","PreservedInsect","The Courier","Pantograph","Inserter"],"potions_floor_usage":[14,21],"damage_taken":[{"damage":4,"enemies":"2 Louse","floor":1,"turns":2},{"damage":4,"enemies":"Small Slimes","floor":3,"turns":3},{"damage":44,"enemies":"Gremlin Nob","floor":7,"turns":5},{"damage":1,"enemies":"Cultist","floor":12,"turns":3},{"damage":0,"enemies":"2 Fungi Beasts","floor":13,"turns":2},{"damage":8,"enemies":"Large Slime","floor":14,"turns":4},{"damage":15,"enemies":"The Guardian","floor":16,"turns":12},{"damage":0,"enemies":"Spheric Guardian","floor":18,"turns":1},{"damage":49,"enemies":"Shell Parasite","floor":19,"turns":8},{"damage":30,"enemies":"Snake Plant","floor":21,"turns":3}],"seed_played":"3055268768346456387","potions_obtained":[{"floor":1,"key":"SteroidPotion"},{"floor":7,"key":"EssenceOfSteel"},{"floor":12,"key":"GamblersBrew"},{"floor":13,"key":"Explosive Potion"}],"is_trial":false,"path_per_floor":["M","$","M","?","?","R","E","$","T","?","?","M","M","M","R","B",null,"M","M","?","M"],"character_chosen":"DEFECT","items_purchased":["Apotheosis","PreservedInsect","Forethought"],"campfire_rested":1,"item_purchase_floors":[2,8,8],"current_hp_per_floor":[71,71,67,67,56,56,12,12,12,12,12,11,11,3,25,35,75,75,26,26,0],"gold":199,"neow_bonus":"HUNDRED_GOLD","is_prod":false,"is_daily":false,"chose_seed":false,"campfire_upgraded":1,"win_rate":0,"timestamp":1550603834,"path_taken":["M","$","M","?","?","R","E","$","T","?","?","M","M","M","R","BOSS","M","?","?","M"],"build_version":"2019-01-23","purchased_purges":1,"victory":false,"max_hp_per_floor":[75,75,75,75,75,75,75,75,75,75,75,75,75,75,75,75,75,75,75,75,75],"card_choices":[{"not_picked":["Turbo","Rebound"],"picked":"Melter","floor":1},{"not_picked":["Rebound","Gash"],"picked":"Echo Form","floor":3},{"not_picked":["Reprogram","Rainbow"],"picked":"FTL","floor":7},{"not_picked":["Steam Power","Static Discharge","Streamline+1"],"picked":"SKIP","floor":12},{"not_picked":["Sweeping Beam+1","Redo","Hologram"],"picked":"SKIP","floor":13},{"not_picked":["Stack","Turbo","Force Field"],"picked":"SKIP","floor":14},{"not_picked":["Fission","Hyperbeam+1"],"picked":"Creative AI","floor":16},{"not_picked":["Streamline+1","Sweeping Beam+1"],"picked":"Barrage+1","floor":18},{"not_picked":["Scrape+1","Hologram"],"picked":"Double Energy+1","floor":19}],"player_experience":134538,"relics_obtained":[{"floor":7,"key":"Molten Egg 2"},{"floor":9,"key":"The Courier"}],"event_choices":[{"damage_healed":0,"gold_gain":175,"player_choice":"AGREE","damage_taken":0,"max_hp_gain":0,"max_hp_loss":0,"event_name":"Liars Game","floor":4,"gold_loss":0,"cards_obtained":["Doubt"]},{"damage_healed":0,"gold_gain":75,"player_choice":"Gather Gold","damage_taken":11,"max_hp_gain":0,"max_hp_loss":0,"event_name":"World of Goop","floor":5,"gold_loss":0},{"damage_healed":0,"gold_gain":0,"player_choice":"Ignored","damage_taken":0,"max_hp_gain":0,"max_hp_loss":0,"event_name":"Shining Light","floor":10,"gold_loss":0},{"damage_healed":0,"gold_gain":0,"player_choice":"Gave Potion","damage_taken":0,"relics_obtained":["Pantograph"],"max_hp_gain":0,"max_hp_loss":0,"event_name":"WeMeetAgain","floor":11,"gold_loss":0},{"damage_healed":0,"gold_gain":0,"player_choice":"Ignored","damage_taken":0,"max_hp_gain":0,"max_hp_loss":0,"event_name":"Vampires","floor":20,"gold_loss":0}],"is_beta":false,"boss_relics":[{"not_picked":["Busted Crown","Lizard Tail"],"picked":"Inserter"}],"items_purged_floors":[8],"is_endless":false,"potions_floor_spawned":[1,7,12,13],"killed_by":"Snake Plant","ascension_level":4}