{"gold_per_floor":[118,131,131,146,161,161,180,180,180,205,219,231,231,246,246,246],"floor_reached":16,"playtime":940,"items_purged":[],"score":212,"play_id":"8f7c6940-ce5d-4011-b3c3-c81715edddd5","local_time":"20181231011601","is_ascension_mode":true,"campfire_choices":[{"data":"Bane","floor":6.0,"key":"SMITH"},{"data":"Deadly Poison","floor":8.0,"key":"SMITH"},{"floor":15,"key":"REST"}],"neow_cost":"PERCENT_DAMAGE","seed_source_timestamp":863455551642138,"circlet_count":0,"master_deck":["AscendersBane","Defend_G","Defend_G","Defend_G","Defend_G","Defend_G","Strike_G","Strike_G","Survivor","Neutralize+1","Slice","Deadly Poison+1","Backflip","Bane+1","After Image","Slice","Noxious Fumes","Blade Dance"],"special_seed":0,"relics":["Ring of the Snake","Paper Crane","Matryoshka"],"potions_floor_usage":[14,16],"damage_taken":[{"damage":2.0,"enemies":"2 Louse","floor":1.0,"turns":6.0},{"damage":1.0,"enemies":"Cultist","floor":2.0,"turns":5.0},{"damage":0.0,"enemies":"Jaw Worm","floor":4.0,"turns":4.0},{"damage":5.0,"enemies":"3 Louse","floor":5.0,"turns":5.0},{"damage":3.0,"enemies":"Looter","floor":7.0,"turns":3.0},{"damage":1.0,"enemies":"Gremlin Nob","floor":10.0,"turns":3.0},{"damage":9,"enemies":"Lots of Slimes","floor":11,"turns":6},{"damage":6,"enemies":"3 Louse","floor":12,"turns":4},{"damage":1,"enemies":"Red Slaver","floor":14,"turns":3},{"damage":40,"enemies":"Slime Boss","floor":16,"turns":6}],"seed_played":"1087773558606075351","potions_obtained":[{"floor":2.0,"key":"Weak Potion"},{"floor":7.0,"key":"GhostInAJar"},{"floor":14,"key":"Fire Potion"}],"is_trial":false,"path_per_floor":["M","M","?","M","M","R","M","R","T","E","M","M","?","M","R","B"],"character_chosen":"THE_SILENT","items_purchased":[],"campfire_rested":1,"item_purchase_floors":[],"current_hp_per_floor":[42,41,41,41,36,36,33,33,33,32,23,17,17,16,35,0],"gold":246,"neow_bonus":"REMOVE_TWO","is_prod":false,"is_daily":false,"chose_seed":false,"campfire_upgraded":2,"win_rate":0,"timestamp":1546236961,"path_taken":["M","M","?","M","M","R","M","R","T","E","M","M","?","M","R","BOSS"],"build_version":"2018-12-20","purchased_purges":0,"victory":false,"max_hp_per_floor":[66,66,66,66,66,66,66,66,66,66,66,66,66,66,66,66],"card_choices":[{"not_picked":["Backflip","Bane"],"picked":"Slice","floor":1.0},{"not_picked":["Dodge and Roll","Backflip"],"picked":"Deadly Poison","floor":2.0},{"not_picked":["Bane","PiercingWail"],"picked":"Backflip","floor":4.0},{"not_picked":["Backflip","Sucker Punch"],"picked":"Bane","floor":5.0},{"not_picked":["Backflip","Outmaneuver"],"picked":"After Image","floor":7.0},{"not_picked":["Concentrate","Bouncing Flask"],"picked":"Slice","floor":10.0},{"not_picked":["Bouncing Flask","Riddle With Holes"],"picked":"Noxious Fumes","floor":11},{"not_picked":["Terror","Burst"],"picked":"Blade Dance","floor":12},{"not_picked":["Acrobatics","Underhanded Strike","Deadly Poison"],"picked":"SKIP","floor":14}],"player_experience":1131524,"relics_obtained":[{"floor":9.0,"key":"Paper Crane"},{"floor":10.0,"key":"Matryoshka"}],"event_choices":[{"damage_healed":0.0,"max_hp_gain":0.0,"max_hp_loss":0.0,"gold_gain":0.0,"event_name":"Living Wall","player_choice":"Grow","floor":3.0,"gold_loss":0.0,"damage_taken":0.0,"cards_upgraded":["Neutralize"]},{"cards_removed":["Strike_G"],"damage_healed":0,"gold_gain":0,"player_choice":"Purged","damage_taken":0,"max_hp_gain":0,"max_hp_loss":0,"event_name":"Purifier","floor":13,"gold_loss":0}],"is_beta":false,"boss_relics":[],"items_purged_floors":[],"is_endless":false,"potions_floor_spawned":[2,7,14],"killed_by":"Slime Boss","ascension_level":20}