{"gold_per_floor":[114,127,202,202,1,21,31,47,126,51,51,72,72,95,95,225,225,249,14,0,19,19,19,19],"floor_reached":24,"playtime":2322,"items_purged":[],"score":213,"play_id":"a7116c07-f166-4183-9286-250f706c94e0","local_time":"20190910012511","is_ascension_mode":false,"campfire_choices":[{"data":"Armaments","floor":13,"key":"SMITH"},{"floor":15,"key":"REST"},{"data":"Brutality","floor":23,"key":"SMITH"}],"neow_cost":"","seed_source_timestamp":1936877984640900,"circlet_count":0,"master_deck":["Strike_R","Strike_R","Strike_R","Strike_R","Defend_R","Defend_R","Defend_R","Defend_R","Bash","Whirlwind","Cleave","Armaments+1","Sword Boomerang","Shrug It Off","Brutality+1","Blood for Blood","Twin Strike","Seeing Red","Barricade","Blood for Blood+1","Hemokinesis","Feed","Flash of Steel","Flame Barrier","Ghostly","Ghostly","Ghostly","Ghostly","Ghostly"],"relics":["Burning Blood","Happy Flower","Matryoshka","Golden Idol","Philosopher\u0027s Stone"],"potions_floor_usage":[12],"damage_taken":[{"damage":15,"enemies":"Jaw Worm","floor":1,"turns":4},{"damage":1,"enemies":"2 Louse","floor":2,"turns":4},{"damage":0,"enemies":"Small Slimes","floor":6,"turns":3},{"damage":16,"enemies":"3 Louse","floor":7,"turns":3},{"damage":16,"enemies":"Large Slime","floor":8,"turns":4},{"damage":8,"enemies":"Red Slaver","floor":12,"turns":4},{"damage":1,"enemies":"3 Louse","floor":14,"turns":3},{"damage":59,"enemies":"The Guardian","floor":16,"turns":10},{"damage":3,"enemies":"Chosen","floor":18,"turns":5},{"damage":32,"enemies":"Spheric Guardian","floor":21,"turns":5},{"damage":43,"enemies":"Cultist and Chosen","floor":24,"turns":6}],"seed_played":"2186818739232074986","potions_obtained":[{"floor":6,"key":"SpeedPotion"},{"floor":7,"key":"SkillPotion"},{"floor":8,"key":"BloodPotion"}],"is_trial":false,"path_per_floor":["M","M","?","?","$","M","M","M","T","$","?","M","R","M","R","B",null,"M","$","?","M","?","R","M"],"character_chosen":"IRONCLAD","items_purchased":["Armaments","Happy Flower","Blood for Blood","Hemokinesis","Feed","Flash of Steel"],"campfire_rested":1,"item_purchase_floors":[5,5,10,19,19,19],"current_hp_per_floor":[71,76,65,58,58,64,54,44,44,44,24,42,42,47,71,18,80,80,80,80,54,40,40,0],"gold":19,"neow_bonus":"","is_prod":false,"is_daily":false,"chose_seed":false,"campfire_upgraded":2,"win_rate":0.0,"timestamp":1568046311,"path_taken":["M","M","?","?","$","M","M","M","T","?","?","M","R","M","R","BOSS","M","$","?","M","?","R","M"],"build_version":"2019-07-17","purchased_purges":0,"victory":false,"max_hp_per_floor":[80,80,80,80,80,80,80,80,80,80,80,80,80,80,80,80,80,80,80,80,80,40,40,40],"card_choices":[{"not_picked":["Iron Wave","Inflame"],"picked":"Whirlwind","floor":1},{"not_picked":["Uppercut","Rupture"],"picked":"Cleave","floor":2},{"not_picked":["Twin Strike","Clothesline"],"picked":"Sword Boomerang","floor":6},{"not_picked":["True Grit","Thunderclap"],"picked":"Shrug It Off","floor":7},{"not_picked":["True Grit","Warcry"],"picked":"Brutality","floor":8},{"not_picked":["Searing Blow","Clash"],"picked":"Twin Strike","floor":12},{"not_picked":["Headbutt","Pommel Strike"],"picked":"Seeing Red","floor":14},{"not_picked":["Berserk","Juggernaut"],"picked":"Barricade","floor":16},{"not_picked":["Sword Boomerang","Pommel Strike"],"picked":"Blood for Blood+1","floor":18},{"not_picked":["Corruption+1","Headbutt"],"picked":"Flame Barrier","floor":21}],"player_experience":0,"relics_obtained":[{"floor":9,"key":"Matryoshka"}],"event_choices":[{"damage_healed":0,"gold_gain":75,"player_choice":"Gather Gold","damage_taken":11,"max_hp_gain":0,"max_hp_loss":0,"event_name":"World of Goop","floor":3,"gold_loss":0},{"cards_removed":["Strike_R"],"damage_healed":0,"gold_gain":0,"player_choice":"Card Removal","damage_taken":7,"max_hp_gain":0,"max_hp_loss":0,"event_name":"Golden Wing","floor":4,"gold_loss":0},{"damage_healed":0,"gold_gain":0,"player_choice":"Take Damage","damage_taken":20,"relics_obtained":["Golden Idol"],"max_hp_gain":0,"max_hp_loss":0,"event_name":"Golden Idol","floor":11,"gold_loss":0},{"damage_healed":0,"gold_gain":0,"player_choice":"Paid Fearfully","damage_taken":0,"max_hp_gain":0,"max_hp_loss":0,"event_name":"Masked Bandits","floor":20,"gold_loss":14},{"damage_healed":0,"gold_gain":0,"player_choice":"Became a Ghost","damage_taken":0,"max_hp_gain":0,"max_hp_loss":40,"event_name":"Ghosts","floor":22,"gold_loss":0,"cards_obtained":["Ghostly","Ghostly","Ghostly","Ghostly","Ghostly"]}],"is_beta":false,"boss_relics":[{"not_picked":["Astrolabe","Black Star"],"picked":"Philosopher\u0027s Stone"}],"items_purged_floors":[],"is_endless":false,"potions_floor_spawned":[6,7,8],"killed_by":"Cultist and Chosen","ascension_level":0}