{"gold_per_floor":[117,136,136,38,51,78,78,97,121,136,136,171,184,203,203,304,304,323,342,25,115,115,115,145,125,194,194,209,222,222,235,235,235],"floor_reached":33,"playtime":2778,"items_purged":[],"score":293,"play_id":"44aee7f8-8247-46c4-944e-c3d55d338454","local_time":"20190911222107","is_ascension_mode":true,"campfire_choices":[{"floor":7.0,"key":"RECALL"},{"data":"Armaments","floor":11.0,"key":"SMITH"},{"floor":15.0,"key":"REST"},{"floor":23.0,"key":"REST"},{"floor":27,"key":"REST"},{"data":"Perfected Strike","floor":30,"key":"SMITH"},{"floor":32,"key":"REST"}],"neow_cost":"NONE","seed_source_timestamp":0,"circlet_count":0,"master_deck":["Strike_R","Strike_R","Strike_R","Strike_R","Defend_R","Defend_R+1","Defend_R+1","Defend_R","Bash","Flex","Dropkick","Pummel","Armaments+1","Sword Boomerang","Disarm","Perfected Strike+1","Fire Breathing","Cleave","Thunderclap","Feed","Inflame+1","Rage+1","Violence","Metallicize","Seeing Red","Perfected Strike+1","Battle Trance+1","Perfected Strike+1"],"special_seed":0,"relics":["Burning Blood","Juzu Bracelet","Blood Vial","White Beast Statue","Molten Egg 2","Letter Opener"],"potions_floor_usage":[28,28,33,33],"damage_taken":[{"damage":12.0,"enemies":"Cultist","floor":1.0,"turns":5.0},{"damage":1.0,"enemies":"Jaw Worm","floor":2.0,"turns":3.0},{"damage":0.0,"enemies":"Small Slimes","floor":5.0,"turns":2.0},{"damage":15.0,"enemies":"Lagavulin","floor":6.0,"turns":5.0},{"damage":7.0,"enemies":"Exordium Wildlife","floor":8.0,"turns":3.0},{"damage":25.0,"enemies":"Exordium Thugs","floor":10.0,"turns":4.0},{"damage":22.0,"enemies":"Gremlin Nob","floor":12.0,"turns":5.0},{"damage":8.0,"enemies":"3 Louse","floor":13.0,"turns":4.0},{"damage":3.0,"enemies":"Red Slaver","floor":14.0,"turns":5.0},{"damage":52.0,"enemies":"Slime Boss","floor":16.0,"turns":10.0},{"damage":41.0,"enemies":"3 Byrds","floor":18.0,"turns":7.0},{"damage":6.0,"enemies":"Chosen","floor":19.0,"turns":5.0},{"damage":32.0,"enemies":"Slavers","floor":24.0,"turns":8.0},{"damage":17,"enemies":"Snake Plant","floor":28,"turns":6},{"damage":22,"enemies":"Chosen and Byrds","floor":29,"turns":7},{"damage":15,"enemies":"Centurion and Healer","floor":31,"turns":5},{"damage":94,"enemies":"Automaton","floor":33,"turns":8}],"seed_played":"8319635681875127997","potions_obtained":[{"floor":2.0,"key":"FearPotion"},{"floor":5.0,"key":"GamblersBrew"},{"floor":10.0,"key":"Block Potion"},{"floor":13.0,"key":"Dexterity Potion"},{"floor":18.0,"key":"FairyPotion"},{"floor":19.0,"key":"PowerPotion"},{"floor":24,"key":"SpeedPotion"},{"floor":25,"key":"Swift Potion"},{"floor":28,"key":"Fire Potion"},{"floor":29,"key":"FearPotion"},{"floor":31,"key":"Swift Potion"}],"is_trial":false,"path_per_floor":["M","M","?","$","M","E","R","M","T","M","R","E","M","M","R","B",null,"M","M","$","?","?","R","E","?","T","R","M","M","R","M","R","B"],"character_chosen":"IRONCLAD","items_purchased":["Pummel","Armaments","Violence","Metallicize","Seeing Red"],"campfire_rested":4,"item_purchase_floors":[4,4,20,20,20],"current_hp_per_floor":[74,79,63,63,69,60,60,59,59,40,40,24,24,29,53,9,80,48,50,50,26,26,50,26,26,26,50,44,30,30,23,48,0],"gold":235,"neow_bonus":"REMOVE_CARD","is_prod":false,"is_daily":false,"chose_seed":false,"campfire_upgraded":2,"win_rate":0,"timestamp":1568208067,"path_taken":["M","M","?","?","?","E","R","M","T","M","R","E","M","M","R","BOSS","M","M","$","?","?","R","E","?","T","R","M","M","R","M","R","BOSS"],"build_version":"2019-07-17","purchased_purges":0,"victory":false,"max_hp_per_floor":[80,80,80,80,80,80,80,80,80,80,80,80,80,80,80,80,80,83,83,83,83,83,83,83,83,83,83,86,86,86,86,86,86],"card_choices":[{"not_picked":["Armaments","Warcry"],"picked":"Flex","floor":1.0},{"not_picked":["Battle Trance","Combust"],"picked":"Dropkick","floor":2.0},{"not_picked":["Twin Strike","True Grit"],"picked":"Sword Boomerang","floor":5.0},{"not_picked":["True Grit","Headbutt"],"picked":"Disarm","floor":6.0},{"not_picked":["Flame Barrier","Disarm"],"picked":"Perfected Strike","floor":8.0},{"not_picked":["Pummel","Flex","Infernal Blade"],"picked":"SKIP","floor":10.0},{"not_picked":["Entrench","Disarm"],"picked":"Fire Breathing","floor":12.0},{"not_picked":["Infernal Blade","Armaments"],"picked":"Cleave","floor":13.0},{"not_picked":["Twin Strike","Battle Trance"],"picked":"Thunderclap","floor":14.0},{"not_picked":["Dark Embrace","Juggernaut"],"picked":"Feed","floor":16.0},{"not_picked":["Iron Wave","Spot Weakness"],"picked":"Inflame+1","floor":18.0},{"not_picked":["Perfected Strike","Cleave"],"picked":"Rage+1","floor":19.0},{"not_picked":["Sword Boomerang","Entrench+1"],"picked":"Perfected Strike","floor":24},{"not_picked":["Perfected Strike+1","Armaments+1"],"picked":"Battle Trance+1","floor":28},{"not_picked":["Sword Boomerang+1","Flex+1"],"picked":"Perfected Strike+1","floor":29},{"not_picked":["Armaments+1","Fire Breathing","Body Slam+1"],"picked":"SKIP","floor":31}],"player_experience":34679,"relics_obtained":[{"floor":6.0,"key":"Juzu Bracelet"},{"floor":12.0,"key":"Blood Vial"},{"floor":24,"key":"Molten Egg 2"},{"floor":26,"key":"Letter Opener"}],"event_choices":[{"damage_healed":0.0,"max_hp_gain":0.0,"max_hp_loss":0.0,"gold_gain":0.0,"event_name":"Shining Light","player_choice":"Entered Light","floor":3.0,"gold_loss":0.0,"damage_taken":16.0,"cards_upgraded":["Defend_R","Defend_R"]},{"damage_healed":0.0,"max_hp_gain":0.0,"max_hp_loss":0.0,"gold_gain":90.0,"event_name":"Knowing Skull","player_choice":"POTION GOLD ","floor":21.0,"potions_obtained":["Ancient Potion"],"gold_loss":0.0,"damage_taken":24.0,"cards_obtained":[]},{"damage_healed":0.0,"max_hp_gain":0.0,"max_hp_loss":0.0,"gold_gain":0.0,"event_name":"The Mausoleum","player_choice":"Ignored","floor":22.0,"gold_loss":0.0,"damage_taken":0.0},{"damage_healed":0,"gold_gain":0,"player_choice":"Bought 1 Potion","damage_taken":0,"max_hp_gain":0,"max_hp_loss":0,"event_name":"The Woman in Blue","floor":25,"gold_loss":0}],"is_beta":false,"boss_relics":[{"not_picked":["Orrery","Busted Crown"],"picked":"White Beast Statue"}],"items_purged_floors":[],"is_endless":false,"potions_floor_spawned":[2,5,10,13,18,19,24,28,29,31],"killed_by":"Automaton","ascension_level":1}