{"gold_per_floor":[117,117,4,4,20,20,45,45,45,45,8,23,39,72,72,177,177,102,102,102,29,45,45,45],"floor_reached":24,"playtime":3247,"items_purged":[],"score":225,"play_id":"e4d2f228-f070-4c91-9b58-0eb21ed0c6cb","local_time":"20190911081033","is_ascension_mode":false,"campfire_choices":[{"data":"Heatsinks","floor":6,"key":"SMITH"},{"data":"White Noise","floor":8,"key":"SMITH"},{"data":"Fusion","floor":10,"key":"SMITH"},{"data":"Coolheaded","floor":15,"key":"SMITH"},{"floor":23,"key":"REST"}],"neow_cost":"NONE","seed_source_timestamp":63920868881886,"circlet_count":0,"master_deck":["Strike_B","Strike_B","Strike_B","Strike_B","Defend_B","Defend_B","Defend_B","Defend_B","Zap","Dualcast","Chaos","White Noise+1","Heatsinks+1","Coolheaded+1","Fusion+1","Undo","Self Repair","Self Repair","Capacitor","Rainbow","White Noise","Writhe","Loop","Cold Snap+1"],"relics":["FrozenCore","NeowsBlessing","Matryoshka","Vajra","Meat on the Bone","Turnip","Pen Nib"],"potions_floor_usage":[16,22],"damage_taken":[{"damage":0,"enemies":"2 Louse","floor":1,"turns":1},{"damage":0,"enemies":"Small Slimes","floor":5,"turns":1},{"damage":0,"enemies":"Gremlin Nob","floor":7,"turns":1},{"damage":0,"enemies":"Cultist","floor":12,"turns":6},{"damage":7,"enemies":"Exordium Wildlife","floor":13,"turns":4},{"damage":27,"enemies":"3 Sentries","floor":14,"turns":19},{"damage":47,"enemies":"Slime Boss","floor":16,"turns":26},{"damage":9,"enemies":"2 Thieves","floor":18,"turns":5},{"damage":59,"enemies":"3 Byrds","floor":22,"turns":13},{"damage":69,"enemies":"Gremlin Leader","floor":24,"turns":4}],"seed_played":"-871693733563804406","potions_obtained":[{"floor":1,"key":"EssenceOfSteel"},{"floor":16,"key":"FocusPotion"},{"floor":22,"key":"PowerPotion"}],"is_trial":false,"path_per_floor":["M","?","$","?","M","R","E","R","T","R","$","M","M","E","R","B",null,"M","?","?","$","M","R","E"],"character_chosen":"DEFECT","items_purchased":["White Noise","Heatsinks","Undo","Loop"],"campfire_rested":1,"item_purchase_floors":[3,3,11,21],"current_hp_per_floor":[75,75,75,75,75,75,75,75,75,75,75,75,75,62,62,41,75,75,75,75,75,42,64,0],"gold":45,"neow_bonus":"THREE_ENEMY_KILL","is_prod":false,"is_daily":false,"chose_seed":false,"campfire_upgraded":4,"win_rate":0,"timestamp":1568200233,"path_taken":["M","?","$","?","?","R","E","R","T","R","$","M","M","E","R","BOSS","M","?","?","$","M","R","E"],"build_version":"2019-07-17","purchased_purges":0,"victory":false,"max_hp_per_floor":[75,75,75,75,75,75,75,75,75,75,75,75,75,75,75,75,75,75,75,75,75,75,75,75],"card_choices":[{"not_picked":["Barrage","Compile Driver"],"picked":"Chaos","floor":1},{"not_picked":["Ball Lightning","Barrage"],"picked":"Coolheaded","floor":5},{"not_picked":["Reprogram","Blizzard"],"picked":"Fusion","floor":7},{"not_picked":["Cold Snap","Reboot"],"picked":"Self Repair","floor":12},{"not_picked":["Redo","Cold Snap"],"picked":"Self Repair","floor":13},{"not_picked":["Streamline","Genetic Algorithm"],"picked":"Capacitor","floor":14},{"not_picked":["Echo Form","Biased Cognition"],"picked":"Rainbow","floor":16},{"not_picked":["Redo","Rebound"],"picked":"White Noise","floor":18},{"not_picked":["Blizzard","Steam"],"picked":"Cold Snap+1","floor":22}],"player_experience":131282,"relics_obtained":[{"floor":7,"key":"Matryoshka"},{"floor":9,"key":"Vajra"},{"floor":9,"key":"Meat on the Bone"},{"floor":14,"key":"Turnip"}],"event_choices":[{"damage_healed":0,"gold_gain":0,"player_choice":"Leave","damage_taken":0,"max_hp_gain":0,"max_hp_loss":0,"event_name":"The Cleric","floor":2,"gold_loss":0},{"damage_healed":0,"gold_gain":0,"player_choice":"Full Heal","damage_taken":0,"max_hp_gain":0,"max_hp_loss":0,"event_name":"Wheel of Change","floor":4,"gold_loss":0},{"damage_healed":0,"gold_gain":0,"player_choice":"Opened","damage_taken":0,"relics_obtained":["Pen Nib"],"max_hp_gain":0,"max_hp_loss":0,"event_name":"The Mausoleum","floor":19,"gold_loss":0,"cards_obtained":["Writhe"]},{"damage_healed":0,"gold_gain":0,"player_choice":"Ignored","damage_taken":0,"max_hp_gain":0,"max_hp_loss":0,"event_name":"Ghosts","floor":20,"gold_loss":0}],"is_beta":false,"boss_relics":[{"not_picked":["Empty Cage","Runic Dome"],"picked":"FrozenCore"}],"items_purged_floors":[],"is_endless":false,"potions_floor_spawned":[1,16,22],"killed_by":"Gremlin Leader","ascension_level":0}