{"gold_per_floor":[112,132,132,145,156,183,183,195,195,220,220,220,237,263,263,366,366,380,399,399,369,382,408,427,427,481,481,481],"floor_reached":28,"playtime":1234,"items_purged":[],"score":273,"play_id":"04fe5fa3-33ac-4bae-a454-d189a52533ba","local_time":"20190913231546","is_ascension_mode":true,"campfire_choices":[{"floor":12,"key":"REST"},{"floor":15,"key":"REST"},{"floor":27,"key":"REST"}],"neow_cost":"NONE","seed_source_timestamp":162488428107000,"circlet_count":0,"master_deck":["Strike_R+1","Strike_R","Strike_R","Strike_R","Strike_R","Defend_R","Defend_R","Defend_R","Bash","Spot Weakness+1","Thunderclap","Shrug It Off","Shockwave","Pommel Strike+1","Seeing Red","Offering","Iron Wave+1","Disarm","Perfected Strike+1","Demon Form","Heavy Blade+1","Wild Strike+1","Rage","True Grit+1","Warcry","Evolve+1","Power Through","Pommel Strike+1","Hemokinesis+1","Inflame+1"],"relics":["Burning Blood","Bag of Marbles","Molten Egg 2","PreservedInsect","Dodecahedron","Sundial","Orrery","Frozen Egg 2","Juzu Bracelet"],"potions_floor_usage":[1,10,28,28],"damage_taken":[{"damage":1,"enemies":"Cultist","floor":1,"turns":3},{"damage":6,"enemies":"Jaw Worm","floor":2,"turns":3},{"damage":10,"enemies":"Small Slimes","floor":4,"turns":2},{"damage":14,"enemies":"3 Louse","floor":5,"turns":3},{"damage":20,"enemies":"Gremlin Nob","floor":6,"turns":5},{"damage":11,"enemies":"Looter","floor":8,"turns":4},{"damage":20,"enemies":"3 Sentries","floor":10,"turns":5},{"damage":1,"enemies":"Exordium Wildlife","floor":13,"turns":3},{"damage":15,"enemies":"Gremlin Nob","floor":14,"turns":3},{"damage":27,"enemies":"The Guardian","floor":16,"turns":7},{"damage":3,"enemies":"Chosen","floor":18,"turns":5},{"damage":33,"enemies":"2 Thieves","floor":19,"turns":4},{"damage":11,"enemies":"Snecko","floor":22,"turns":5},{"damage":32,"enemies":"Book of Stabbing","floor":23,"turns":5},{"damage":11,"enemies":"Sentry and Sphere","floor":24,"turns":5},{"damage":47,"enemies":"Masked Bandits","floor":28,"turns":3}],"seed_played":"-7028170883738281461","potions_obtained":[{"floor":1,"key":"Fruit Juice"},{"floor":4,"key":"FearPotion"},{"floor":10,"key":"Energy Potion"},{"floor":21,"key":"Poison Potion"},{"floor":21,"key":"SteroidPotion"},{"floor":23,"key":"Energy Potion"}],"is_trial":false,"path_per_floor":["M","M","?","M","M","E","?","M","T","E","?","R","M","E","R","B",null,"M","M","?","?","M","E","M","?","T","R","?"],"character_chosen":"IRONCLAD","items_purchased":[],"campfire_rested":3,"item_purchase_floors":[],"current_hp_per_floor":[85,85,68,64,56,42,42,37,37,23,16,41,46,37,62,41,85,85,58,58,58,53,27,22,22,22,47,0],"gold":481,"neow_bonus":"RANDOM_COMMON_RELIC","is_prod":false,"is_daily":false,"chose_seed":false,"campfire_upgraded":0,"win_rate":0,"timestamp":1568384146,"path_taken":["M","?","?","M","M","E","?","M","T","E","?","R","M","E","R","BOSS","M","M","?","?","?","E","M","?","T","R","?"],"build_version":"2019-07-17","purchased_purges":0,"victory":false,"max_hp_per_floor":[85,85,85,85,85,85,85,85,85,85,85,85,85,85,85,85,85,85,85,85,85,85,85,85,85,85,85,85],"card_choices":[{"not_picked":["Twin Strike","Wild Strike"],"picked":"Spot Weakness","floor":1},{"not_picked":["Shrug It Off","Dual Wield"],"picked":"Thunderclap","floor":2},{"not_picked":["Warcry","Body Slam"],"picked":"Shrug It Off","floor":4},{"not_picked":["Flex","Body Slam"],"picked":"Shockwave","floor":5},{"not_picked":["Infernal Blade","Iron Wave"],"picked":"Pommel Strike","floor":6},{"not_picked":["Headbutt+1","Clothesline+1"],"picked":"Offering","floor":8},{"not_picked":["Shrug It Off","Pommel Strike+1"],"picked":"Iron Wave+1","floor":10},{"not_picked":["Shockwave","Perfected Strike+1"],"picked":"Disarm","floor":13},{"not_picked":["Heavy Blade+1","Clash+1"],"picked":"Perfected Strike+1","floor":14},{"not_picked":["Berserk","Juggernaut"],"picked":"Demon Form","floor":16},{"not_picked":["Thunderclap+1","Rampage+1"],"picked":"Heavy Blade+1","floor":17},{"not_picked":["Rage","Warcry"],"picked":"Wild Strike+1","floor":17},{"not_picked":["Armaments","True Grit"],"picked":"Rage","floor":17},{"not_picked":["Disarm","Iron Wave+1"],"picked":"True Grit","floor":17},{"not_picked":["True Grit","Metallicize"],"picked":"Warcry","floor":17},{"not_picked":["Rupture","Thunderclap+1"],"picked":"Evolve+1","floor":18},{"not_picked":["Combust+1","Fire Breathing"],"picked":"Power Through","floor":19},{"not_picked":["Flame Barrier+1","Feel No Pain+1"],"picked":"Pommel Strike+1","floor":22},{"not_picked":["Warcry","Heavy Blade+1"],"picked":"Hemokinesis+1","floor":23},{"not_picked":["Hemokinesis+1","Flex+1"],"picked":"Inflame+1","floor":24}],"player_experience":62134,"relics_obtained":[{"floor":6,"key":"Molten Egg 2"},{"floor":10,"key":"PreservedInsect"},{"floor":14,"key":"Sundial"},{"floor":23,"key":"Frozen Egg 2"},{"floor":26,"key":"Juzu Bracelet"}],"event_choices":[{"damage_healed":0,"gold_gain":0,"player_choice":"Entered Light","damage_taken":17,"max_hp_gain":0,"max_hp_loss":0,"event_name":"Shining Light","floor":3,"gold_loss":0,"cards_upgraded":["Strike_R","Spot Weakness"]},{"damage_healed":0,"gold_gain":0,"cards_transformed":["Defend_R"],"player_choice":"Change","damage_taken":0,"max_hp_gain":0,"max_hp_loss":0,"event_name":"Living Wall","floor":7,"gold_loss":0,"cards_obtained":["Seeing Red"]},{"damage_healed":0,"gold_gain":0,"player_choice":"Success","damage_taken":7,"relics_obtained":["Dodecahedron"],"max_hp_gain":0,"max_hp_loss":0,"event_name":"Scrap Ooze","floor":11,"gold_loss":0},{"damage_healed":0,"gold_gain":0,"player_choice":"Ignored","damage_taken":0,"max_hp_gain":0,"max_hp_loss":0,"event_name":"Ghosts","floor":20,"gold_loss":0},{"damage_healed":0,"gold_gain":0,"player_choice":"Bought 2 Potions","damage_taken":0,"max_hp_gain":0,"max_hp_loss":0,"event_name":"The Woman in Blue","floor":21,"gold_loss":0},{"damage_healed":0,"gold_gain":0,"player_choice":"Forge","damage_taken":0,"max_hp_gain":0,"max_hp_loss":0,"event_name":"Accursed Blacksmith","floor":25,"gold_loss":0,"cards_upgraded":["True Grit"]},{"damage_healed":0,"gold_gain":0,"player_choice":"Fought Bandits","damage_taken":0,"max_hp_gain":0,"max_hp_loss":0,"event_name":"Masked Bandits","floor":28,"gold_loss":0}],"is_beta":false,"boss_relics":[{"not_picked":["Runic Cube","Empty Cage"],"picked":"Orrery"}],"items_purged_floors":[],"is_endless":false,"potions_floor_spawned":[1,4,10,23,24],"killed_by":"Masked Bandits","ascension_level":1}