{"gold_per_floor":[111,122,30,46,63,63,87,98,98,98,10,37,37,55,55,150,150,169,169,14,14,14,14,31,31,82,82,111,122,122,135,135,135],"floor_reached":33,"playtime":1461,"items_purged":[],"score":377,"play_id":"e7a74926-9f1a-469e-af74-5f0b3fea0ee6","local_time":"20190519191821","is_ascension_mode":true,"campfire_choices":[{"data":"Decay","floor":6,"key":"PURGE"},{"data":"Neutralize","floor":10,"key":"SMITH"},{"floor":13,"key":"REST"},{"floor":15,"key":"REST"},{"data":"Pain","floor":23,"key":"PURGE"},{"floor":25,"key":"REST"},{"data":"Grand Finale","floor":27,"key":"PURGE"},{"data":"Reflex","floor":30,"key":"PURGE"},{"floor":32,"key":"REST"}],"neow_cost":"CURSE","seed_source_timestamp":25742234496370,"circlet_count":0,"master_deck":["Survivor","Neutralize+1","Predator","Deflect","Dash","Slice","Leg Sweep","Deadly Poison","Skewer","Riddle With Holes","After Image","PiercingWail","Corpse Explosion","Envenom","Finisher","Envenom","Backstab","Flechettes","Wraith Form v2","Skewer","Slice","Backflip","Deadly Poison+1","Masterful Stab","Bouncing Flask+1","Acrobatics+1","Distraction+1","Poisoned Stab+1"],"relics":["Ring of the Snake","Peace Pipe","Strawberry","Shuriken","Centennial Puzzle","Pandora\u0027s Box","Toxic Egg 2","Pen Nib","WarpedTongs","Blood Vial","Prayer Wheel"],"potions_floor_usage":[12,14,15,28,28],"damage_taken":[{"damage":3,"enemies":"Cultist","floor":1,"turns":5},{"damage":0,"enemies":"2 Louse","floor":2,"turns":3},{"damage":3,"enemies":"Small Slimes","floor":4,"turns":3},{"damage":12,"enemies":"Exordium Thugs","floor":5,"turns":5},{"damage":10,"enemies":"Exordium Wildlife","floor":8,"turns":4},{"damage":15,"enemies":"3 Sentries","floor":12,"turns":10},{"damage":7,"enemies":"3 Louse","floor":14,"turns":3},{"damage":39,"enemies":"Hexaghost","floor":16,"turns":16},{"damage":20,"enemies":"Spheric Guardian","floor":18,"turns":5},{"damage":17,"enemies":"Colosseum Slavers","floor":21,"turns":3},{"damage":3,"enemies":"Chosen","floor":24,"turns":4},{"damage":0,"enemies":"Gremlin Leader","floor":28,"turns":4},{"damage":3,"enemies":"Snake Plant","floor":29,"turns":3},{"damage":14,"enemies":"Centurion and Healer","floor":31,"turns":4},{"damage":77,"enemies":"Automaton","floor":33,"turns":8}],"seed_played":"-7477187785628876688","potions_obtained":[{"floor":5,"key":"Weak Potion"},{"floor":12,"key":"Fruit Juice"},{"floor":14,"key":"Strength Potion"},{"floor":16,"key":"FearPotion"},{"floor":24,"key":"LiquidBronze"}],"is_trial":false,"path_per_floor":["M","M","$","M","M","R","T","M","T","R","$","E","R","M","R","B",null,"M","T","$","?","?","R","M","R","T","R","E","M","R","M","R","B"],"character_chosen":"THE_SILENT","items_purchased":["Dash","Slice","Riddle With Holes","Swift Potion","Pen Nib"],"campfire_rested":4,"item_purchase_floors":[3,3,11,11,20],"current_hp_per_floor":[60,60,60,57,45,45,52,42,42,42,42,27,50,43,72,33,70,50,50,50,33,33,33,30,54,54,54,56,55,55,43,67,0],"gold":135,"neow_bonus":"ONE_RARE_RELIC","is_prod":false,"is_daily":false,"chose_seed":false,"campfire_upgraded":1,"win_rate":0,"timestamp":1558257501,"path_taken":["M","M","$","M","M","R","?","M","T","R","$","E","R","M","R","BOSS","M","?","?","?","?","R","M","R","T","R","E","M","R","M","R","BOSS"],"build_version":"2019-01-23","purchased_purges":0,"victory":false,"max_hp_per_floor":[70,70,70,70,70,70,77,77,77,77,77,77,77,77,82,82,82,82,82,82,82,82,82,82,82,82,82,82,82,82,82,82,82],"card_choices":[{"not_picked":["Underhanded Strike","Cloak And Dagger"],"picked":"Predator","floor":1},{"not_picked":["Infinite Blades","Underhanded Strike"],"picked":"Deflect","floor":2},{"not_picked":["Noxious Fumes","Concentrate"],"picked":"Leg Sweep","floor":4},{"not_picked":["Blur","Bane"],"picked":"Deadly Poison","floor":5},{"not_picked":["Deadly Poison","Outmaneuver"],"picked":"Skewer","floor":8},{"not_picked":["Outmaneuver","Catalyst"],"picked":"After Image","floor":12},{"not_picked":["Acrobatics","Infinite Blades"],"picked":"PiercingWail","floor":14},{"not_picked":["Phantasmal Killer","A Thousand Cuts"],"picked":"Corpse Explosion","floor":16},{"not_picked":["Dodge and Roll","Dagger Throw"],"picked":"Backflip","floor":18},{"not_picked":["PiercingWail+1","Outmaneuver+1"],"picked":"Deadly Poison+1","floor":24},{"not_picked":["Outmaneuver+1","Slice"],"picked":"Masterful Stab","floor":28},{"not_picked":["Outmaneuver+1","Dodge and Roll+1"],"picked":"Bouncing Flask+1","floor":29},{"not_picked":["Storm of Steel+1","Blade Dance+1"],"picked":"Acrobatics+1","floor":29},{"not_picked":["Infinite Blades","Setup+1"],"picked":"Distraction+1","floor":31},{"not_picked":["Expertise+1","Dagger Throw"],"picked":"Poisoned Stab+1","floor":31}],"player_experience":667162,"relics_obtained":[{"floor":7,"key":"Strawberry"},{"floor":9,"key":"Shuriken"},{"floor":12,"key":"Centennial Puzzle"},{"floor":19,"key":"Toxic Egg 2"},{"floor":26,"key":"Blood Vial"},{"floor":28,"key":"Prayer Wheel"}],"event_choices":[{"damage_healed":0,"gold_gain":0,"player_choice":"Fight","damage_taken":0,"max_hp_gain":0,"max_hp_loss":0,"event_name":"Colosseum","floor":21,"gold_loss":0},{"damage_healed":0,"gold_gain":0,"player_choice":"Fled From Nobs","damage_taken":0,"max_hp_gain":0,"max_hp_loss":0,"event_name":"Colosseum","floor":21,"gold_loss":0},{"damage_healed":0,"gold_gain":0,"player_choice":"Rummage","damage_taken":0,"relics_obtained":["WarpedTongs"],"max_hp_gain":0,"max_hp_loss":0,"event_name":"Accursed Blacksmith","floor":22,"gold_loss":0,"cards_obtained":["Pain"]}],"is_beta":false,"boss_relics":[{"not_picked":["White Beast Statue","Busted Crown"],"picked":"Pandora\u0027s Box"}],"items_purged_floors":[],"is_endless":false,"potions_floor_spawned":[5,12,14,16,21,24],"killed_by":"Automaton","ascension_level":6}