{"gold_per_floor":[115,40,55,55,18,52,52,81,106,106,125,125,140,175,175,175],"floor_reached":16,"playtime":495,"items_purged":["Strike_G"],"score":243,"play_id":"9f0b86bd-4e0d-469c-b79c-6f2d6e653516","local_time":"20181223220057","is_ascension_mode":true,"campfire_choices":[{"data":"Neutralize","floor":7,"key":"SMITH"},{"floor":10,"key":"RECALL"},{"data":"Blur","floor":12,"key":"SMITH"},{"floor":15,"key":"REST"}],"neow_cost":"NONE","seed_source_timestamp":247462472985683,"circlet_count":0,"master_deck":["AscendersBane","Defend_G","Defend_G","Defend_G","Defend_G","Defend_G","Strike_G","Strike_G","Strike_G","Strike_G","Survivor","Neutralize+1","Crippling Poison+1","Noxious Fumes","Quick Slash","Poisoned Stab","Blur+1","Predator"],"relics":["Ring of the Snake","NeowsBlessing","PreservedInsect","Smiling Mask","Lantern","Blood Vial"],"potions_floor_usage":[8,8],"damage_taken":[{"damage":0,"enemies":"Small Slimes","floor":1,"turns":1},{"damage":0,"enemies":"Cultist","floor":3,"turns":1},{"damage":0,"enemies":"Lagavulin","floor":6,"turns":1},{"damage":26,"enemies":"Gremlin Nob","floor":8,"turns":4},{"damage":0,"enemies":"2 Louse","floor":11,"turns":2},{"damage":0,"enemies":"Looter","floor":13,"turns":3},{"damage":17,"enemies":"Lagavulin","floor":14,"turns":4},{"damage":43,"enemies":"Slime Boss","floor":16,"turns":11}],"seed_played":"5364126610021098340","potions_obtained":[{"floor":1,"key":"Strength Potion"},{"floor":3,"key":"PowerPotion"}],"is_trial":false,"path_per_floor":["M","$","M","?","$","E","R","E","T","R","M","R","M","E","R","B"],"character_chosen":"THE_SILENT","items_purchased":["Noxious Fumes"],"campfire_rested":1,"item_purchase_floors":[5],"current_hp_per_floor":[59,59,59,59,59,59,59,33,33,33,33,33,33,16,35,0],"gold":175,"neow_bonus":"THREE_ENEMY_KILL","is_prod":false,"is_daily":false,"chose_seed":false,"campfire_upgraded":2,"win_rate":0,"timestamp":1545620457,"path_taken":["M","$","M","?","?","E","R","E","T","R","M","R","M","E","R","BOSS"],"build_version":"2018-12-20","purchased_purges":1,"victory":false,"max_hp_per_floor":[66,66,66,66,66,66,66,66,66,66,66,66,66,66,66,66],"card_choices":[{"not_picked":["Terror","Flechettes"],"picked":"Crippling Poison","floor":1},{"not_picked":["Leg Sweep","Outmaneuver","Blade Dance"],"picked":"SKIP","floor":3},{"not_picked":["Dagger Spray","Escape Plan"],"picked":"Quick Slash","floor":6},{"not_picked":["Well Laid Plans","Caltrops"],"picked":"Poisoned Stab","floor":8},{"not_picked":["Underhanded Strike","Caltrops"],"picked":"Blur","floor":11},{"not_picked":["Acrobatics","Cloak And Dagger"],"picked":"Predator","floor":13},{"not_picked":["Infinite Blades","Blade Dance","Bouncing Flask"],"picked":"SKIP","floor":14}],"player_experience":952787,"relics_obtained":[{"floor":6,"key":"PreservedInsect"},{"floor":8,"key":"Smiling Mask"},{"floor":9,"key":"Lantern"},{"floor":14,"key":"Blood Vial"}],"event_choices":[{"damage_healed":0,"gold_gain":0,"player_choice":"Forge","damage_taken":0,"max_hp_gain":0,"max_hp_loss":0,"event_name":"Accursed Blacksmith","floor":4,"gold_loss":0,"cards_upgraded":["Crippling Poison"]}],"is_beta":false,"boss_relics":[],"items_purged_floors":[2],"is_endless":false,"potions_floor_spawned":[1,3],"killed_by":"Slime Boss","ascension_level":14}