{"gold_per_floor":[116,131,141,160,160,160,160,160,187,231,243,255,283,315,327,443,455,482,106,206,221,238,238,253,285,285,285,310,310,324,352,352,352],"floor_reached":33,"playtime":1916,"items_purged":["Strike_G"],"score":445,"play_id":"e356d1f9-72a9-4a61-b77c-dd2aeb977cb1","local_time":"20181201220738","is_ascension_mode":true,"campfire_choices":[{"floor":6,"key":"REST"},{"data":"Accuracy","floor":8,"key":"SMITH"},{"floor":11,"key":"REST"},{"data":"Infinite Blades","floor":15,"key":"SMITH"},{"floor":23,"key":"REST"},{"data":"Endless Agony","floor":27,"key":"SMITH"},{"data":"Cloak And Dagger","floor":29,"key":"SMITH"},{"floor":32,"key":"REST"}],"neow_cost":"NONE","seed_source_timestamp":82730920700553,"circlet_count":0,"master_deck":["AscendersBane","Defend_G","Defend_G+1","Defend_G+1","Defend_G","Defend_G+1","Strike_G","Strike_G","Strike_G","Strike_G","Survivor+1","Neutralize","Infinite Blades+1","Poisoned Stab","Accuracy+1","Finisher","Blade Dance","Cloak And Dagger","Blur","Die Die Die","Cloak And Dagger+1","Cloak And Dagger","Endless Agony+1","Backflip+1"],"relics":["Ring of the Snake","Singing Bowl","MawBank","Meat on the Bone","WristBlade","War Paint","Bag of Marbles","Pen Nib","Toxic Egg 2","Lantern","Smiling Mask"],"potions_floor_usage":[3,4,13,16,22,30,31,33],"damage_taken":[{"damage":0,"enemies":"Jaw Worm","floor":1,"turns":5},{"damage":0,"enemies":"Cultist","floor":2,"turns":4},{"damage":11,"enemies":"Small Slimes","floor":3,"turns":3},{"damage":21,"enemies":"Gremlin Gang","floor":4,"turns":6},{"damage":30,"enemies":"Gremlin Nob","floor":10,"turns":5},{"damage":1,"enemies":"Exordium Thugs","floor":13,"turns":6},{"damage":9,"enemies":"2 Fungi Beasts","floor":14,"turns":4},{"damage":28,"enemies":"The Guardian","floor":16,"turns":11},{"damage":6,"enemies":"3 Byrds","floor":18,"turns":4},{"damage":10,"enemies":"Shell Parasite","floor":21,"turns":4},{"damage":25,"enemies":"Snake Plant","floor":22,"turns":4},{"damage":20,"enemies":"Chosen and Byrds","floor":24,"turns":6},{"damage":32,"enemies":"Gremlin Leader","floor":25,"turns":10},{"damage":3,"enemies":"Centurion and Healer","floor":30,"turns":3},{"damage":13,"enemies":"Book of Stabbing","floor":31,"turns":4},{"damage":69,"enemies":"Champ","floor":33,"turns":9}],"seed_played":"666148349829338399","potions_obtained":[{"floor":1,"key":"Swift Potion"},{"floor":2,"key":"SkillPotion"},{"floor":4,"key":"Dexterity Potion"},{"floor":12,"key":"EssenceOfSteel"},{"floor":14,"key":"LiquidBronze"},{"floor":18,"key":"SteroidPotion"},{"floor":24,"key":"GamblersBrew"},{"floor":30,"key":"AttackPotion"}],"is_trial":false,"path_per_floor":["M","M","M","M","?","R","T","R","T","E","R","?","M","M","R","B",null,"M","$","?","M","M","R","M","E","T","R","T","R","M","E","R","B"],"character_chosen":"THE_SILENT","items_purchased":["War Paint","Cloak And Dagger","Bag of Marbles"],"campfire_rested":4,"item_purchase_floors":[19,19,19],"current_hp_per_floor":[63,63,52,31,17,38,38,38,38,8,29,29,42,45,45,29,61,57,57,57,47,36,58,52,32,32,32,32,32,43,42,66,0],"gold":352,"neow_bonus":"THREE_CARDS","is_prod":false,"is_daily":false,"chose_seed":false,"campfire_upgraded":4,"win_rate":0,"timestamp":1543720058,"path_taken":["M","M","M","M","?","R","?","R","T","E","R","?","?","M","R","BOSS","M","$","?","?","M","R","M","E","T","R","?","R","M","E","R","BOSS"],"build_version":"2018-11-15","purchased_purges":1,"victory":false,"max_hp_per_floor":[70,70,70,70,70,70,70,70,70,70,70,70,72,72,72,72,72,74,74,74,74,76,76,78,78,78,78,78,78,80,80,80,80],"card_choices":[{"not_picked":["Catalyst","Accuracy"],"picked":"Infinite Blades","floor":0},{"not_picked":["Masterful Stab","PiercingWail"],"picked":"Poisoned Stab","floor":1},{"not_picked":["Cloak And Dagger","Backflip"],"picked":"Accuracy","floor":2},{"not_picked":["Outmaneuver","Poisoned Stab"],"picked":"Finisher","floor":3},{"not_picked":["A Thousand Cuts","Distraction"],"picked":"Blade Dance","floor":4},{"not_picked":["Leg Sweep","Blade Dance"],"picked":"Cloak And Dagger","floor":10},{"not_picked":["Deadly Poison","Sucker Punch","Skewer"],"picked":"Singing Bowl","floor":13},{"not_picked":["Dodge and Roll","Wraith Form v2"],"picked":"Blur","floor":14},{"not_picked":["Phantasmal Killer","Doppelganger"],"picked":"Die Die Die","floor":16},{"not_picked":["PiercingWail","Bane","Dagger Spray+1"],"picked":"Singing Bowl","floor":18},{"not_picked":["Escape Plan","Outmaneuver"],"picked":"Cloak And Dagger","floor":21},{"not_picked":["Slice","Blade Dance","Phantasmal Killer"],"picked":"Singing Bowl","floor":22},{"not_picked":["Well Laid Plans","Sucker Punch","Prepared"],"picked":"Singing Bowl","floor":24},{"not_picked":["Catalyst","Outmaneuver"],"picked":"Endless Agony","floor":25},{"not_picked":["Slice","Heel Hook","Infinite Blades"],"picked":"Singing Bowl","floor":30},{"not_picked":["Riddle With Holes","Blade Dance+1"],"picked":"Backflip+1","floor":31}],"player_experience":742847,"relics_obtained":[{"floor":7,"key":"Singing Bowl"},{"floor":9,"key":"MawBank"},{"floor":10,"key":"Meat on the Bone"},{"floor":25,"key":"Pen Nib"},{"floor":26,"key":"Toxic Egg 2"},{"floor":28,"key":"Lantern"},{"floor":31,"key":"Smiling Mask"}],"event_choices":[{"damage_healed":0,"gold_gain":0,"player_choice":"Entered Light","damage_taken":14,"max_hp_gain":0,"max_hp_loss":0,"event_name":"Shining Light","floor":5,"gold_loss":0,"cards_upgraded":["Defend_G","Defend_G"]},{"damage_healed":0,"gold_gain":0,"player_choice":"Got Potions","damage_taken":0,"max_hp_gain":0,"max_hp_loss":0,"event_name":"Lab","floor":12,"gold_loss":0},{"damage_healed":0,"gold_gain":100,"player_choice":"Pray","damage_taken":0,"max_hp_gain":0,"max_hp_loss":0,"event_name":"Golden Shrine","floor":20,"gold_loss":0}],"is_beta":false,"boss_relics":[{"not_picked":["Ring of the Serpent","Eternal Feather"],"picked":"WristBlade"}],"items_purged_floors":[19],"is_endless":false,"potions_floor_spawned":[1,2,4,14,18,24,30],"killed_by":"Champ","ascension_level":11}