{"path_per_floor":["M","M","M","M","M","E","?","?","T","M","M","R","M","M","R","B",null,"M","M","?","M","M","E","M","$","T","R","M","M","$","M","R"],"character_chosen":"IRONCLAD","items_purchased":["Girya","Shuriken"],"gold_per_floor":[109,123,137,156,167,201,272,237,237,248,258,258,271,291,291,394,394,409,421,421,438,451,483,499,213,239,239,250,262,12,31,31],"floor_reached":33,"campfire_rested":1,"playtime":2186,"current_hp_per_floor":[80,80,80,72,76,62,62,80,80,80,67,67,65,66,66,26,80,76,80,80,66,51,47,31,31,31,55,51,47,47,53,53],"items_purged":[],"gold":31,"score":319,"play_id":"fe4beca7-9433-47c7-8141-792b1d373f0c","local_time":"20180321172221","is_prod":false,"is_daily":false,"is_ascension_mode":true,"campfire_upgraded":2,"timestamp":1521667341,"path_taken":["M","M","M","M","M","E","?","?","T","M","M","R","?","M","R","BOSS","M","?","?","M","?","E","M","$","T","R","M","M","$","M","R","BOSS"],"build_version":"2018-03-15v3","purchased_purges":2,"victory":false,"master_deck":["Bash","Parasite","Perfected Strike+1","Warcry","Clash","Bludgeon+1","Shrug It Off","Rage","Wild Strike","Berserk","Pommel Strike","Pummel","Twin Strike","Immolate","Ghostly Armor","Twin Strike","Body Slam","Sever Soul","Clash","Searing Blow","Pommel Strike","Rampage","Battle Trance","Clash","Clash","Armaments+1","Shrug It Off+1","Sentinel+1","Twin Strike+1","Pommel Strike+1","Heavy Blade+1"],"max_hp_per_floor":[80,80,80,80,80,80,80,80,80,80,80,80,80,80,80,80,80,80,80,80,80,80,80,80,80,80,80,80,80,80,80,80],"relics":["Burning Blood","Du-Vu Doll","Prayer Wheel","Pandora\u0027s Box","Thread and Needle","Girya","Dream Catcher","Shuriken"],"card_choices":[{"not_picked":["Infernal Blade","Power Through"],"picked":"Clash"},{"not_picked":["Sword Boomerang","Feel No Pain"],"picked":"Bludgeon"},{"not_picked":["Twin Strike","Havoc"],"picked":"Shrug It Off"},{"not_picked":["Havoc","Thunderclap"],"picked":"Rage"},{"not_picked":["Anger","Headbutt"],"picked":"Wild Strike"},{"not_picked":["Rupture","Clothesline"],"picked":"Berserk"},{"not_picked":["Power Through","Carnage"],"picked":"Pommel Strike"},{"not_picked":["Intimidate","Spot Weakness"],"picked":"Pummel"},{"not_picked":["Sword Boomerang","Flex"],"picked":"Twin Strike"},{"not_picked":["Impervious","Limit Break"],"picked":"Immolate"},{"not_picked":["Bloodletting","Infernal Blade"],"picked":"Rampage"},{"not_picked":["Sword Boomerang","Seeing Red"],"picked":"Battle Trance"},{"not_picked":["Havoc","Twin Strike"],"picked":"Clash"},{"not_picked":["Bloodletting","Sentinel"],"picked":"Armaments"},{"not_picked":["Havoc","Dark Embrace"],"picked":"Shrug It Off"},{"not_picked":["Heavy Blade","Havoc"],"picked":"Sentinel"},{"not_picked":["Thunderclap","Dual Wield"],"picked":"Twin Strike"},{"not_picked":["Sentinel","Clothesline"],"picked":"Pommel Strike"},{"not_picked":["Carnage","Shockwave"],"picked":"Heavy Blade"}],"player_experience":64652,"potions_floor_usage":[6,19,23,33,33,33],"damage_taken":[{"damage":1,"enemies":"Cultist","floor":1,"turns":3},{"damage":6,"enemies":"Jaw Worm","floor":2,"turns":3},{"damage":0,"enemies":"2 Louse","floor":3,"turns":3},{"damage":14,"enemies":"Blue Slaver","floor":4,"turns":3},{"damage":2,"enemies":"Looter","floor":5,"turns":2},{"damage":20,"enemies":"3 Sentries","floor":6,"turns":8},{"damage":0,"enemies":"3 Louse","floor":10,"turns":3},{"damage":19,"enemies":"Gremlin Gang","floor":11,"turns":5},{"damage":8,"enemies":"Blue Slaver","floor":13,"turns":4},{"damage":5,"enemies":"Large Slime","floor":14,"turns":4},{"damage":46,"enemies":"Slime Boss","floor":16,"turns":12},{"damage":10,"enemies":"Chosen","floor":18,"turns":3},{"damage":2,"enemies":"3 Byrds","floor":19,"turns":3},{"damage":20,"enemies":"Sentry and Sphere","floor":21,"turns":4},{"damage":21,"enemies":"Snake Plant","floor":22,"turns":3},{"damage":10,"enemies":"Slavers","floor":23,"turns":5},{"damage":22,"enemies":"Slaver and Parasite","floor":24,"turns":5},{"damage":10,"enemies":"Sentry and Sphere","floor":28,"turns":5},{"damage":10,"enemies":"Centurion and Healer","floor":29,"turns":6},{"damage":0,"enemies":"3 Cultists","floor":31,"turns":5},{"damage":67,"enemies":"Champ","floor":33,"turns":7}],"event_choices":[{"event_name":"Golden Wing","player_choice":"Gained Gold","floor":7,"damage_taken":0},{"event_name":"The Cleric","player_choice":"Healed","floor":8,"damage_taken":0},{"event_name":"The Library","player_choice":"Read","floor":20,"damage_taken":0}],"boss_relics":[{"not_picked":["Runic Dome","Eternal Feather"],"picked":"Pandora\u0027s Box"}],"potions_floor_spawned":[1,2,6,18,21,22,31],"seed_played":"-2883510263997538618","killed_by":"Champ","ascension_level":1,"is_trial":false}