{"gold_per_floor":[110,125,125,50,80,80,105,120,120,135,135,152,152,178,178,252,252,267,287,287,27,47,59,59,93,93,93,9,29,29],"floor_reached":30,"playtime":1546,"items_purged":["Strike_G","Strike_G"],"score":620,"play_id":"73f4cfa6-ef06-4208-95ac-352e1f45465b","local_time":"20190504052337","is_ascension_mode":true,"campfire_choices":[{"data":"Choke","floor":6,"key":"SMITH"},{"data":"Dash","floor":11,"key":"SMITH"},{"data":"Neutralize","floor":13,"key":"SMITH"},{"data":"Underhanded Strike","floor":15,"key":"SMITH"},{"floor":24,"key":"REST"}],"neow_cost":"NONE","seed_source_timestamp":845356507362475,"circlet_count":0,"master_deck":["AscendersBane","Defend_G","Defend_G","Defend_G","Defend_G","Defend_G","Strike_G","Strike_G","Survivor","Neutralize+1","Choke+1","Underhanded Strike+1","Dash+1","Dagger Throw","Bullet Time","Night Terror","Mind Blast","Cloak And Dagger+1","Sucker Punch+1","Blade Dance+1","RitualDagger","Well Laid Plans+1","Wraith Form v2+1"],"relics":["Ring of the Snake","NeowsBlessing","Tiny Chest","Frozen Egg 2","Ninja Scroll","Centennial Puzzle","Black Star","Bottled Lightning","Blood Vial","Toxic Egg 2"],"potions_floor_usage":[14,16,22,25,25],"damage_taken":[{"damage":0,"enemies":"Small Slimes","floor":1,"turns":1},{"damage":0,"enemies":"Cultist","floor":2,"turns":1},{"damage":0,"enemies":"3 Sentries","floor":7,"turns":1},{"damage":0,"enemies":"Jaw Worm","floor":8,"turns":4},{"damage":8,"enemies":"Large Slime","floor":10,"turns":4},{"damage":6,"enemies":"3 Louse","floor":12,"turns":4},{"damage":0,"enemies":"Gremlin Nob","floor":14,"turns":2},{"damage":29,"enemies":"The Guardian","floor":16,"turns":14},{"damage":4,"enemies":"3 Byrds","floor":18,"turns":6},{"damage":11,"enemies":"2 Thieves","floor":19,"turns":4},{"damage":21,"enemies":"3 Cultists","floor":22,"turns":5},{"damage":6,"enemies":"Snake Plant","floor":23,"turns":3},{"damage":3,"enemies":"Gremlin Leader","floor":25,"turns":5},{"damage":17,"enemies":"Sentry and Sphere","floor":29,"turns":5},{"damage":18,"enemies":"Shelled Parasite and Fungi","floor":30,"turns":4}],"seed_played":"6816363537294093800","potions_obtained":[{"floor":1,"key":"LiquidBronze"},{"floor":10,"key":"FearPotion"},{"floor":22,"key":"Poison Potion"},{"floor":23,"key":"Fire Potion"}],"is_trial":false,"path_per_floor":["M","M","?","$","?","R","E","M","T","M","R","M","R","E","R","B",null,"M","M","T","$","M","M","R","E","T","?","$","M","M"],"character_chosen":"THE_SILENT","items_purchased":["Mind Blast","Explosive Potion","Well Laid Plans+1"],"campfire_rested":1,"item_purchase_floors":[21,21,28],"current_hp_per_floor":[59,59,59,59,59,59,59,59,59,51,51,45,45,45,45,16,54,50,39,39,39,18,12,31,28,28,22,22,7,0],"gold":29,"neow_bonus":"THREE_ENEMY_KILL","is_prod":false,"is_daily":false,"chose_seed":false,"campfire_upgraded":4,"win_rate":0,"timestamp":1556961817,"path_taken":["M","M","?","?","?","R","E","M","T","M","R","?","R","E","R","BOSS","M","M","?","?","?","M","R","E","T","?","$","M","M"],"build_version":"2019-01-23","purchased_purges":2,"victory":false,"max_hp_per_floor":[66,66,66,66,66,66,66,66,66,66,66,66,66,66,66,66,66,66,66,66,66,66,66,66,66,66,66,66,66,66],"card_choices":[{"not_picked":["Terror","Acrobatics"],"picked":"Choke","floor":1},{"not_picked":["Sucker Punch","Prepared"],"picked":"Underhanded Strike","floor":2},{"not_picked":["Choke","Skewer"],"picked":"Dash","floor":7},{"not_picked":["Escape Plan","Underhanded Strike"],"picked":"Dagger Throw","floor":8},{"not_picked":["Bouncing Flask","Poisoned Stab"],"picked":"Bullet Time","floor":10},{"not_picked":["Poisoned Stab","Outmaneuver","Flechettes"],"picked":"SKIP","floor":12},{"not_picked":["Setup","Dagger Throw","Outmaneuver"],"picked":"SKIP","floor":14},{"not_picked":["Burst","Bullet Time"],"picked":"Night Terror","floor":16},{"not_picked":["Dagger Throw","Dodge and Roll","Sucker Punch"],"picked":"SKIP","floor":18},{"not_picked":["Flying Knee","Riddle With Holes","Quick Slash"],"picked":"SKIP","floor":19},{"not_picked":["Leg Sweep","Backflip"],"picked":"Cloak And Dagger+1","floor":22},{"not_picked":["Slice","Prepared"],"picked":"Sucker Punch+1","floor":23},{"not_picked":["Slice","Dash"],"picked":"Blade Dance","floor":25},{"not_picked":["Poisoned Stab","Flying Knee"],"picked":"Wraith Form v2+1","floor":29}],"player_experience":1394167,"relics_obtained":[{"floor":7,"key":"Frozen Egg 2"},{"floor":9,"key":"Ninja Scroll"},{"floor":14,"key":"Centennial Puzzle"},{"floor":20,"key":"Bottled Lightning"},{"floor":25,"key":"Blood Vial"},{"floor":25,"key":"Toxic Egg 2"}],"event_choices":[{"damage_healed":0,"gold_gain":0,"cards_transformed":["Strike_G"],"player_choice":"Transformed","damage_taken":0,"max_hp_gain":0,"max_hp_loss":0,"event_name":"Transmorgrifier","floor":3,"gold_loss":0,"cards_obtained":["Flechettes"]},{"cards_removed":["Flechettes"],"damage_healed":0,"gold_gain":0,"player_choice":"Gave Card","damage_taken":0,"relics_obtained":["Tiny Chest"],"max_hp_gain":0,"max_hp_loss":0,"event_name":"WeMeetAgain","floor":5,"gold_loss":0},{"damage_healed":0,"gold_gain":0,"player_choice":"Joined the Cult","damage_taken":6,"max_hp_gain":0,"max_hp_loss":0,"event_name":"Nest","floor":27,"gold_loss":0,"cards_obtained":["RitualDagger"]}],"is_beta":false,"boss_relics":[{"not_picked":["Runic Dome","Astrolabe"],"picked":"Black Star"}],"items_purged_floors":[4,21],"is_endless":false,"potions_floor_spawned":[1,10,12,22,23],"killed_by":"Shelled Parasite and Fungi","ascension_level":20}