{"gold_per_floor":[114,124,141,156,81,81,97,97,97,108,143,143,43,43,43,143,143,155,166,166,183,197,197,122,122,122,134,146,161,175,1,1,1],"floor_reached":33,"playtime":1518,"items_purged":["Defend_R","Strike_R","Body Slam"],"score":329,"play_id":"987eb362-1a2b-4e30-8b75-6768231d209d","local_time":"20180723142327","is_ascension_mode":true,"campfire_choices":[{"data":"Anger","floor":6,"key":"SMITH"},{"data":"Dual Wield","floor":8,"key":"SMITH"},{"data":"Whirlwind","floor":12,"key":"SMITH"},{"data":"Clash","floor":15,"key":"SMITH"},{"data":"Rampage","floor":23,"key":"SMITH"},{"data":"Shrug It Off","floor":25,"key":"SMITH"},{"data":"True Grit","floor":32,"key":"SMITH"}],"neow_cost":"NONE","seed_source_timestamp":1018724784761423,"circlet_count":0,"master_deck":["Bash","Shrug It Off+1","Anger+1","Clash+1","Clash","Dual Wield+1","Whirlwind+1","Demon Form","Rampage+1","Headbutt","Anger","True Grit+1","Iron Wave+1"],"relics":["Burning Blood","Singing Bowl","Potion Belt","Pandora\u0027s Box","Shuriken"],"potions_floor_usage":[11,16,18,29,33,33,33],"damage_taken":[{"damage":0,"enemies":"Small Slimes","floor":1,"turns":3},{"damage":3,"enemies":"Cultist","floor":2,"turns":4},{"damage":7,"enemies":"Jaw Worm","floor":3,"turns":3},{"damage":6,"enemies":"Looter","floor":4,"turns":2},{"damage":5,"enemies":"Gremlin Gang","floor":7,"turns":3},{"damage":10,"enemies":"2 Fungi Beasts","floor":10,"turns":3},{"damage":6,"enemies":"3 Sentries","floor":11,"turns":6},{"damage":17,"enemies":"The Guardian","floor":16,"turns":8},{"damage":18,"enemies":"Shell Parasite","floor":18,"turns":3},{"damage":20,"enemies":"Chosen","floor":19,"turns":5},{"damage":0,"enemies":"Centurion and Healer","floor":21,"turns":4},{"damage":5,"enemies":"3 Cultists","floor":22,"turns":4},{"damage":23,"enemies":"Chosen and Byrds","floor":27,"turns":4},{"damage":0,"enemies":"Centurion and Healer","floor":28,"turns":2},{"damage":24,"enemies":"Snake Plant","floor":29,"turns":2},{"damage":11,"enemies":"Snecko","floor":30,"turns":4},{"damage":45,"enemies":"Champ","floor":33,"turns":6}],"seed_played":"-2337939227170809125","potions_obtained":[{"floor":3,"key":"Block Potion"},{"floor":4,"key":"EssenceOfSteel"},{"floor":11,"key":"AttackPotion"},{"floor":19,"key":"GamblersBrew"},{"floor":21,"key":"FearPotion"},{"floor":28,"key":"Ancient Potion"},{"floor":29,"key":"SteroidPotion"}],"is_trial":false,"path_per_floor":["M","M","M","M","$","R","M","R","T","M","E","R","$","?","R","B",null,"M","M","?","M","M","R","?","R","T","M","M","M","M","$","R"],"character_chosen":"IRONCLAD","items_purchased":["PowerPotion"],"campfire_rested":0,"item_purchase_floors":[31],"current_hp_per_floor":[80,80,79,79,79,79,80,80,80,76,78,78,78,78,78,67,82,72,60,60,68,71,71,71,71,71,56,64,46,43,43,43,0],"gold":1,"neow_bonus":"REMOVE_CARD","is_prod":false,"is_daily":false,"chose_seed":false,"campfire_upgraded":7,"win_rate":0,"timestamp":1532370207,"path_taken":["M","M","M","M","$","R","M","R","T","M","E","R","$","?","R","BOSS","M","M","?","?","M","R","?","R","T","?","M","M","M","$","R","BOSS"],"build_version":"2018-07-19v2","purchased_purges":3,"victory":false,"max_hp_per_floor":[80,80,80,80,80,80,80,80,80,80,82,82,82,82,82,82,82,84,86,86,88,90,90,90,90,90,92,94,94,96,96,96,96],"card_choices":[{"not_picked":["Wild Strike","Corruption"],"picked":"Shrug It Off","floor":1},{"not_picked":["Sever Soul","Heavy Blade"],"picked":"Anger","floor":2},{"not_picked":["Headbutt","Wild Strike"],"picked":"Clash","floor":3},{"not_picked":["Exhume","Perfected Strike"],"picked":"Clash","floor":4},{"not_picked":["Perfected Strike","Bloodletting"],"picked":"Dual Wield","floor":7},{"not_picked":["True Grit","Headbutt"],"picked":"Whirlwind","floor":10},{"not_picked":["Rupture","Wild Strike","Cleave"],"picked":"Singing Bowl","floor":11},{"not_picked":["Bludgeon","Exhume"],"picked":"Demon Form","floor":16},{"not_picked":["Wild Strike+1","Sword Boomerang","Iron Wave"],"picked":"Singing Bowl","floor":18},{"not_picked":["Twin Strike","Wild Strike","Body Slam"],"picked":"Singing Bowl","floor":19},{"not_picked":["Seeing Red","Clothesline","Thunderclap"],"picked":"Singing Bowl","floor":21},{"not_picked":["Body Slam+1","Flex","Clash+1"],"picked":"Singing Bowl","floor":22},{"not_picked":["Heavy Blade+1","Headbutt","Flex"],"picked":"Singing Bowl","floor":27},{"not_picked":["Fiend Fire","Cleave","Shockwave"],"picked":"Singing Bowl","floor":28},{"not_picked":["Uppercut","Clash+1"],"picked":"Iron Wave+1","floor":29},{"not_picked":["Bloodletting","Clothesline+1","Flex"],"picked":"Singing Bowl","floor":30}],"player_experience":302676,"relics_obtained":[{"floor":9,"key":"Singing Bowl"},{"floor":11,"key":"Potion Belt"},{"floor":26,"key":"Shuriken"}],"event_choices":[{"event_name":"Living Wall","player_choice":"Forget","floor":14,"damage_taken":0},{"event_name":"The Library","player_choice":"Read","floor":20,"damage_taken":0},{"event_name":"Beggar","player_choice":"Gave Gold","floor":24,"damage_taken":0}],"is_beta":false,"boss_relics":[{"not_picked":["Orrery","Velvet Choker"],"picked":"Pandora\u0027s Box"}],"items_purged_floors":[5,13,31],"is_endless":false,"potions_floor_spawned":[3,4,11,19,21,28,29],"killed_by":"Champ","ascension_level":4}