{"gold_per_floor":[118,133,133,133,143,143,156,189,216,216,233,266,280,280,280,351,401,413,433,348,366,379,379,379],"floor_reached":24,"playtime":1623,"items_purged":[],"score":399,"play_id":"886a7d17-acdf-4de6-946a-ad1e0c97c9a1","local_time":"20181229023247","is_ascension_mode":true,"campfire_choices":[{"data":"Poisoned Stab","floor":6.0,"key":"SMITH"},{"data":"Venomology","floor":10,"key":"SMITH"},{"floor":15,"key":"REST"},{"floor":23,"key":"REST"}],"neow_cost":"NONE","seed_source_timestamp":694636617843180,"circlet_count":0,"master_deck":["AscendersBane","Defend_G","Defend_G","Defend_G","Defend_G","Defend_G","Strike_G","Strike_G","Strike_G+1","Strike_G","Survivor","Neutralize","Poisoned Stab+1","Well Laid Plans","Slice","Venomology+1","Leg Sweep","Dodge and Roll","Deadly Poison","Finisher","Adrenaline","Cloak And Dagger"],"special_seed":0,"relics":["Ring of the Snake","Dream Catcher","Bag of Marbles","Art of War","Tiny House","Centennial Puzzle"],"potions_floor_usage":[8,8,12,12,16,16,21,22,22,22],"damage_taken":[{"damage":2.0,"enemies":"Small Slimes","floor":1.0,"turns":4.0},{"damage":0.0,"enemies":"Cultist","floor":2.0,"turns":4.0},{"damage":1.0,"enemies":"2 Louse","floor":5.0,"turns":4.0},{"damage":8.0,"enemies":"Large Slime","floor":7.0,"turns":7.0},{"damage":20,"enemies":"Lagavulin","floor":8,"turns":4},{"damage":9,"enemies":"3 Louse","floor":11,"turns":3},{"damage":17,"enemies":"Gremlin Nob","floor":12,"turns":5},{"damage":0,"enemies":"Blue Slaver","floor":13,"turns":4},{"damage":14,"enemies":"Hexaghost","floor":16,"turns":11},{"damage":14,"enemies":"Chosen","floor":18,"turns":6},{"damage":15,"enemies":"Spheric Guardian","floor":19,"turns":6},{"damage":10,"enemies":"Centurion and Healer","floor":21,"turns":5},{"damage":5,"enemies":"Chosen and Byrds","floor":22,"turns":10},{"damage":66,"enemies":"Masked Bandits","floor":24,"turns":5}],"seed_played":"-5968322975613731390","potions_obtained":[{"floor":2.0,"key":"Block Potion"},{"floor":4.0,"key":"SteroidPotion"},{"floor":5.0,"key":"FearPotion"},{"floor":16,"key":"FairyPotion"},{"floor":17,"key":"SneckoOil"}],"is_trial":false,"path_per_floor":["M","M","?","?","M","R","M","E","T","R","M","E","M","?","R","B",null,"M","M","?","M","M","R","?"],"character_chosen":"THE_SILENT","items_purchased":[],"campfire_rested":2,"item_purchase_floors":[],"current_hp_per_floor":[63,63,68,68,67,67,59,39,39,39,30,13,13,6,29,15,67,53,38,38,28,23,47,0],"gold":379,"neow_bonus":"TEN_PERCENT_HP_BONUS","is_prod":false,"is_daily":false,"chose_seed":false,"campfire_upgraded":2,"win_rate":0,"timestamp":1546068767,"path_taken":["M","M","?","?","M","R","M","E","T","R","?","E","M","?","R","BOSS","M","M","?","M","M","R","?"],"build_version":"2018-12-20","purchased_purges":0,"victory":false,"max_hp_per_floor":[72,72,77,77,77,77,77,77,77,77,77,77,77,77,77,77,82,82,82,82,82,82,82,82],"card_choices":[{"not_picked":["Deflect","Slice"],"picked":"Poisoned Stab","floor":1.0},{"not_picked":["Cloak And Dagger","Acrobatics"],"picked":"Well Laid Plans","floor":2.0},{"not_picked":["Acrobatics","Backflip"],"picked":"Slice","floor":5.0},{"not_picked":["Bane","Endless Agony"],"picked":"Venomology","floor":7.0},{"not_picked":["Slice","Well Laid Plans","Dagger Throw"],"picked":"SKIP","floor":8},{"not_picked":["Poisoned Stab","Quick Slash"],"picked":"Leg Sweep","floor":11},{"not_picked":["Blade Dance","Concentrate"],"picked":"Dodge and Roll","floor":12},{"not_picked":["Flying Knee","Prepared"],"picked":"Deadly Poison","floor":13},{"not_picked":["Dash","Acrobatics"],"picked":"Finisher","floor":15},{"not_picked":["Die Die Die","Envenom"],"picked":"Adrenaline","floor":16},{"not_picked":["Dagger Spray","Well Laid Plans+1","Cloak And Dagger"],"picked":"SKIP","floor":18},{"not_picked":["Setup","Acrobatics","Underhanded Strike"],"picked":"SKIP","floor":19},{"not_picked":["Prepared","Underhanded Strike","Flying Knee"],"picked":"SKIP","floor":21},{"not_picked":["Blade Dance","Predator"],"picked":"Cloak And Dagger","floor":22}],"player_experience":1082379,"relics_obtained":[{"floor":8,"key":"Dream Catcher"},{"floor":9,"key":"Bag of Marbles"},{"floor":12,"key":"Art of War"}],"event_choices":[{"damage_healed":0.0,"max_hp_gain":5.0,"max_hp_loss":0.0,"gold_gain":0.0,"event_name":"Big Fish","player_choice":"Donut","floor":3.0,"gold_loss":0.0,"damage_taken":0.0},{"damage_healed":0.0,"max_hp_gain":0.0,"max_hp_loss":0.0,"gold_gain":0.0,"event_name":"Lab","player_choice":"Got Potions","floor":4.0,"gold_loss":0.0,"damage_taken":0.0},{"cards_removed":["Strike_G"],"damage_healed":0,"gold_gain":0,"player_choice":"Card Removal","damage_taken":7,"max_hp_gain":0,"max_hp_loss":0,"event_name":"Golden Wing","floor":14,"gold_loss":0},{"damage_healed":0,"gold_gain":0,"player_choice":"Obtained Relic","damage_taken":0,"relics_obtained":["Centennial Puzzle"],"max_hp_gain":0,"max_hp_loss":0,"event_name":"Addict","floor":20,"gold_loss":85},{"damage_healed":0,"gold_gain":0,"player_choice":"Fought Bandits","damage_taken":0,"max_hp_gain":0,"max_hp_loss":0,"event_name":"Masked Bandits","floor":24,"gold_loss":0}],"is_beta":false,"boss_relics":[{"not_picked":["Calling Bell","Runic Pyramid"],"picked":"Tiny House"}],"items_purged_floors":[],"is_endless":false,"potions_floor_spawned":[2,5,7,16,19],"killed_by":"Masked Bandits","ascension_level":18}