{"gold_per_floor":[219,219,229,96,113,113,138,138,138,158,158,184,194,213,213,292,292,303,323,336,336,353,353,380,380,380,380,380,380,407,424,424,497,497,507,7,7,22,41,41,54,79,105,105],"floor_reached":44,"playtime":2922,"items_purged":["Strike_G"],"score":1045,"play_id":"aaa32fb1-6495-4367-8a39-bb1d0f95c2e1","local_time":"20190506064626","is_ascension_mode":true,"campfire_choices":[{"floor":6.0,"key":"REST"},{"floor":11.0,"key":"REST"},{"floor":15.0,"key":"REST"},{"data":"Neutralize","floor":23.0,"key":"SMITH"},{"data":"Ghostly","floor":25.0,"key":"SMITH"},{"data":"Ghostly","floor":27.0,"key":"SMITH"},{"floor":32.0,"key":"REST"},{"data":"After Image","floor":40.0,"key":"SMITH"}],"neow_cost":"NONE","seed_source_timestamp":1021425550284303,"circlet_count":0,"master_deck":["AscendersBane","Defend_G","Defend_G","Defend_G","Defend_G+1","Defend_G","Strike_G","Strike_G","Strike_G","Survivor","Neutralize+1","Quick Slash","Flying Knee+1","Finisher+1","Sucker Punch+1","After Image+1","Underhanded Strike+1","Crippling Poison+1","Slice+1","Endless Agony+1","Die Die Die+1","Slice+1","Quick Slash+1","Ghostly+1","Ghostly+1","Ghostly+1","Dagger Throw+1","Heel Hook+1","Infinite Blades","Corpse Explosion","Backstab+1","Deflect+1","Blur+1","Parasite","Flechettes+1","Deflect"],"special_seed":0,"relics":["Ring of the Snake","Molten Egg 2","Turnip","Shuriken","Pear","WristBlade","War Paint","Sundial","Dodecahedron","Runic Pyramid","Incense Burner","Strawberry"],"potions_floor_usage":[44,44],"damage_taken":[{"damage":23.0,"enemies":"Jaw Worm","floor":1.0,"turns":9.0},{"damage":4.0,"enemies":"2 Louse","floor":3.0,"turns":3.0},{"damage":0.0,"enemies":"Cultist","floor":5.0,"turns":2.0},{"damage":23.0,"enemies":"3 Sentries","floor":7.0,"turns":8.0},{"damage":0.0,"enemies":"Exordium Wildlife","floor":10.0,"turns":4.0},{"damage":6.0,"enemies":"Lagavulin","floor":12.0,"turns":6.0},{"damage":5.0,"enemies":"3 Louse","floor":13.0,"turns":2.0},{"damage":5.0,"enemies":"Red Slaver","floor":14.0,"turns":3.0},{"damage":22.0,"enemies":"Slime Boss","floor":16.0,"turns":8.0},{"damage":3.0,"enemies":"3 Byrds","floor":18.0,"turns":4.0},{"damage":0.0,"enemies":"Spheric Guardian","floor":19.0,"turns":1.0},{"damage":9.0,"enemies":"Snecko","floor":20.0,"turns":4.0},{"damage":8.0,"enemies":"Shelled Parasite and Fungi","floor":22.0,"turns":6.0},{"damage":1.0,"enemies":"Book of Stabbing","floor":24.0,"turns":4.0},{"damage":6.0,"enemies":"Slavers","floor":28.0,"turns":5.0},{"damage":4.0,"enemies":"Gremlin Leader","floor":30.0,"turns":7.0},{"damage":0.0,"enemies":"Centurion and Healer","floor":31.0,"turns":6.0},{"damage":28.0,"enemies":"Champ","floor":33.0,"turns":11.0},{"damage":11.0,"enemies":"3 Shapes","floor":35.0,"turns":2.0},{"damage":0.0,"enemies":"Orb Walker","floor":38.0,"turns":3.0},{"damage":0.0,"enemies":"Writhing Mass","floor":39.0,"turns":7.0},{"damage":0.0,"enemies":"Sphere and 2 Shapes","floor":41.0,"turns":4.0},{"damage":11.0,"enemies":"Giant Head","floor":42.0,"turns":9.0},{"damage":19,"enemies":"Reptomancer","floor":44,"turns":3}],"seed_played":"4288673936386716012","potions_obtained":[{"floor":1.0,"key":"Block Potion"},{"floor":10.0,"key":"LiquidBronze"},{"floor":16.0,"key":"Fire Potion"},{"floor":18.0,"key":"SmokeBomb"},{"floor":20.0,"key":"FearPotion"},{"floor":24.0,"key":"SneckoOil"},{"floor":33.0,"key":"Energy Potion"},{"floor":39.0,"key":"Strength Potion"},{"floor":42.0,"key":"EssenceOfSteel"}],"is_trial":false,"path_per_floor":["M","?","M","$","M","R","E","?","T","M","R","E","M","M","R","B",null,"M","M","M","?","M","R","E","R","T","R","E","?","E","M","R","B",null,"M","$","?","M","M","R","M","E","T","E"],"character_chosen":"THE_SILENT","items_purchased":["Finisher+1","Dexterity Potion","Incense Burner","Deflect","Energy Potion"],"campfire_rested":4,"item_purchase_floors":[4,4,36,36,36],"current_hp_per_floor":[36,10,6,6,6,25,2,2,2,2,21,25,20,15,37,15,61,58,58,49,38,30,30,29,29,29,29,23,23,19,19,30,2,29,18,18,18,18,18,18,18,14,14,0],"gold":105,"neow_bonus":"HUNDRED_GOLD","is_prod":false,"is_daily":false,"chose_seed":false,"campfire_upgraded":4,"win_rate":0,"timestamp":1557139586,"path_taken":["M","?","M","$","M","R","E","?","T","M","R","E","?","M","R","BOSS","M","M","M","?","M","R","E","R","T","R","E","?","E","M","R","BOSS","M","$","?","M","M","R","M","E","T","E"],"build_version":"2019-01-23","purchased_purges":1,"victory":false,"max_hp_per_floor":[66,66,66,66,66,66,66,66,66,66,66,76,76,76,76,76,76,76,76,76,38,38,38,38,38,38,38,38,38,38,38,38,38,38,38,38,38,38,38,38,38,45,45,45],"card_choices":[{"not_picked":["Prepared","Acrobatics"],"picked":"Quick Slash","floor":1.0},{"not_picked":["Calculated Gamble","Bane+1"],"picked":"Flying Knee+1","floor":3.0},{"not_picked":["Dagger Spray+1","Backflip"],"picked":"Sucker Punch+1","floor":5.0},{"not_picked":["Flying Knee+1","Leg Sweep"],"picked":"After Image","floor":7.0},{"not_picked":["Sucker Punch+1","Bane+1"],"picked":"Underhanded Strike+1","floor":10.0},{"not_picked":["Acrobatics","Deadly Poison"],"picked":"Crippling Poison","floor":12.0},{"not_picked":["Tactician","Deflect"],"picked":"Slice+1","floor":13.0},{"not_picked":["Prepared","Bane+1"],"picked":"Endless Agony+1","floor":14.0},{"not_picked":["Storm of Steel","Corpse Explosion"],"picked":"Die Die Die+1","floor":16.0},{"not_picked":["Prepared","Outmaneuver","Bane+1"],"picked":"SKIP","floor":18.0},{"not_picked":["Quick Slash+1","Bane+1"],"picked":"Slice+1","floor":19.0},{"not_picked":["Underhanded Strike+1","Predator+1"],"picked":"Quick Slash+1","floor":20.0},{"not_picked":["Caltrops","Setup+1"],"picked":"Dagger Throw+1","floor":22.0},{"not_picked":["Skewer+1","Finisher+1"],"picked":"Heel Hook+1","floor":24.0},{"not_picked":["Quick Slash+1","Phantasmal Killer"],"picked":"Infinite Blades","floor":30.0},{"not_picked":["Setup","Outmaneuver","Deadly Poison"],"picked":"SKIP","floor":31.0},{"not_picked":["Storm of Steel","Venomology"],"picked":"Corpse Explosion","floor":33.0},{"not_picked":["Outmaneuver","Infinite Blades"],"picked":"Backstab+1","floor":35.0},{"not_picked":["Distraction","Footwork"],"picked":"Blur+1","floor":38.0},{"not_picked":["Concentrate","Deflect+1"],"picked":"Flechettes+1","floor":39.0},{"not_picked":["Finisher+1","Endless Agony+1"],"picked":"Deflect","floor":41.0},{"not_picked":["Sucker Punch+1","Blur","Infinite Blades+1"],"picked":"SKIP","floor":42.0}],"player_experience":1449510,"relics_obtained":[{"floor":7.0,"key":"Turnip"},{"floor":9.0,"key":"Shuriken"},{"floor":12.0,"key":"Pear"},{"floor":24.0,"key":"War Paint"},{"floor":26.0,"key":"Sundial"},{"floor":30.0,"key":"Dodecahedron"},{"floor":42.0,"key":"Strawberry"}],"event_choices":[{"damage_healed":0.0,"max_hp_gain":0.0,"max_hp_loss":0.0,"gold_gain":0.0,"event_name":"Scrap Ooze","player_choice":"Success","floor":2.0,"gold_loss":0.0,"damage_taken":26.0,"relics_obtained":["Molten Egg 2"]},{"cards_removed":["Strike_G"],"damage_healed":0.0,"max_hp_gain":0.0,"max_hp_loss":0.0,"gold_gain":0.0,"event_name":"Purifier","player_choice":"Purged","floor":8.0,"gold_loss":0.0,"damage_taken":0.0},{"damage_healed":0.0,"max_hp_gain":0.0,"max_hp_loss":38.0,"gold_gain":0.0,"event_name":"Ghosts","player_choice":"Became a Ghost","floor":21.0,"gold_loss":0.0,"damage_taken":0.0,"cards_obtained":["Ghostly","Ghostly","Ghostly"]},{"damage_healed":0.0,"max_hp_gain":0.0,"max_hp_loss":0.0,"gold_gain":0.0,"event_name":"Upgrade Shrine","player_choice":"Upgraded","floor":29.0,"gold_loss":0.0,"damage_taken":0.0,"cards_upgraded":["Crippling Poison"]},{"damage_healed":0.0,"max_hp_gain":0.0,"max_hp_loss":0.0,"gold_gain":0.0,"event_name":"Upgrade Shrine","player_choice":"Upgraded","floor":37.0,"gold_loss":0.0,"damage_taken":0.0,"cards_upgraded":["Deflect"]}],"is_beta":false,"boss_relics":[{"not_picked":["Tiny House","Coffee Dripper"],"picked":"WristBlade"},{"not_picked":["Ring of the Serpent","Orrery"],"picked":"Runic Pyramid"}],"items_purged_floors":[36],"is_endless":false,"potions_floor_spawned":[1,5,10,16,18,20,24,33,39,42],"killed_by":"Reptomancer","ascension_level":20}