{"gold_per_floor":[110,110,128,140,140,140,175,175,201,201,49,65,146,166,166,244,244,260,270,167,167,20,20,53,73,125,125],"floor_reached":27,"playtime":850,"items_purged":["Strike_B"],"score":404,"play_id":"53b16f5a-dd58-4279-bd04-497b0b954cca","local_time":"20190723021832","is_ascension_mode":true,"campfire_choices":[{"floor":6,"key":"REST"},{"floor":8,"key":"REST"},{"floor":15,"key":"REST"},{"data":"Zap","floor":23,"key":"SMITH"}],"neow_cost":"NONE","seed_source_timestamp":23747852471686,"circlet_count":0,"master_deck":["AscendersBane","Strike_B","Defend_B","Defend_B","Defend_B","Defend_B","Zap+1","Dualcast","Sweeping Beam","Streamline","FTL","Ball Lightning","Force Field","Static Discharge","Capacitor","Chaos","Coolheaded","Redo","Creative AI","Stack"],"relics":["Cracked Core","NeowsBlessing","Potion Belt","Pocketwatch","Orichalcum","Mummified Hand","Inserter","Bag of Preparation","Cables","Omamori"],"potions_floor_usage":[16,16,24,24,24,24,25,25,25,27],"damage_taken":[{"damage":0,"enemies":"Jaw Worm","floor":1,"turns":1},{"damage":0,"enemies":"Small Slimes","floor":3,"turns":1},{"damage":0,"enemies":"2 Louse","floor":4,"turns":1},{"damage":20,"enemies":"Gremlin Nob","floor":7,"turns":3},{"damage":11,"enemies":"Looter","floor":12,"turns":3},{"damage":13,"enemies":"Large Slime","floor":14,"turns":3},{"damage":31,"enemies":"Slime Boss","floor":16,"turns":8},{"damage":33,"enemies":"Chosen","floor":18,"turns":5},{"damage":20,"enemies":"Shell Parasite","floor":19,"turns":5},{"damage":44,"enemies":"Book of Stabbing","floor":24,"turns":7},{"damage":35,"enemies":"Snake Plant","floor":25,"turns":4},{"damage":19,"enemies":"3 Cultists","floor":27,"turns":3}],"seed_played":"77844425387491393","potions_obtained":[{"floor":7,"key":"Swift Potion"},{"floor":12,"key":"Block Potion"},{"floor":14,"key":"Energy Potion"},{"floor":18,"key":"Dexterity Potion"},{"floor":25,"key":"Swift Potion"}],"is_trial":false,"path_per_floor":["M","?","M","M","?","R","E","R","T","?","$","M","T","M","R","B",null,"M","M","$","?","$","R","E","M","T","M"],"character_chosen":"DEFECT","items_purchased":["Static Discharge","EntropicBrew","Bag of Preparation"],"campfire_rested":3,"item_purchase_floors":[11,20,22],"current_hp_per_floor":[64,57,57,57,22,43,23,44,44,44,44,33,33,20,41,10,56,23,3,3,81,81,81,37,14,14,0],"gold":125,"neow_bonus":"THREE_ENEMY_KILL","is_prod":false,"is_daily":false,"chose_seed":false,"campfire_upgraded":1,"win_rate":0,"timestamp":1563812312,"path_taken":["M","?","M","M","?","R","E","R","T","?","$","M","?","M","R","BOSS","M","M","$","?","$","R","E","?","T","M"],"build_version":"2019-07-17","purchased_purges":1,"victory":false,"max_hp_per_floor":[71,71,71,71,71,71,71,71,71,71,71,71,71,71,71,71,71,71,71,71,81,81,81,81,81,81,81],"card_choices":[{"not_picked":["Leap","Turbo"],"picked":"Sweeping Beam","floor":1},{"not_picked":["Auto Shields","Beam Cell"],"picked":"Streamline","floor":3},{"not_picked":["Steam Power","Sweeping Beam"],"picked":"FTL","floor":4},{"not_picked":["Reinforced Body","Rebound"],"picked":"Ball Lightning","floor":7},{"not_picked":["Barrage","Coolheaded"],"picked":"Capacitor","floor":12},{"not_picked":["Beam Cell","Hello World"],"picked":"Chaos","floor":14},{"not_picked":["Reboot","Multi-Cast"],"picked":"Hyperbeam","floor":16},{"not_picked":["Barrage","Gash+1"],"picked":"Coolheaded","floor":18},{"not_picked":["Sweeping Beam","Capacitor"],"picked":"Redo","floor":19},{"not_picked":["Static Discharge","Stack"],"picked":"Creative AI","floor":24},{"not_picked":["Turbo","Hello World"],"picked":"Stack","floor":25}],"player_experience":1064877,"relics_obtained":[{"floor":7,"key":"Pocketwatch"},{"floor":9,"key":"Orichalcum"},{"floor":13,"key":"Mummified Hand"},{"floor":24,"key":"Cables"},{"floor":26,"key":"Omamori"}],"event_choices":[{"cards_removed":["Strike_B"],"damage_healed":0,"gold_gain":0,"player_choice":"Card Removal","damage_taken":7,"max_hp_gain":0,"max_hp_loss":0,"event_name":"Golden Wing","floor":2,"gold_loss":0},{"damage_healed":0,"gold_gain":0,"player_choice":"Success","damage_taken":35,"relics_obtained":["Potion Belt"],"max_hp_gain":0,"max_hp_loss":0,"event_name":"Scrap Ooze","floor":5,"gold_loss":0},{"damage_healed":0,"gold_gain":0,"cards_transformed":["Strike_B"],"player_choice":"Change","damage_taken":0,"max_hp_gain":0,"max_hp_loss":0,"event_name":"Living Wall","floor":10,"gold_loss":0,"cards_obtained":["Force Field"]},{"cards_removed":["Hyperbeam"],"damage_healed":68,"gold_gain":0,"player_choice":"Offered Rare","damage_taken":0,"max_hp_gain":10,"max_hp_loss":0,"event_name":"Bonfire Elementals","floor":21,"gold_loss":0}],"is_beta":false,"boss_relics":[{"not_picked":["Fusion Hammer","Astrolabe"],"picked":"Inserter"}],"items_purged_floors":[11],"is_endless":false,"potions_floor_spawned":[7,12,14,18,25],"killed_by":"3 Cultists","ascension_level":15}