{"gold_per_floor":[118,118,43,43,43,79,36,51,51,51,51,86,86,99,99,193,193,214,139,139,139,159,159,5,39,96,96,96,111,129,129,129,222,222,242,242,242,258,274,274,299,299],"floor_reached":42,"playtime":2820,"items_purged":["Strike_B"],"score":919,"play_id":"1d26c6bc-deaa-4609-8714-27bababf4ce2","local_time":"20190815222152","is_ascension_mode":true,"campfire_choices":[{"data":"Glacier","floor":10.0,"key":"SMITH"},{"data":"Darkness","floor":13.0,"key":"SMITH"},{"data":"Zap","floor":15.0,"key":"SMITH"},{"floor":23.0,"key":"REST"},{"floor":28.0,"key":"REST"},{"floor":32.0,"key":"REST"},{"floor":40,"key":"REST"}],"neow_cost":"NONE","seed_source_timestamp":1664286031909754,"circlet_count":0,"master_deck":["AscendersBane","Strike_B","Defend_B","Defend_B","Zap+1","Dualcast","Go for the Eyes","Scrape","Glacier+1","Rebound","Darkness+1","Cold Snap","Machine Learning+1","Rip and Tear+1","Necronomicurse","Undo","Redo","Fusion","Doom and Gloom+1","FTL","Defragment+1","Capacitor+1","Steam","Buffer+1","Writhe","Hologram+1","Conserve Battery"],"special_seed":0,"relics":["FrozenCore","NeowsBlessing","Golden Idol","Turnip","Frozen Egg 2","StoneCalendar","Regal Pillow","Nuclear Battery","Necronomicon","Question Card","Tiny Chest","The Courier"],"potions_floor_usage":[],"damage_taken":[{"damage":0.0,"enemies":"Jaw Worm","floor":1.0,"turns":1.0},{"damage":0.0,"enemies":"Gremlin Nob","floor":6.0,"turns":1.0},{"damage":0.0,"enemies":"2 Louse","floor":8.0,"turns":1.0},{"damage":14.0,"enemies":"Lagavulin","floor":12.0,"turns":7.0},{"damage":0.0,"enemies":"Small Slimes","floor":14.0,"turns":2.0},{"damage":21.0,"enemies":"Hexaghost","floor":16.0,"turns":9.0},{"damage":31.0,"enemies":"2 Thieves","floor":18.0,"turns":4.0},{"damage":0.0,"enemies":"Chosen","floor":22.0,"turns":4.0},{"damage":41.0,"enemies":"Gremlin Leader","floor":25.0,"turns":5.0},{"damage":29.0,"enemies":"Centurion and Healer","floor":29.0,"turns":4.0},{"damage":12.0,"enemies":"Cultist and Chosen","floor":30.0,"turns":5.0},{"damage":9,"enemies":"Champ","floor":33,"turns":9},{"damage":23,"enemies":"3 Darklings","floor":35,"turns":6},{"damage":0,"enemies":"3 Shapes","floor":38,"turns":2},{"damage":23,"enemies":"Jaw Worm Horde","floor":39,"turns":5},{"damage":15,"enemies":"Maw","floor":41,"turns":7},{"damage":58,"enemies":"Reptomancer","floor":42,"turns":2}],"seed_played":"-472089179084669764","potions_obtained":[{"floor":1.0,"key":"Energy Potion"},{"floor":16.0,"key":"LiquidBronze"},{"floor":18.0,"key":"Fire Potion"},{"floor":22.0,"key":"Dexterity Potion"},{"floor":25.0,"key":"FocusPotion"}],"is_trial":false,"path_per_floor":["M","?","?","?","?","E","$","M","T","R","?","E","R","M","R","B",null,"M","?","?","?","M","R","$","E","T","?","R","M","M","T","R","B",null,"M","?","?","M","M","R","M","E"],"character_chosen":"DEFECT","items_purchased":["Glacier","Doom and Gloom"],"campfire_rested":4,"item_purchase_floors":[7,24],"current_hp_per_floor":[64,57,57,62,62,62,62,62,62,62,57,43,43,43,43,22,63,32,32,11,11,11,48,48,7,7,7,44,15,3,3,40,31,65,42,57,57,57,34,71,56,0],"gold":299,"neow_bonus":"THREE_ENEMY_KILL","is_prod":false,"is_daily":false,"chose_seed":false,"campfire_upgraded":3,"win_rate":0,"timestamp":1565922112,"path_taken":["M","?","?","?","?","E","?","M","T","R","?","E","R","M","R","BOSS","M","?","?","?","?","R","$","E","T","?","R","M","M","?","R","BOSS","M","?","?","?","M","R","M","E"],"build_version":"2019-07-17","purchased_purges":1,"victory":false,"max_hp_per_floor":[71,71,71,76,76,76,76,76,76,76,76,76,76,76,76,76,76,76,76,76,76,76,76,76,76,76,76,76,76,76,76,76,76,76,76,76,76,76,76,76,76,76],"card_choices":[{"not_picked":["Blizzard","Coolheaded"],"picked":"Go for the Eyes","floor":1.0},{"not_picked":["Rip and Tear","Go for the Eyes"],"picked":"Scrape","floor":6.0},{"not_picked":["Turbo","Steam"],"picked":"Rebound","floor":8.0},{"not_picked":["Chaos","Compile Driver"],"picked":"Darkness","floor":12.0},{"not_picked":["Leap","Heatsinks+1"],"picked":"Cold Snap","floor":14.0},{"not_picked":["Echo Form+1","Hyperbeam"],"picked":"Machine Learning+1","floor":16.0},{"not_picked":["Hologram","Steam"],"picked":"Rip and Tear+1","floor":18.0},{"not_picked":["Chaos","Hologram"],"picked":"Fusion","floor":22.0},{"not_picked":["Compile Driver+1","Barrage"],"picked":"FTL","floor":25.0},{"not_picked":["Barrage","Redo","Compile Driver"],"picked":"Capacitor+1","floor":29.0},{"not_picked":["Conserve Battery","Heatsinks+1","Steam Power+1"],"picked":"Steam","floor":30.0},{"not_picked":["Amplify","Reboot","Hyperbeam"],"picked":"Buffer+1","floor":33},{"not_picked":["Gash+1","Melter","Rip and Tear","Barrage"],"picked":"SKIP","floor":35},{"not_picked":["Skim","Conserve Battery","Compile Driver"],"picked":"Hologram+1","floor":38},{"not_picked":["Hello World+1","Chill","Heatsinks+1"],"picked":"Conserve Battery","floor":39},{"not_picked":["Conserve Battery","Static Discharge+1","Undo","Redo"],"picked":"SKIP","floor":41}],"player_experience":1808699,"relics_obtained":[{"floor":6.0,"key":"Turnip"},{"floor":9.0,"key":"Frozen Egg 2"},{"floor":12.0,"key":"Regal Pillow"},{"floor":20.0,"key":"Necronomicon"},{"floor":25.0,"key":"Question Card"},{"floor":26.0,"key":"Tiny Chest"},{"floor":31.0,"key":"The Courier"}],"event_choices":[{"cards_removed":["Strike_B"],"damage_healed":0.0,"max_hp_gain":0.0,"max_hp_loss":0.0,"gold_gain":0.0,"event_name":"Golden Wing","player_choice":"Card Removal","floor":2.0,"gold_loss":0.0,"damage_taken":7.0},{"cards_removed":["Defend_B"],"damage_healed":0.0,"max_hp_gain":0.0,"max_hp_loss":0.0,"gold_gain":0.0,"event_name":"The Cleric","player_choice":"Card Removal","floor":3.0,"gold_loss":75.0,"damage_taken":0.0},{"damage_healed":0.0,"max_hp_gain":5.0,"max_hp_loss":0.0,"gold_gain":0.0,"event_name":"Big Fish","player_choice":"Donut","floor":4.0,"gold_loss":0.0,"damage_taken":0.0},{"damage_healed":0.0,"max_hp_gain":0.0,"max_hp_loss":0.0,"gold_gain":0.0,"event_name":"Golden Idol","player_choice":"Take Wound","floor":5.0,"gold_loss":0.0,"damage_taken":0.0,"relics_obtained":["Golden Idol"],"cards_obtained":["Injury"]},{"damage_healed":0.0,"max_hp_gain":0.0,"max_hp_loss":0.0,"gold_gain":0.0,"event_name":"Scrap Ooze","player_choice":"Success","floor":11.0,"gold_loss":0.0,"damage_taken":5.0,"relics_obtained":["StoneCalendar"]},{"cards_removed":["Injury"],"damage_healed":0.0,"max_hp_gain":0.0,"max_hp_loss":0.0,"gold_gain":0.0,"event_name":"Beggar","player_choice":"Gave Gold","floor":19.0,"gold_loss":75.0,"damage_taken":0.0},{"damage_healed":0.0,"max_hp_gain":0.0,"max_hp_loss":0.0,"gold_gain":0.0,"event_name":"Cursed Tome","player_choice":"Obtained Book","floor":20.0,"gold_loss":0.0,"damage_taken":21.0},{"damage_healed":0.0,"max_hp_gain":0.0,"max_hp_loss":0.0,"gold_gain":0.0,"cards_transformed":["Strike_B","Defend_B"],"event_name":"Drug Dealer","player_choice":"Became Test Subject","floor":21.0,"gold_loss":0.0,"damage_taken":0.0,"cards_obtained":["Undo","Redo"]},{"damage_healed":0.0,"max_hp_gain":0.0,"max_hp_loss":0.0,"gold_gain":0.0,"event_name":"The Library","player_choice":"Read","floor":27.0,"gold_loss":0.0,"damage_taken":0.0,"cards_obtained":["Defragment"]},{"damage_healed":15,"gold_gain":0,"player_choice":"Writhe","damage_taken":0,"max_hp_gain":0,"max_hp_loss":0,"event_name":"Winding Halls","floor":36,"gold_loss":0,"cards_obtained":["Writhe"]},{"damage_healed":0,"gold_gain":0,"player_choice":"Upgraded","damage_taken":0,"max_hp_gain":0,"max_hp_loss":0,"event_name":"Upgrade Shrine","floor":37,"gold_loss":0,"cards_upgraded":["Doom and Gloom"]}],"is_beta":false,"boss_relics":[{"not_picked":["Velvet Choker","Eternal Feather"],"picked":"Nuclear Battery"},{"not_picked":["Astrolabe","Tiny House"],"picked":"FrozenCore"}],"items_purged_floors":[24],"is_endless":false,"potions_floor_spawned":[1,16,18,22,25],"killed_by":"Reptomancer","ascension_level":20}