{"gold_per_floor":[112,131,144,155,169,169,195,195,195,212,212,228,248,281,281,355,355,367,385,398,323,29,29,56,56,56,88,88,115,144,160,160,160],"floor_reached":33,"playtime":2739,"items_purged":[],"score":763,"play_id":"c4d78bc3-4139-4e66-90f6-4743283a94e0","local_time":"20190506024100","is_ascension_mode":true,"campfire_choices":[{"data":"Storm of Steel","floor":6.0,"key":"SMITH"},{"floor":8.0,"key":"REST"},{"floor":15.0,"key":"REST"},{"data":"A Thousand Cuts","floor":23,"key":"SMITH"},{"data":"Envenom","floor":25,"key":"SMITH"},{"floor":32,"key":"REST"}],"neow_cost":"NONE","seed_source_timestamp":1006545633465392,"circlet_count":0,"master_deck":["AscendersBane","Defend_G","Defend_G","Defend_G","Defend_G","Defend_G","Strike_G+1","Strike_G","Strike_G","Strike_G","Survivor","Neutralize","Leg Sweep","Quick Slash+1","Slice","Quick Slash","Storm of Steel+1","Flechettes+1","Backflip","Cloak And Dagger","Deflect","Envenom+1","A Thousand Cuts+1","Quick Slash+1","Sucker Punch+1","Burst","Calculated Gamble","Wraith Form v2","Parasite","Tactician+1","Ghostly","Ghostly","Ghostly","PiercingWail+1","PiercingWail"],"special_seed":0,"relics":["Ring of the Snake","Question Card","Letter Opener","Gambling Chip","Cursed Key","Lee\u0027s Waffle","Mercury Hourglass","Blue Candle","Whetstone","Red Mask","Ninja Scroll"],"potions_floor_usage":[19,24,31,33],"damage_taken":[{"damage":0.0,"enemies":"Cultist","floor":1.0,"turns":5.0},{"damage":3.0,"enemies":"Small Slimes","floor":2.0,"turns":6.0},{"damage":2.0,"enemies":"2 Louse","floor":3.0,"turns":3.0},{"damage":3.0,"enemies":"Exordium Wildlife","floor":4.0,"turns":7.0},{"damage":2.0,"enemies":"2 Fungi Beasts","floor":5.0,"turns":3.0},{"damage":35.0,"enemies":"Gremlin Nob","floor":7.0,"turns":5.0},{"damage":4.0,"enemies":"Large Slime","floor":10.0,"turns":6.0},{"damage":5.0,"enemies":"3 Louse","floor":12.0,"turns":4.0},{"damage":0.0,"enemies":"2 Fungi Beasts","floor":13.0,"turns":3.0},{"damage":8.0,"enemies":"3 Sentries","floor":14.0,"turns":9.0},{"damage":27.0,"enemies":"Slime Boss","floor":16.0,"turns":9.0},{"damage":13.0,"enemies":"Chosen","floor":18.0,"turns":4.0},{"damage":18,"enemies":"Shell Parasite","floor":19,"turns":7},{"damage":25,"enemies":"Snecko","floor":20,"turns":7},{"damage":0,"enemies":"Gremlin Leader","floor":24,"turns":4},{"damage":23,"enemies":"Book of Stabbing","floor":27,"turns":7},{"damage":20,"enemies":"Masked Bandits","floor":29,"turns":5},{"damage":0,"enemies":"Gremlin Leader","floor":30,"turns":5},{"damage":4,"enemies":"Cultist and Chosen","floor":31,"turns":6},{"damage":32,"enemies":"Champ","floor":33,"turns":5}],"seed_played":"-1798775343237624498","potions_obtained":[{"floor":2.0,"key":"Dexterity Potion"},{"floor":3.0,"key":"SkillPotion"},{"floor":4.0,"key":"GamblersBrew"},{"floor":12.0,"key":"PowerPotion"},{"floor":14.0,"key":"Dexterity Potion"},{"floor":18.0,"key":"EssenceOfSteel"},{"floor":20,"key":"Swift Potion"},{"floor":29,"key":"Ancient Potion"},{"floor":30,"key":"SkillPotion"}],"is_trial":false,"path_per_floor":["M","M","M","M","M","R","E","R","T","M","?","M","M","E","R","B",null,"M","M","M","?","$","R","E","R","T","E","?","?","E","M","R","B"],"character_chosen":"THE_SILENT","items_purchased":["Lee\u0027s Waffle","Calculated Gamble"],"campfire_rested":3,"item_purchase_floors":[22,22],"current_hp_per_floor":[65,62,60,57,55,55,20,41,41,37,37,32,32,24,45,18,59,46,28,3,3,79,79,79,79,79,56,39,19,19,15,26,0],"gold":160,"neow_bonus":"TEN_PERCENT_HP_BONUS","is_prod":false,"is_daily":false,"chose_seed":false,"campfire_upgraded":3,"win_rate":0,"timestamp":1557124860,"path_taken":["M","M","M","M","?","R","E","R","T","M","?","M","?","E","R","BOSS","M","M","M","?","$","R","E","R","T","E","?","?","E","M","R","BOSS"],"build_version":"2019-01-23","purchased_purges":0,"victory":false,"max_hp_per_floor":[72,72,72,72,72,72,72,72,72,72,72,72,72,72,72,72,72,72,72,72,72,79,79,79,79,79,79,39,39,39,39,39,39],"card_choices":[{"not_picked":["Deadly Poison","Calculated Gamble"],"picked":"Leg Sweep","floor":1.0},{"not_picked":["Blade Dance","Sucker Punch"],"picked":"Quick Slash","floor":2.0},{"not_picked":["Dodge and Roll","Reflex"],"picked":"Slice","floor":3.0},{"not_picked":["Outmaneuver","Footwork"],"picked":"Quick Slash","floor":4.0},{"not_picked":["Deflect","PiercingWail"],"picked":"Storm of Steel","floor":5.0},{"not_picked":["Slice","Outmaneuver"],"picked":"Flechettes","floor":7.0},{"not_picked":["Underhanded Strike","Bane","Outmaneuver"],"picked":"Backflip","floor":10.0},{"not_picked":["Finisher","Blade Dance","Bane"],"picked":"Cloak And Dagger","floor":12.0},{"not_picked":["All Out Attack","Dodge and Roll","Slice"],"picked":"Deflect","floor":13.0},{"not_picked":["Backstab","Acrobatics","Quick Slash"],"picked":"Envenom","floor":14.0},{"not_picked":["Wraith Form v2","Bullet Time","Grand Finale"],"picked":"A Thousand Cuts","floor":16.0},{"not_picked":["Crippling Poison+1","Acrobatics","Reflex"],"picked":"Quick Slash+1","floor":18.0},{"not_picked":["Prepared","Skewer+1","Bane"],"picked":"Sucker Punch+1","floor":19},{"not_picked":["Slice","Flechettes","Cloak And Dagger"],"picked":"Burst","floor":20},{"not_picked":["Acrobatics","Underhanded Strike","Backflip"],"picked":"Wraith Form v2","floor":24},{"not_picked":["Crippling Poison","Cloak And Dagger","Footwork"],"picked":"Tactician+1","floor":27},{"not_picked":["Underhanded Strike","Distraction+1","All Out Attack"],"picked":"PiercingWail+1","floor":29},{"not_picked":["Bane","Outmaneuver","Concentrate"],"picked":"PiercingWail","floor":30},{"not_picked":["Finisher","Leg Sweep+1","Quick Slash+1","Underhanded Strike"],"picked":"SKIP","floor":31}],"player_experience":1440341,"relics_obtained":[{"floor":7.0,"key":"Question Card"},{"floor":9.0,"key":"Letter Opener"},{"floor":14.0,"key":"Gambling Chip"},{"floor":24,"key":"Mercury Hourglass"},{"floor":26,"key":"Blue Candle"},{"floor":27,"key":"Whetstone"},{"floor":29,"key":"Red Mask"},{"floor":30,"key":"Ninja Scroll"}],"event_choices":[{"damage_healed":0.0,"max_hp_gain":0.0,"max_hp_loss":0.0,"gold_gain":0.0,"event_name":"Upgrade Shrine","player_choice":"Upgraded","floor":11.0,"gold_loss":0.0,"damage_taken":0.0,"cards_upgraded":["Flechettes"]},{"cards_removed":["Strike_G"],"damage_healed":0,"gold_gain":0,"player_choice":"Gave Gold","damage_taken":0,"max_hp_gain":0,"max_hp_loss":0,"event_name":"Beggar","floor":21,"gold_loss":75},{"damage_healed":0,"gold_gain":0,"player_choice":"Became a Ghost","damage_taken":0,"max_hp_gain":0,"max_hp_loss":40,"event_name":"Ghosts","floor":28,"gold_loss":0,"cards_obtained":["Ghostly","Ghostly","Ghostly"]},{"damage_healed":0,"gold_gain":0,"player_choice":"Fought Bandits","damage_taken":0,"max_hp_gain":0,"max_hp_loss":0,"event_name":"Masked Bandits","floor":29,"gold_loss":0}],"is_beta":false,"boss_relics":[{"not_picked":["Empty Cage","Ectoplasm"],"picked":"Cursed Key"}],"items_purged_floors":[],"is_endless":false,"potions_floor_spawned":[2,3,4,5,12,14,18,20,29,30],"killed_by":"Champ","ascension_level":20}