{"gold_per_floor":[113,3,20,35,49,49,61,76,76,94,105,105,125,200,200,296,296,307,307,327,344,359,359,394,394,394,147,159,187,213,237,249,261],"floor_reached":33,"playtime":1519,"items_purged":["Strike_R","Strike_R"],"score":320,"play_id":"9fa28876-5905-440b-91e2-4412f7cc09be","local_time":"20180723232939","is_ascension_mode":true,"campfire_choices":[{"data":"Inflame","floor":6,"key":"SMITH"},{"data":"Whirlwind","floor":12,"key":"SMITH"},{"data":"Twin Strike","floor":15,"key":"SMITH"},{"data":"Shrug It Off","floor":23,"key":"SMITH"},{"data":"Ghostly Armor","floor":25,"key":"SMITH"},{"data":"Cleave","floor":28,"key":"SMITH"},{"data":"Strike_R","floor":32,"key":"SMITH"}],"neow_cost":"TEN_PERCENT_HP_LOSS","seed_source_timestamp":1051495132608972,"circlet_count":0,"master_deck":["Strike_R","Strike_R+1","Defend_R","Defend_R","Defend_R","Bash+1","Cleave+1","Whirlwind+1","Twin Strike+1","Inflame+1","Shrug It Off+1","Bloodletting","Ghostly Armor+1","Ghostly Armor+1"],"relics":["Burning Blood","Meat on the Bone","Busted Crown","Question Card","Bag of Marbles","MawBank"],"potions_floor_usage":[24,30,31],"damage_taken":[{"damage":1,"enemies":"Cultist","floor":1,"turns":3},{"damage":0,"enemies":"Small Slimes","floor":3,"turns":2},{"damage":0,"enemies":"2 Louse","floor":4,"turns":1},{"damage":0,"enemies":"Lots of Slimes","floor":5,"turns":1},{"damage":0,"enemies":"2 Fungi Beasts","floor":7,"turns":2},{"damage":6,"enemies":"Exordium Thugs","floor":8,"turns":5},{"damage":13,"enemies":"Blue Slaver","floor":10,"turns":3},{"damage":9,"enemies":"Looter","floor":11,"turns":2},{"damage":6,"enemies":"Exordium Wildlife","floor":13,"turns":2},{"damage":46,"enemies":"The Guardian","floor":16,"turns":13},{"damage":7,"enemies":"3 Byrds","floor":18,"turns":3},{"damage":4,"enemies":"Chosen","floor":20,"turns":3},{"damage":28,"enemies":"Snake Plant","floor":21,"turns":4},{"damage":8,"enemies":"Snecko","floor":22,"turns":5},{"damage":25,"enemies":"Gremlin Leader","floor":24,"turns":5},{"damage":21,"enemies":"Slaver and Parasite","floor":29,"turns":5},{"damage":17,"enemies":"Centurion and Healer","floor":30,"turns":2},{"damage":18,"enemies":"Snecko","floor":31,"turns":4},{"damage":116,"enemies":"Automaton","floor":33,"turns":12}],"seed_played":"-8040704363777723916","potions_obtained":[{"floor":5,"key":"SkillPotion"},{"floor":7,"key":"SteroidPotion"},{"floor":8,"key":"FairyPotion"},{"floor":13,"key":"Ancient Potion"},{"floor":21,"key":"Regen Potion"},{"floor":24,"key":"Regen Potion"},{"floor":30,"key":"Fruit Juice"}],"is_trial":false,"path_per_floor":["M","$","M","M","M","R","M","M","T","M","M","R","M","?","R","B",null,"M","?","M","M","M","R","E","R","T","$","R","M","M","M","R"],"character_chosen":"IRONCLAD","items_purchased":["Whirlwind","MawBank"],"campfire_rested":0,"item_purchase_floors":[2,27],"current_hp_per_floor":[72,72,72,72,72,72,72,72,72,65,62,62,62,51,51,23,72,71,71,72,50,48,48,43,43,43,43,43,40,46,51,51,0],"gold":261,"neow_bonus":"REMOVE_TWO","is_prod":false,"is_daily":false,"chose_seed":false,"campfire_upgraded":7,"win_rate":0,"timestamp":1532402979,"path_taken":["M","$","M","M","M","R","M","M","T","M","M","R","M","?","R","BOSS","M","?","M","M","M","R","E","R","T","$","R","M","M","M","R","BOSS"],"build_version":"2018-07-19v2","purchased_purges":2,"victory":false,"max_hp_per_floor":[72,72,72,72,72,72,72,72,72,72,72,72,72,72,72,72,72,72,72,72,72,72,72,72,72,72,72,72,72,72,77,77,77],"card_choices":[{"not_picked":["Headbutt","Burning Pact"],"picked":"Cleave","floor":1},{"not_picked":["Wild Strike","Anger"],"picked":"Twin Strike","floor":3},{"not_picked":["Heavy Blade","Searing Blow"],"picked":"Inflame","floor":4},{"not_picked":["Body Slam","Reckless Charge"],"picked":"Shrug It Off","floor":5},{"not_picked":["Disarm","Clash","Exhume"],"picked":"SKIP","floor":7},{"not_picked":["Anger","Iron Wave"],"picked":"Bloodletting","floor":8},{"not_picked":["True Grit","Hemokinesis","Havoc"],"picked":"SKIP","floor":10},{"not_picked":["Body Slam","Perfected Strike","Headbutt"],"picked":"SKIP","floor":11},{"not_picked":["Iron Wave","Bludgeon","Body Slam"],"picked":"SKIP","floor":13},{"not_picked":["Havoc"],"picked":"SKIP","floor":18},{"not_picked":[],"picked":"Ghostly Armor","floor":20},{"not_picked":["Rage"],"picked":"SKIP","floor":21},{"not_picked":["Flex"],"picked":"SKIP","floor":22},{"not_picked":["Havoc+1"],"picked":"SKIP","floor":24},{"not_picked":["True Grit","Corruption+1"],"picked":"SKIP","floor":29},{"not_picked":["Warcry"],"picked":"Ghostly Armor+1","floor":30},{"not_picked":["Iron Wave","Havoc"],"picked":"SKIP","floor":31}],"player_experience":305335,"relics_obtained":[{"floor":9,"key":"Meat on the Bone"},{"floor":24,"key":"Question Card"},{"floor":26,"key":"Bag of Marbles"}],"event_choices":[{"event_name":"World of Goop","player_choice":"Gather Gold","floor":14,"damage_taken":0},{"event_name":"Upgrade Shrine","player_choice":"Upgraded","floor":19,"damage_taken":0}],"is_beta":false,"boss_relics":[{"not_picked":["Tiny House","Ectoplasm"],"picked":"Busted Crown"}],"items_purged_floors":[2,27],"is_endless":false,"potions_floor_spawned":[5,7,8,13,16,18,21,22,24,30],"killed_by":"Automaton","ascension_level":4}