{"gold_per_floor":[115,130,181,16,166,166,180,211,238,238],"floor_reached":10,"playtime":209,"items_purged":[],"score":125,"play_id":"92259c4b-c992-4a33-b3c4-28566eeaffd8","local_time":"20190822195547","is_ascension_mode":true,"campfire_choices":[{"data":"Bash","floor":6,"key":"SMITH"}],"neow_cost":"NONE","seed_source_timestamp":84102919191008,"circlet_count":0,"master_deck":["AscendersBane","Strike_R","Strike_R","Strike_R","Strike_R","Strike_R","Defend_R","Defend_R","Defend_R","Defend_R","Bash+1","Wild Strike","Anger","Doubt","Second Wind","Cleave"],"relics":["Burning Blood","Blood Vial","PreservedInsect","Regal Pillow","Bronze Scales"],"potions_floor_usage":[8],"damage_taken":[{"damage":19,"enemies":"Small Slimes","floor":1,"turns":3},{"damage":4,"enemies":"Jaw Worm","floor":2,"turns":3},{"damage":5,"enemies":"2 Louse","floor":7,"turns":3},{"damage":45,"enemies":"3 Sentries","floor":8,"turns":8},{"damage":34,"enemies":"Gremlin Nob","floor":10,"turns":3}],"seed_played":"4534609940584789101","potions_obtained":[{"floor":2,"key":"Poison Potion"}],"is_trial":false,"path_per_floor":["M","M","?","$","?","R","M","E","T","E"],"character_chosen":"IRONCLAD","items_purchased":["PreservedInsect"],"campfire_rested":0,"item_purchase_floors":[4],"current_hp_per_floor":[57,61,61,61,61,61,64,27,27,0],"gold":238,"neow_bonus":"RANDOM_COMMON_RELIC","is_prod":false,"is_daily":false,"chose_seed":false,"campfire_upgraded":1,"win_rate":0,"timestamp":1566467747,"path_taken":["M","M","?","$","?","R","?","E","T","E"],"build_version":"2019-07-17","purchased_purges":0,"victory":false,"max_hp_per_floor":[75,75,75,75,75,75,75,75,75,75],"card_choices":[{"not_picked":["Clothesline","Reckless Charge"],"picked":"Wild Strike","floor":1},{"not_picked":["Warcry","Wild Strike"],"picked":"Anger","floor":2},{"not_picked":["Perfected Strike","Headbutt"],"picked":"Second Wind","floor":7},{"not_picked":["Body Slam","Fire Breathing"],"picked":"Cleave","floor":8}],"player_experience":1204312,"relics_obtained":[{"floor":8,"key":"Regal Pillow"},{"floor":9,"key":"Bronze Scales"}],"event_choices":[{"damage_healed":0,"gold_gain":51,"player_choice":"Gained Gold","damage_taken":0,"max_hp_gain":0,"max_hp_loss":0,"event_name":"Golden Wing","floor":3,"gold_loss":0},{"damage_healed":0,"gold_gain":150,"player_choice":"AGREE","damage_taken":0,"max_hp_gain":0,"max_hp_loss":0,"event_name":"Liars Game","floor":5,"gold_loss":0,"cards_obtained":["Doubt"]}],"is_beta":false,"boss_relics":[],"items_purged_floors":[],"is_endless":false,"potions_floor_spawned":[2],"killed_by":"Gremlin Nob","ascension_level":18}