{"gold_per_floor":[359,369,381,306,321,321,346,346,371,371,387,407,282,299,299,399,399,417,417,136,154,82,114,114,133,133,133,143,143,160,170,170,170],"floor_reached":33,"playtime":1252,"items_purged":["Strike_R","Strike_R","Strike_R"],"score":393,"play_id":"c0dc32bc-27b7-452b-960a-8604000b7eb6","local_time":"20180904014536","is_ascension_mode":true,"campfire_choices":[{"data":"Flex","floor":6,"key":"SMITH"},{"data":"Cleave","floor":8,"key":"SMITH"},{"data":"Twin Strike","floor":10,"key":"SMITH"},{"data":"Spot Weakness","floor":15,"key":"SMITH"},{"floor":27,"key":"REST"},{"data":"Iron Wave","floor":29,"key":"SMITH"},{"data":"Bash","floor":32,"key":"SMITH"}],"neow_cost":"TEN_PERCENT_HP_LOSS","seed_source_timestamp":1324179632650531,"circlet_count":0,"master_deck":["Strike_R+1","Strike_R+1","Defend_R","Defend_R","Defend_R","Defend_R","Bash+1","Flex+1","Twin Strike+1","Spot Weakness+1","Cleave+1","Twin Strike","Iron Wave+1","Reaper+1","Dropkick","Shrug It Off+1","Ghostly Armor+1"],"relics":["Burning Blood","Centennial Puzzle","Whetstone","Black Star","Strawberry","Pen Nib","Blood Vial","Blue Candle"],"potions_floor_usage":[7,16,23,23,23,31,33],"damage_taken":[{"damage":1,"enemies":"Cultist","floor":1,"turns":3},{"damage":9,"enemies":"Jaw Worm","floor":2,"turns":4},{"damage":6,"enemies":"2 Louse","floor":3,"turns":2},{"damage":6,"enemies":"Gremlin Gang","floor":5,"turns":5},{"damage":33,"enemies":"Gremlin Nob","floor":7,"turns":4},{"damage":7,"enemies":"Looter","floor":11,"turns":3},{"damage":6,"enemies":"Exordium Thugs","floor":12,"turns":3},{"damage":3,"enemies":"Blue Slaver","floor":14,"turns":2},{"damage":10,"enemies":"Slime Boss","floor":16,"turns":6},{"damage":47,"enemies":"Shell Parasite","floor":18,"turns":5},{"damage":22,"enemies":"2 Thieves","floor":21,"turns":4},{"damage":38,"enemies":"Slavers","floor":23,"turns":5},{"damage":43,"enemies":"Snake Plant","floor":25,"turns":4},{"damage":1,"enemies":"Cultist and Chosen","floor":28,"turns":3},{"damage":27,"enemies":"Centurion and Healer","floor":30,"turns":5},{"damage":17,"enemies":"Shelled Parasite and Fungi","floor":31,"turns":4},{"damage":147,"enemies":"Collector","floor":33,"turns":8}],"seed_played":"-601134229867375834","potions_obtained":[{"floor":2,"key":"EssenceOfSteel"},{"floor":5,"key":"Explosive Potion"},{"floor":12,"key":"Energy Potion"},{"floor":16,"key":"LiquidBronze"},{"floor":18,"key":"SteroidPotion"},{"floor":19,"key":"Regen Potion"},{"floor":19,"key":"Ancient Potion"},{"floor":28,"key":"SteroidPotion"},{"floor":30,"key":"Energy Potion"},{"floor":31,"key":"FairyPotion"}],"is_trial":false,"path_per_floor":["M","M","M","$","M","R","E","R","T","R","M","M","$","M","R","B",null,"M","?","$","M","$","E","?","M","T","R","M","R","M","M","R"],"character_chosen":"IRONCLAD","items_purchased":["Iron Wave","Strawberry","Dropkick"],"campfire_rested":1,"item_purchase_floors":[13,20,22],"current_hp_per_floor":[72,69,69,69,69,69,42,42,42,42,41,41,41,44,44,40,64,31,31,38,30,30,32,32,10,10,33,66,66,73,64,64,0],"gold":170,"neow_bonus":"TWO_FIFTY_GOLD","is_prod":false,"is_daily":false,"chose_seed":false,"campfire_upgraded":6,"win_rate":0,"timestamp":1536039936,"path_taken":["M","?","M","$","M","R","E","R","T","R","M","M","$","M","R","BOSS","M","?","$","?","$","E","?","M","T","R","M","R","?","M","R","BOSS"],"build_version":"2018-08-30","purchased_purges":3,"victory":false,"max_hp_per_floor":[72,72,72,72,72,72,72,72,72,72,72,72,72,72,72,72,72,72,72,79,79,79,79,79,79,79,79,79,79,79,79,79,79],"card_choices":[{"not_picked":["Warcry","Cleave"],"picked":"Flex","floor":1},{"not_picked":["Anger","Carnage"],"picked":"Twin Strike","floor":2},{"not_picked":["Perfected Strike","Ghostly Armor"],"picked":"Spot Weakness","floor":3},{"not_picked":["Clothesline","Seeing Red"],"picked":"Cleave","floor":5},{"not_picked":["Spot Weakness","Feel No Pain"],"picked":"Twin Strike","floor":7},{"not_picked":["Corruption","Seeing Red","Exhume"],"picked":"SKIP","floor":11},{"not_picked":["Perfected Strike","Thunderclap","Inflame"],"picked":"SKIP","floor":12},{"not_picked":["Cleave","Inflame","Flex"],"picked":"SKIP","floor":14},{"not_picked":["Fiend Fire","Immolate"],"picked":"Reaper","floor":16},{"not_picked":["Body Slam","Dual Wield+1","Corruption"],"picked":"SKIP","floor":18},{"not_picked":["Twin Strike","Bloodletting","Clothesline"],"picked":"SKIP","floor":21},{"not_picked":["Barricade","Armaments+1","Brutality"],"picked":"SKIP","floor":23},{"not_picked":["Cleave","Perfected Strike+1"],"picked":"Shrug It Off+1","floor":25},{"not_picked":["Perfected Strike","Cleave","Havoc"],"picked":"SKIP","floor":28},{"not_picked":["Power Through","Clash+1"],"picked":"Ghostly Armor+1","floor":30},{"not_picked":["Rupture","Hemokinesis","Heavy Blade"],"picked":"SKIP","floor":31}],"player_experience":518141,"relics_obtained":[{"floor":7,"key":"Centennial Puzzle"},{"floor":9,"key":"Whetstone"},{"floor":23,"key":"Pen Nib"},{"floor":23,"key":"Blood Vial"},{"floor":26,"key":"Blue Candle"}],"event_choices":[{"event_name":"The Lab","player_choice":"Got Potions","floor":19,"damage_taken":0},{"event_name":"Upgrade Shrine","player_choice":"Upgraded","floor":24,"damage_taken":0}],"is_beta":false,"boss_relics":[{"not_picked":["Lizard Tail","Cursed Key"],"picked":"Black Star"}],"items_purged_floors":[4,13,20],"is_endless":false,"potions_floor_spawned":[2,5,12,16,18,28,30,31],"killed_by":"Collector","ascension_level":9}