{"gold_per_floor":[117,117,89,107,107,107,143,164,164,164,183,196,196,67,67,197,197,218,218,218],"floor_reached":20,"playtime":760,"items_purged":[],"score":172,"play_id":"4a04bad5-42bb-4ce6-8d03-d4d6a0c8bbd6","local_time":"20190328000056","is_ascension_mode":false,"campfire_choices":[{"data":"Envenom","floor":6,"key":"SMITH"},{"floor":10,"key":"REST"},{"data":"Neutralize","floor":15,"key":"SMITH"}],"neow_cost":"CURSE","seed_source_timestamp":48275046816460,"circlet_count":0,"master_deck":["Defend_G","Defend_G","Defend_G","Defend_G","Defend_G","Strike_G","Strike_G","Strike_G","Strike_G","Strike_G","Survivor","Neutralize+1","Doubt","Envenom+1","Poisoned Stab","Injury","Noxious Fumes","Deflect","Deflect","Flying Knee","Distraction+1","Blade Dance","Well Laid Plans","Tools of the Trade","Escape Plan+1","Envenom"],"relics":["Ring of the Snake","Golden Idol","Pen Nib","Sundial","Omamori","Calling Bell","Bag of Marbles","Question Card","Prayer Wheel"],"potions_floor_usage":[7,16,16],"damage_taken":[{"damage":5,"enemies":"2 Louse","floor":1,"turns":4},{"damage":6,"enemies":"Jaw Worm","floor":4,"turns":4},{"damage":17,"enemies":"Lagavulin","floor":7,"turns":7},{"damage":0,"enemies":"Cultist","floor":8,"turns":4},{"damage":10,"enemies":"3 Louse","floor":11,"turns":5},{"damage":4,"enemies":"Blue Slaver","floor":12,"turns":3},{"damage":18,"enemies":"Hexaghost","floor":16,"turns":9},{"damage":48,"enemies":"3 Byrds","floor":18,"turns":6},{"damage":27,"enemies":"Spheric Guardian","floor":20,"turns":5}],"seed_played":"-4321270072244102936","potions_obtained":[{"floor":1,"key":"SpeedPotion"},{"floor":8,"key":"SteroidPotion"},{"floor":11,"key":"Dexterity Potion"}],"is_trial":false,"path_per_floor":["M","?","?","M","T","R","E","M","T","R","M","M","?","$","R","B",null,"M","?","M"],"character_chosen":"THE_SILENT","items_purchased":["Blade Dance","Well Laid Plans"],"campfire_rested":1,"item_purchase_floors":[14,14],"current_hp_per_floor":[65,65,65,59,59,59,42,42,42,63,53,49,49,49,49,31,70,22,22,0],"gold":218,"neow_bonus":"THREE_RARE_CARDS","is_prod":false,"is_daily":false,"chose_seed":false,"campfire_upgraded":2,"win_rate":0,"timestamp":1553695256,"path_taken":["M","?","?","M","?","R","E","M","T","R","M","?","?","$","R","BOSS","M","?","M"],"build_version":"2019-01-23","purchased_purges":0,"victory":false,"max_hp_per_floor":[70,70,70,70,70,70,70,70,70,70,70,70,70,70,70,70,70,70,70,70],"card_choices":[{"not_picked":["Tools of the Trade","Wraith Form v2"],"picked":"Envenom","floor":0},{"not_picked":["Finisher","Deflect"],"picked":"Poisoned Stab","floor":1},{"not_picked":["PiercingWail","Underhanded Strike"],"picked":"Noxious Fumes","floor":4},{"not_picked":["Deadly Poison","Endless Agony"],"picked":"Deflect","floor":7},{"not_picked":["Tools of the Trade","Underhanded Strike"],"picked":"Deflect","floor":8},{"not_picked":["Heel Hook","Outmaneuver"],"picked":"Flying Knee","floor":11},{"not_picked":["Prepared","Sucker Punch"],"picked":"Distraction","floor":12},{"not_picked":["Storm of Steel","Die Die Die"],"picked":"Tools of the Trade","floor":16},{"not_picked":["Dagger Throw+1","Deflect+1","Riddle With Holes+1"],"picked":"Escape Plan+1","floor":18},{"not_picked":["Acrobatics","Dagger Spray+1","Outmaneuver"],"picked":"Envenom","floor":18}],"player_experience":214846,"relics_obtained":[{"floor":5,"key":"Pen Nib"},{"floor":7,"key":"Sundial"},{"floor":9,"key":"Omamori"},{"floor":17,"key":"Bag of Marbles"},{"floor":17,"key":"Question Card"},{"floor":17,"key":"Prayer Wheel"}],"event_choices":[{"damage_healed":0,"gold_gain":0,"player_choice":"Take Wound","damage_taken":0,"relics_obtained":["Golden Idol"],"max_hp_gain":0,"max_hp_loss":0,"event_name":"Golden Idol","floor":2,"gold_loss":0,"cards_obtained":["Injury"]},{"damage_healed":0,"gold_gain":0,"player_choice":"Left Gold","damage_taken":0,"max_hp_gain":0,"max_hp_loss":0,"event_name":"World of Goop","floor":3,"gold_loss":28},{"damage_healed":0,"gold_gain":0,"player_choice":"Grow","damage_taken":0,"max_hp_gain":0,"max_hp_loss":0,"event_name":"Living Wall","floor":13,"gold_loss":0,"cards_upgraded":["Distraction"]},{"cards_removed":["Shame"],"damage_healed":0,"gold_gain":0,"player_choice":"Purged","damage_taken":0,"max_hp_gain":0,"max_hp_loss":0,"event_name":"Purifier","floor":19,"gold_loss":0}],"is_beta":false,"boss_relics":[{"not_picked":["Tiny House","Busted Crown"],"picked":"Calling Bell"}],"items_purged_floors":[],"is_endless":false,"potions_floor_spawned":[1,8,11],"killed_by":"Spheric Guardian","ascension_level":0}