{"gold_per_floor":[10,24,34,50,200,200,215,234,257,257,257,2,19,19,19,19],"floor_reached":16,"playtime":600,"items_purged":["Doubt"],"score":179,"play_id":"e78e5c6e-8aab-45ef-aa95-0006e7e38ffb","local_time":"20190827105116","is_ascension_mode":true,"campfire_choices":[{"floor":6,"key":"REST"},{"floor":10,"key":"REST"},{"floor":15,"key":"REST"}],"neow_cost":"NO_GOLD","seed_source_timestamp":6614079392426,"circlet_count":0,"master_deck":["AscendersBane","Strike_G","Strike_G","Strike_G","Strike_G","Strike_G","Defend_G","Defend_G","Defend_G","Defend_G","Defend_G","Survivor","Neutralize+1","Quick Slash","Sucker Punch","Dodge and Roll","Malaise","Cloak And Dagger","Adrenaline","Dagger Spray","Tactician"],"relics":["Ring of the Snake","Potion Belt"],"potions_floor_usage":[8,8,16],"damage_taken":[{"damage":6,"enemies":"Small Slimes","floor":1,"turns":5},{"damage":4,"enemies":"Jaw Worm","floor":2,"turns":5},{"damage":0,"enemies":"Cultist","floor":3,"turns":4},{"damage":22,"enemies":"Exordium Thugs","floor":4,"turns":9},{"damage":12,"enemies":"3 Louse","floor":7,"turns":5},{"damage":18,"enemies":"Gremlin Gang","floor":8,"turns":7},{"damage":26,"enemies":"Lots of Slimes","floor":13,"turns":4},{"damage":65,"enemies":"Slime Boss","floor":16,"turns":9}],"seed_played":"8216391717329929087","potions_obtained":[{"floor":3,"key":"Fire Potion"},{"floor":4,"key":"SkillPotion"},{"floor":13,"key":"Strength Potion"}],"is_trial":false,"path_per_floor":["M","M","M","M","?","R","M","M","T","R","?","$","M","$","R","B"],"character_chosen":"THE_SILENT","items_purchased":["Adrenaline","Dagger Spray"],"campfire_rested":3,"item_purchase_floors":[12,12],"current_hp_per_floor":[65,61,61,39,39,62,50,32,32,55,55,55,29,29,52,0],"gold":19,"neow_bonus":"TWENTY_PERCENT_HP_BONUS","is_prod":false,"is_daily":false,"chose_seed":false,"campfire_upgraded":0,"win_rate":0,"timestamp":1566867076,"path_taken":["M","M","M","M","?","R","M","M","T","R","?","$","?","?","R","BOSS"],"build_version":"2019-07-17","purchased_purges":1,"victory":false,"max_hp_per_floor":[78,78,78,78,78,78,78,78,78,78,78,78,78,78,78,78],"card_choices":[{"not_picked":["Blade Dance","PiercingWail"],"picked":"Quick Slash","floor":1},{"not_picked":["Deflect","Acrobatics"],"picked":"Sucker Punch","floor":2},{"not_picked":["Flechettes","Calculated Gamble"],"picked":"Dodge and Roll","floor":3},{"not_picked":["Deflect","Acrobatics"],"picked":"Malaise","floor":4},{"not_picked":["Finisher","Dagger Spray"],"picked":"Cloak And Dagger","floor":7},{"not_picked":["Slice","Bane","Dodge and Roll"],"picked":"SKIP","floor":8},{"not_picked":["Heel Hook","Slice"],"picked":"Tactician","floor":13}],"player_experience":1228025,"relics_obtained":[{"floor":9,"key":"Potion Belt"}],"event_choices":[{"damage_healed":0,"gold_gain":150,"player_choice":"AGREE","damage_taken":0,"max_hp_gain":0,"max_hp_loss":0,"event_name":"Liars Game","floor":5,"gold_loss":0,"cards_obtained":["Doubt"]},{"damage_healed":0,"gold_gain":0,"player_choice":"Upgraded","damage_taken":0,"max_hp_gain":0,"max_hp_loss":0,"event_name":"Upgrade Shrine","floor":11,"gold_loss":0,"cards_upgraded":["Neutralize"]}],"is_beta":false,"boss_relics":[],"items_purged_floors":[12],"is_endless":false,"potions_floor_spawned":[3,4,13],"killed_by":"Slime Boss","ascension_level":18}