{"gold_per_floor":[119,137,150,165,181,181,193,226,226,226,29,39,39,69,69,174,174,189,227,72,89,99,99,126,126,126,126,156,156,156,171,171,270,270,281,360,376,394,394],"floor_reached":39,"playtime":2249,"items_purged":[],"score":696,"play_id":"435efe61-8d75-483e-be78-d2d2cd34d98a","local_time":"20181208144316","is_ascension_mode":true,"campfire_choices":[{"data":"Doom and Gloom","floor":6,"key":"SMITH"},{"data":"Chill","floor":10,"key":"SMITH"},{"data":"Rip and Tear","floor":13,"key":"SMITH"},{"floor":15,"key":"REST"},{"floor":23,"key":"REST"},{"data":"Go for the Eyes","floor":25,"key":"SMITH"},{"floor":27,"key":"REST"},{"floor":32,"key":"REST"}],"neow_cost":"NONE","seed_source_timestamp":392340345022296,"circlet_count":0,"master_deck":["AscendersBane","Strike_B+1","Strike_B","Strike_B","Strike_B","Defend_B+1","Defend_B","Defend_B","Defend_B+1","Zap","Dualcast","Machine Learning","Chill+1","Doom and Gloom+1","Cold Snap","Auto Shields","Rip and Tear+1","FTL","Magnetism+1","Core Surge+1","Gash+1","Ball Lightning+1","Go for the Eyes+1","FTL","Electrodynamics+1"],"relics":["Cracked Core","Frozen Egg 2","Ornamental Fan","Kunai","Runic Pyramid","War Paint","Whetstone","Gremlin Horn","Turnip","Sozu","Darkstone Periapt"],"potions_floor_usage":[4,12,16,22,24,28,33,38],"damage_taken":[{"damage":0,"enemies":"Small Slimes","floor":1,"turns":3},{"damage":7,"enemies":"Jaw Worm","floor":2,"turns":4},{"damage":4,"enemies":"Cultist","floor":3,"turns":5},{"damage":1,"enemies":"Lots of Slimes","floor":4,"turns":2},{"damage":1,"enemies":"Blue Slaver","floor":5,"turns":4},{"damage":5,"enemies":"2 Fungi Beasts","floor":7,"turns":3},{"damage":3,"enemies":"Gremlin Nob","floor":8,"turns":3},{"damage":0,"enemies":"Exordium Wildlife","floor":12,"turns":2},{"damage":18,"enemies":"Lagavulin","floor":14,"turns":5},{"damage":18,"enemies":"The Guardian","floor":16,"turns":9},{"damage":11,"enemies":"2 Thieves","floor":18,"turns":4},{"damage":8,"enemies":"Shell Parasite","floor":19,"turns":7},{"damage":17,"enemies":"Centurion and Healer","floor":21,"turns":11},{"damage":7,"enemies":"Snecko","floor":22,"turns":5},{"damage":30,"enemies":"Gremlin Leader","floor":24,"turns":8},{"damage":19,"enemies":"Book of Stabbing","floor":28,"turns":7},{"damage":12,"enemies":"Snake Plant","floor":31,"turns":5},{"damage":44,"enemies":"Automaton","floor":33,"turns":12},{"damage":14,"enemies":"3 Darklings","floor":35,"turns":3},{"damage":12,"enemies":"Orb Walker","floor":37,"turns":3},{"damage":21,"enemies":"Transient","floor":38,"turns":5},{"damage":39,"enemies":"2 Orb Walkers","floor":39,"turns":2}],"seed_played":"5370063953716479460","potions_obtained":[{"floor":1,"key":"SkillPotion"},{"floor":2,"key":"SpeedPotion"},{"floor":4,"key":"LiquidBronze"},{"floor":12,"key":"Fruit Juice"},{"floor":14,"key":"Fire Potion"},{"floor":21,"key":"FocusPotion"},{"floor":24,"key":"EssenceOfSteel"},{"floor":31,"key":"PowerPotion"},{"floor":33,"key":"Regen Potion"}],"is_trial":false,"path_per_floor":["M","M","M","M","M","R","M","E","T","R","$","M","R","E","R","B",null,"M","M","$","M","M","R","E","R","T","R","E","?","?","M","R","B",null,"M","T","M","M","?"],"character_chosen":"DEFECT","items_purchased":["Magnetism+1","War Paint"],"campfire_rested":4,"item_purchase_floors":[11,20],"current_hp_per_floor":[68,61,57,56,55,55,50,47,47,47,47,52,52,34,58,40,70,59,51,51,34,27,51,21,21,21,45,26,26,52,40,64,20,65,51,51,39,33,0],"gold":394,"neow_bonus":"ONE_RANDOM_RARE_CARD","is_prod":false,"is_daily":false,"chose_seed":false,"campfire_upgraded":4,"win_rate":0,"timestamp":1544298196,"path_taken":["M","M","M","M","M","R","M","E","T","R","$","M","R","E","R","BOSS","M","M","$","M","M","R","E","R","T","R","E","?","?","?","R","BOSS","M","?","M","?","?"],"build_version":"2018-12-06","purchased_purges":0,"victory":false,"max_hp_per_floor":[75,75,75,75,75,75,75,75,75,75,75,80,80,80,80,80,80,80,80,80,80,80,80,80,80,80,80,80,80,80,80,80,80,80,80,80,80,80,80],"card_choices":[{"not_picked":["Cold Snap","Redo"],"picked":"Chill","floor":1},{"not_picked":["Ball Lightning","Turbo"],"picked":"Doom and Gloom","floor":2},{"not_picked":["Redo","Stack"],"picked":"Cold Snap","floor":3},{"not_picked":["Cold Snap","Conserve Battery"],"picked":"Auto Shields","floor":4},{"not_picked":["Melter","Doom and Gloom","Redo"],"picked":"SKIP","floor":5},{"not_picked":["Redo","Heatsinks"],"picked":"Rip and Tear","floor":7},{"not_picked":["Stack","Cold Snap"],"picked":"FTL","floor":8},{"not_picked":["Steam Power","Turbo","Reprogram"],"picked":"SKIP","floor":12},{"not_picked":["Cold Snap","Multi-Cast","Sweeping Beam"],"picked":"SKIP","floor":14},{"not_picked":["Machine Learning+1","Biased Cognition+1"],"picked":"Core Surge","floor":16},{"not_picked":["Doom and Gloom+1","Steam","Rebound"],"picked":"SKIP","floor":18},{"not_picked":["Doom and Gloom","Cold Snap"],"picked":"Gash+1","floor":19},{"not_picked":["Streamline","Cold Snap","Scrape"],"picked":"SKIP","floor":21},{"not_picked":["Conserve Battery+1","Fusion"],"picked":"Ball Lightning+1","floor":22},{"not_picked":["Conserve Battery","Barrage"],"picked":"Go for the Eyes","floor":24},{"not_picked":["Barrage","Recycle"],"picked":"FTL","floor":28},{"not_picked":["Compile Driver","Hologram","Sunder"],"picked":"SKIP","floor":31},{"not_picked":["Thunder Strike","Hyperbeam"],"picked":"Electrodynamics+1","floor":33},{"not_picked":["Compile Driver","Cold Snap","Redo"],"picked":"SKIP","floor":35},{"not_picked":["Rip and Tear","Leap","Barrage"],"picked":"SKIP","floor":37},{"not_picked":["Hologram+1","Static Discharge+1","Cold Snap"],"picked":"SKIP","floor":38}],"player_experience":816271,"relics_obtained":[{"floor":8,"key":"Frozen Egg 2"},{"floor":9,"key":"Ornamental Fan"},{"floor":14,"key":"Kunai"},{"floor":24,"key":"Whetstone"},{"floor":26,"key":"Gremlin Horn"},{"floor":28,"key":"Turnip"},{"floor":36,"key":"Darkstone Periapt"}],"event_choices":[{"damage_healed":0,"gold_gain":0,"player_choice":"Ignored","damage_taken":0,"max_hp_gain":0,"max_hp_loss":0,"event_name":"The Mausoleum","floor":29,"gold_loss":0},{"damage_healed":26,"gold_gain":0,"player_choice":"Heal","damage_taken":0,"max_hp_gain":0,"max_hp_loss":0,"event_name":"The Library","floor":30,"gold_loss":0},{"damage_healed":0,"gold_gain":0,"player_choice":"Fight","damage_taken":0,"max_hp_gain":0,"max_hp_loss":0,"event_name":"Mysterious Sphere","floor":39,"gold_loss":0}],"is_beta":false,"boss_relics":[{"not_picked":["White Beast Statue","Snecko Eye"],"picked":"Runic Pyramid"},{"not_picked":["Astrolabe","Philosopher\u0027s Stone"],"picked":"Sozu"}],"items_purged_floors":[],"is_endless":false,"potions_floor_spawned":[1,2,4,12,14,21,24,31,33,35,37],"killed_by":"2 Orb Walkers","ascension_level":12}