{"gold_per_floor":[111,121,137,155,230,230,249,6,6,25,35,50,15,44,44,144,144,156,167,167,167,67,67,67],"floor_reached":24,"playtime":2043,"items_purged":["Strike_B","Bite"],"score":225,"play_id":"6f15ea10-f22c-4371-814c-02754699a6a5","local_time":"20190911030222","is_ascension_mode":false,"campfire_choices":[{"data":"Rainbow","floor":15,"key":"SMITH"},{"floor":23,"key":"REST"}],"neow_cost":"NONE","seed_source_timestamp":2029392167946400,"circlet_count":0,"master_deck":["Defend_B","Defend_B","Zap","Dualcast","Coolheaded","Conserve Battery","Doom and Gloom","Redo","Fission","Glacier","Blizzard","Master of Strategy","Cold Snap","Self Repair","Genetic Algorithm","Rainbow+1","Electrodynamics","Redo+1","Bite","Bite","Bite","Bite"],"relics":["Cracked Core","Incense Burner","Pantograph","Empty Cage"],"potions_floor_usage":[16],"damage_taken":[{"damage":5,"enemies":"Cultist","floor":1,"turns":5},{"damage":1,"enemies":"Small Slimes","floor":2,"turns":4},{"damage":0,"enemies":"2 Louse","floor":3,"turns":3},{"damage":21,"enemies":"Exordium Wildlife","floor":4,"turns":3},{"damage":10,"enemies":"Looter","floor":7,"turns":3},{"damage":0,"enemies":"Blue Slaver","floor":10,"turns":7},{"damage":0,"enemies":"Red Slaver","floor":11,"turns":3},{"damage":0,"enemies":"Exordium Thugs","floor":12,"turns":5},{"damage":20,"enemies":"3 Sentries","floor":14,"turns":6},{"damage":23,"enemies":"The Guardian","floor":16,"turns":13},{"damage":25,"enemies":"2 Thieves","floor":18,"turns":4},{"damage":17,"enemies":"Spheric Guardian","floor":19,"turns":6},{"damage":60,"enemies":"Book of Stabbing","floor":24,"turns":8}],"seed_played":"163136046080796511","potions_obtained":[{"floor":4,"key":"PowerPotion"},{"floor":11,"key":"Dexterity Potion"},{"floor":14,"key":"Dexterity Potion"}],"is_trial":false,"path_per_floor":["M","M","M","M","?","?","M","$","T","M","M","M","?","E","R","B",null,"M","M","?","?","$","R","E"],"character_chosen":"DEFECT","items_purchased":["Master of Strategy"],"campfire_rested":1,"item_purchase_floors":[8],"current_hp_per_floor":[70,69,69,48,37,37,27,27,27,27,27,34,52,39,39,48,75,57,47,33,33,33,49,0],"gold":67,"neow_bonus":"THREE_CARDS","is_prod":false,"is_daily":false,"chose_seed":false,"campfire_upgraded":1,"win_rate":0.0,"timestamp":1568138542,"path_taken":["M","M","M","M","?","?","M","$","T","M","M","M","?","E","R","BOSS","M","M","?","?","$","R","E"],"build_version":"2019-07-17","purchased_purges":2,"victory":false,"max_hp_per_floor":[75,75,75,75,75,75,75,75,75,75,75,75,75,75,75,75,75,75,75,80,56,56,56,56],"card_choices":[{"not_picked":["Ball Lightning","Rip and Tear"],"picked":"Coolheaded","floor":0},{"not_picked":["Ball Lightning","Sweeping Beam"],"picked":"Conserve Battery","floor":1},{"not_picked":["Ball Lightning","Steam"],"picked":"Doom and Gloom","floor":2},{"not_picked":["Conserve Battery","Force Field"],"picked":"Redo","floor":3},{"not_picked":["Go for the Eyes","Barrage"],"picked":"Fission","floor":4},{"not_picked":["Double Energy","Conserve Battery"],"picked":"Blizzard","floor":7},{"not_picked":["Hologram","Streamline"],"picked":"Cold Snap","floor":10},{"not_picked":["Conserve Battery","Genetic Algorithm"],"picked":"Self Repair","floor":11},{"not_picked":["BootSequence","Barrage"],"picked":"Genetic Algorithm","floor":12},{"not_picked":["BootSequence","Rip and Tear"],"picked":"Rainbow","floor":14},{"not_picked":["Rainbow","Amplify"],"picked":"Electrodynamics","floor":16},{"not_picked":["Ball Lightning+1","Barrage","Streamline"],"picked":"SKIP","floor":18},{"not_picked":["Compile Driver+1","Coolheaded"],"picked":"Redo+1","floor":19}],"player_experience":21672,"relics_obtained":[{"floor":9,"key":"Incense Burner"},{"floor":14,"key":"Pantograph"}],"event_choices":[{"damage_healed":0,"gold_gain":75,"player_choice":"Gather Gold","damage_taken":11,"max_hp_gain":0,"max_hp_loss":0,"event_name":"World of Goop","floor":5,"gold_loss":0},{"damage_healed":0,"gold_gain":0,"cards_transformed":["Strike_B"],"player_choice":"Change","damage_taken":0,"max_hp_gain":0,"max_hp_loss":0,"event_name":"Living Wall","floor":6,"gold_loss":0,"cards_obtained":["Glacier"]},{"damage_healed":18,"gold_gain":0,"player_choice":"Healed","damage_taken":0,"max_hp_gain":0,"max_hp_loss":0,"event_name":"The Cleric","floor":13,"gold_loss":35},{"damage_healed":0,"gold_gain":0,"player_choice":"Shed Blood","damage_taken":19,"max_hp_gain":5,"max_hp_loss":0,"event_name":"Forgotten Altar","floor":20,"gold_loss":0},{"damage_healed":0,"gold_gain":0,"player_choice":"Became a vampire","damage_taken":0,"max_hp_gain":0,"max_hp_loss":24,"event_name":"Vampires","floor":21,"gold_loss":0,"cards_obtained":["Bite","Bite","Bite","Bite","Bite"]}],"is_beta":false,"boss_relics":[{"not_picked":["Busted Crown","Coffee Dripper"],"picked":"Empty Cage"}],"items_purged_floors":[8,22],"is_endless":false,"potions_floor_spawned":[4,11,14],"killed_by":"Book of Stabbing","ascension_level":0}