{"gold_per_floor":[119,129,129,140,65,65,90,90,90,108,136,136,162,176,176,272,272,287,305,320,245,245,245],"floor_reached":23,"playtime":2038,"items_purged":["Strike_R"],"score":211,"play_id":"a8068cf6-6c05-44bb-97ae-63287af2d91e","local_time":"20190902084433","is_ascension_mode":false,"campfire_choices":[{"data":"Armaments","floor":6,"key":"SMITH"},{"data":"Bash","floor":15,"key":"SMITH"}],"neow_cost":"NONE","seed_source_timestamp":1102293985900,"circlet_count":0,"master_deck":["Strike_R","Strike_R","Defend_R","Defend_R","Defend_R","Defend_R","Bash+1","Clothesline","Rampage","Armaments+1","Disarm+1","Offering+1"],"relics":["Burning Blood","NeowsBlessing","Kunai","Toxic Egg 2","Molten Egg 2","Gremlin Horn","Nunchaku","Snecko Eye","MutagenicStrength"],"potions_floor_usage":[7,11],"damage_taken":[{"damage":0,"enemies":"Cultist","floor":1,"turns":1},{"damage":0,"enemies":"Small Slimes","floor":2,"turns":1},{"damage":0,"enemies":"Jaw Worm","floor":4,"turns":1},{"damage":17,"enemies":"Gremlin Nob","floor":7,"turns":4},{"damage":8,"enemies":"3 Louse","floor":10,"turns":3},{"damage":15,"enemies":"3 Sentries","floor":11,"turns":10},{"damage":7,"enemies":"Lagavulin","floor":13,"turns":7},{"damage":2,"enemies":"Looter","floor":14,"turns":4},{"damage":33,"enemies":"The Guardian","floor":16,"turns":10},{"damage":26,"enemies":"2 Thieves","floor":18,"turns":4},{"damage":2,"enemies":"Spheric Guardian","floor":19,"turns":5},{"damage":19,"enemies":"Snecko","floor":20,"turns":7},{"damage":54,"enemies":"Slavers","floor":23,"turns":5}],"seed_played":"-1903243244633890069","potions_obtained":[{"floor":1,"key":"FearPotion"},{"floor":4,"key":"EssenceOfSteel"},{"floor":11,"key":"BloodPotion"}],"is_trial":false,"path_per_floor":["M","M","?","M","$","R","E","?","T","M","E","?","E","M","R","B",null,"M","M","M","?","?","E"],"character_chosen":"IRONCLAD","items_purchased":[],"campfire_rested":0,"item_purchase_floors":[],"current_hp_per_floor":[80,80,73,79,79,79,68,68,68,66,57,57,56,60,60,33,80,60,64,51,51,51,0],"gold":245,"neow_bonus":"THREE_ENEMY_KILL","is_prod":false,"is_daily":false,"chose_seed":false,"campfire_upgraded":2,"win_rate":0,"timestamp":1567410273,"path_taken":["M","M","?","M","$","R","E","?","T","M","E","?","E","M","R","BOSS","M","?","M","?","?","E"],"build_version":"2019-07-17","purchased_purges":1,"victory":false,"max_hp_per_floor":[80,80,80,80,80,80,80,80,80,80,80,80,80,80,80,80,80,80,80,80,80,80,80],"card_choices":[{"not_picked":["Hemokinesis","Carnage"],"picked":"Clothesline","floor":1},{"not_picked":["Corruption","True Grit"],"picked":"Rampage","floor":2},{"not_picked":["Havoc","Flex"],"picked":"Armaments","floor":4},{"not_picked":["Berserk","Seeing Red","Infernal Blade"],"picked":"SKIP","floor":7},{"not_picked":["Burning Pact+1","Wild Strike+1","Havoc+1"],"picked":"SKIP","floor":10},{"not_picked":["Anger+1","Dark Embrace","Clash+1"],"picked":"SKIP","floor":11},{"not_picked":["Reckless Charge+1","Warcry+1"],"picked":"Disarm+1","floor":13},{"not_picked":["Rupture","Second Wind+1","Clash+1"],"picked":"SKIP","floor":14},{"not_picked":["Barricade","Reaper+1"],"picked":"Offering+1","floor":16},{"not_picked":["Warcry+1","Blood for Blood+1","Heavy Blade+1"],"picked":"SKIP","floor":18},{"not_picked":["Pummel+1","Body Slam+1","Bloodletting+1"],"picked":"SKIP","floor":19},{"not_picked":["Seeing Red+1","Sever Soul+1","Body Slam+1"],"picked":"SKIP","floor":20}],"player_experience":127256,"relics_obtained":[{"floor":7,"key":"Kunai"},{"floor":9,"key":"Molten Egg 2"},{"floor":11,"key":"Gremlin Horn"},{"floor":13,"key":"Nunchaku"}],"event_choices":[{"cards_removed":["Strike_R"],"damage_healed":0,"gold_gain":0,"player_choice":"Card Removal","damage_taken":7,"max_hp_gain":0,"max_hp_loss":0,"event_name":"Golden Wing","floor":3,"gold_loss":0},{"damage_healed":0,"gold_gain":0,"player_choice":"Searched \u00272\u0027 times","damage_taken":0,"relics_obtained":["Toxic Egg 2"],"max_hp_gain":0,"max_hp_loss":0,"event_name":"Dead Adventurer","floor":8,"gold_loss":0},{"damage_healed":0,"gold_gain":0,"player_choice":"Ignored","damage_taken":0,"max_hp_gain":0,"max_hp_loss":0,"event_name":"NoteForYourself","floor":12,"gold_loss":0},{"cards_removed":["Strike_R"],"damage_healed":0,"gold_gain":0,"player_choice":"Gave Gold","damage_taken":0,"max_hp_gain":0,"max_hp_loss":0,"event_name":"Beggar","floor":21,"gold_loss":75},{"damage_healed":0,"gold_gain":0,"player_choice":"Inject Mutagens","damage_taken":0,"relics_obtained":["MutagenicStrength"],"max_hp_gain":0,"max_hp_loss":0,"event_name":"Drug Dealer","floor":22,"gold_loss":0}],"is_beta":false,"boss_relics":[{"not_picked":["Black Star","Orrery"],"picked":"Snecko Eye"}],"items_purged_floors":[5],"is_endless":false,"potions_floor_spawned":[1,4,11],"killed_by":"Slavers","ascension_level":0}