{"gold_per_floor":[117,117,17,31,31,31,69,90,115,128,169,169,185,165,165,255,255,273,288,308,331,34,34,34,59,59,59,73,73,73,373,373,373],"floor_reached":33,"playtime":2872,"items_purged":["Injury"],"score":536,"play_id":"822f1d55-72a2-422a-8516-d2d07c4f975b","local_time":"20190824063820","is_ascension_mode":true,"campfire_choices":[{"data":"Body Slam","floor":6,"key":"SMITH"},{"floor":12,"key":"REST"},{"data":"True Grit","floor":15,"key":"SMITH"},{"floor":27,"key":"REST"},{"floor":32,"key":"REST"}],"neow_cost":"NONE","seed_source_timestamp":5382919795703,"circlet_count":0,"master_deck":["AscendersBane","Bash","Battle Trance","Iron Wave+1","Body Slam+1","Reaper","Headbutt","Clothesline","Sentinel","True Grit+1","Juggernaut","Fiend Fire","Infernal Blade","Searing Blow","Twin Strike","Warcry","Shrug It Off","Wild Strike","Immolate","Pommel Strike","Shockwave","Flame Barrier","Shame","Power Through","Uppercut","Necronomicurse"],"relics":["Burning Blood","NeowsBlessing","Bloody Idol","Boot","Ancient Tea Set","Anchor","Pandora\u0027s Box","Red Skull","Lantern","Darkstone Periapt","Necronomicon","Old Coin"],"potions_floor_usage":[16,19,21,25,33],"damage_taken":[{"damage":0,"enemies":"Cultist","floor":1,"turns":1},{"damage":0,"enemies":"Jaw Worm","floor":4,"turns":1},{"damage":0,"enemies":"Lagavulin","floor":7,"turns":1},{"damage":8,"enemies":"Small Slimes","floor":8,"turns":3},{"damage":38,"enemies":"Gremlin Gang","floor":10,"turns":5},{"damage":25,"enemies":"Gremlin Nob","floor":11,"turns":4},{"damage":0,"enemies":"Exordium Wildlife","floor":13,"turns":3},{"damage":39,"enemies":"The Guardian","floor":16,"turns":15},{"damage":4,"enemies":"2 Thieves","floor":18,"turns":3},{"damage":20,"enemies":"Spheric Guardian","floor":19,"turns":5},{"damage":39,"enemies":"Shelled Parasite and Fungi","floor":20,"turns":6},{"damage":20,"enemies":"3 Cultists","floor":21,"turns":4},{"damage":8,"enemies":"Centurion and Healer","floor":25,"turns":6},{"damage":19,"enemies":"Snecko","floor":28,"turns":7},{"damage":112,"enemies":"Collector","floor":33,"turns":8}],"seed_played":"-3335226353226887705","potions_obtained":[{"floor":4,"key":"BloodPotion"},{"floor":11,"key":"LiquidBronze"},{"floor":13,"key":"AttackPotion"},{"floor":16,"key":"Dexterity Potion"},{"floor":21,"key":"FairyPotion"},{"floor":25,"key":"Energy Potion"}],"is_trial":false,"path_per_floor":["M","?","$","M","?","R","E","M","T","M","E","R","M","?","R","B",null,"M","M","M","M","$","?","?","M","T","R","M","?","?","T","R","B"],"character_chosen":"IRONCLAD","items_purchased":["Iron Wave","Red Skull","Flame Barrier","Energy Potion"],"campfire_rested":3,"item_purchase_floors":[3,22,22,22],"current_hp_per_floor":[74,74,74,75,52,52,58,56,56,43,29,51,62,62,62,34,65,67,53,20,24,24,24,24,22,22,44,37,37,22,27,51,0],"gold":373,"neow_bonus":"THREE_ENEMY_KILL","is_prod":false,"is_daily":false,"chose_seed":false,"campfire_upgraded":2,"win_rate":0,"timestamp":1566592700,"path_taken":["M","?","?","M","?","R","E","M","T","M","E","R","M","?","R","BOSS","M","M","?","M","$","?","?","M","T","R","?","?","?","?","R","BOSS"],"build_version":"2019-07-17","purchased_purges":1,"victory":false,"max_hp_per_floor":[75,75,75,75,75,75,75,75,75,75,75,75,75,75,75,75,75,75,75,75,75,75,75,75,75,75,75,75,75,81,81,81,81],"card_choices":[{"not_picked":["Perfected Strike","Evolve"],"picked":"Battle Trance","floor":1},{"not_picked":["Havoc","Warcry"],"picked":"Body Slam","floor":4},{"not_picked":["Dual Wield","Second Wind"],"picked":"Reaper","floor":7},{"not_picked":["Perfected Strike","Shrug It Off"],"picked":"Headbutt","floor":8},{"not_picked":["Whirlwind","Combust"],"picked":"Clothesline","floor":10},{"not_picked":["Limit Break","Clash"],"picked":"Sentinel","floor":11},{"not_picked":["Twin Strike","Cleave"],"picked":"True Grit","floor":13},{"not_picked":["Reaper","Brutality"],"picked":"Juggernaut","floor":16},{"not_picked":["Perfected Strike","Anger","Thunderclap"],"picked":"SKIP","floor":18},{"not_picked":["Heavy Blade","Anger","Thunderclap"],"picked":"SKIP","floor":19},{"not_picked":["Shrug It Off","Ghostly Armor"],"picked":"Shockwave","floor":20},{"not_picked":["Clothesline+1","Cleave","Bloodletting"],"picked":"SKIP","floor":21},{"not_picked":["Sword Boomerang","Headbutt"],"picked":"Power Through","floor":25},{"not_picked":["Immolate","Anger"],"picked":"Uppercut","floor":28}],"player_experience":1204521,"relics_obtained":[{"floor":7,"key":"Boot"},{"floor":9,"key":"Ancient Tea Set"},{"floor":11,"key":"Anchor"},{"floor":26,"key":"Darkstone Periapt"},{"floor":30,"key":"Necronomicon"},{"floor":31,"key":"Old Coin"}],"event_choices":[{"damage_healed":0,"gold_gain":0,"player_choice":"Take Wound","damage_taken":0,"relics_obtained":["Golden Idol"],"max_hp_gain":0,"max_hp_loss":0,"event_name":"Golden Idol","floor":2,"gold_loss":0,"cards_obtained":["Injury"]},{"damage_healed":0,"gold_gain":0,"player_choice":"Entered Light","damage_taken":23,"max_hp_gain":0,"max_hp_loss":0,"event_name":"Shining Light","floor":5,"gold_loss":0,"cards_upgraded":["Iron Wave","Defend_R"]},{"damage_healed":0,"gold_gain":0,"player_choice":"Bought 1 Potion","damage_taken":0,"max_hp_gain":0,"max_hp_loss":0,"event_name":"The Woman in Blue","floor":14,"gold_loss":0},{"damage_healed":0,"gold_gain":0,"player_choice":"Stole Relic","damage_taken":0,"relics_obtained":["Lantern"],"max_hp_gain":0,"max_hp_loss":0,"event_name":"Addict","floor":23,"gold_loss":0,"cards_obtained":["Shame"]},{"damage_healed":0,"gold_gain":0,"player_choice":"Got Potions","damage_taken":0,"max_hp_gain":0,"max_hp_loss":0,"event_name":"Lab","floor":24,"gold_loss":0},{"damage_healed":0,"gold_gain":0,"player_choice":"Gave Idol","damage_taken":0,"relics_obtained":["Bloody Idol"],"max_hp_gain":0,"max_hp_loss":0,"event_name":"Forgotten Altar","floor":29,"relics_lost":["Golden Idol"],"gold_loss":0},{"damage_healed":0,"gold_gain":0,"player_choice":"Obtained Book","damage_taken":21,"max_hp_gain":0,"max_hp_loss":0,"event_name":"Cursed Tome","floor":30,"gold_loss":0}],"is_beta":false,"boss_relics":[{"not_picked":["Runic Dome","Lizard Tail"],"picked":"Pandora\u0027s Box"}],"items_purged_floors":[3],"is_endless":false,"potions_floor_spawned":[4,11,13,16,21,25,28],"killed_by":"Collector","ascension_level":18}