{"gold_per_floor":[116,134,149,149,1,1,11,37,37,13,13,88,100,112,112,210,210,221,1,1,1,11,11,25,25,48,61,61,61,9,29,29,126,126,146,158,158,158,158],"floor_reached":39,"playtime":1693,"items_purged":[],"score":520,"play_id":"9a5afc0d-c4a3-41c4-9ed3-049356a8100d","local_time":"20190522235322","is_ascension_mode":true,"campfire_choices":[{"data":"Zap","floor":6,"key":"SMITH"},{"data":"Sunder","floor":11,"key":"SMITH"},{"floor":15,"key":"REST"},{"floor":23,"key":"REST"},{"floor":25,"key":"REST"},{"floor":28,"key":"REST"},{"floor":32,"key":"REST"}],"neow_cost":"NONE","seed_source_timestamp":10673373622449,"circlet_count":0,"master_deck":["Defend_B","Defend_B","Defend_B","Defend_B","Zap+1","Dualcast","Fission","Conserve Battery","Undo","Barrage","Reprogram","Fusion","Sunder+1","Sweeping Beam","Machine Learning","Cold Snap","Electrodynamics","Loop","Auto Shields","Glacier","Sweeping Beam+1","Steam+1","Bite","Bite","Bite","Bite","Bite","Leap","Thunder Strike","Conserve Battery","Stack","Madness","Madness"],"relics":["Cracked Core","Whetstone","Incense Burner","Kunai","Inserter","DataDisk","Orichalcum","Letter Opener","Coffee Dripper"],"potions_floor_usage":[8,18,18,20,20,33],"damage_taken":[{"damage":4,"enemies":"2 Louse","floor":1,"turns":2},{"damage":1,"enemies":"Small Slimes","floor":2,"turns":4},{"damage":0,"enemies":"Jaw Worm","floor":3,"turns":5},{"damage":0,"enemies":"3 Louse","floor":7,"turns":3},{"damage":19,"enemies":"Lagavulin","floor":8,"turns":9},{"damage":11,"enemies":"Looter","floor":13,"turns":2},{"damage":0,"enemies":"Large Slime","floor":14,"turns":4},{"damage":25,"enemies":"Slime Boss","floor":16,"turns":12},{"damage":26,"enemies":"2 Thieves","floor":18,"turns":5},{"damage":28,"enemies":"Colosseum Slavers","floor":20,"turns":6},{"damage":0,"enemies":"3 Byrds","floor":22,"turns":2},{"damage":43,"enemies":"Shelled Parasite and Fungi","floor":24,"turns":8},{"damage":29,"enemies":"Snake Plant","floor":27,"turns":7},{"damage":5,"enemies":"Chosen and Byrds","floor":31,"turns":5},{"damage":44,"enemies":"Automaton","floor":33,"turns":15},{"damage":6,"enemies":"3 Shapes","floor":35,"turns":3},{"damage":5,"enemies":"Orb Walker","floor":36,"turns":4},{"damage":43,"enemies":"Writhing Mass","floor":39,"turns":7}],"seed_played":"8193408278125637594","potions_obtained":[{"floor":2,"key":"Regen Potion"},{"floor":8,"key":"GamblersBrew"},{"floor":14,"key":"Weak Potion"},{"floor":16,"key":"PowerPotion"},{"floor":18,"key":"SteroidPotion"},{"floor":24,"key":"Block Potion"}],"is_trial":false,"path_per_floor":["M","M","M","?","$","R","M","E","T","$","R","?","M","M","R","B",null,"M","$","?","?","M","R","M","R","T","M","R","?","?","M","R","B",null,"M","M","?","?","M"],"character_chosen":"DEFECT","items_purchased":["Whetstone","Sweeping Beam","DataDisk","Auto Shields"],"campfire_rested":5,"item_purchase_floors":[5,10,19,19],"current_hp_per_floor":[64,63,63,63,63,63,63,59,59,59,59,48,37,37,59,34,65,39,39,11,36,36,58,15,37,37,8,30,30,30,33,48,24,45,43,42,42,35,0],"gold":158,"neow_bonus":"ONE_RANDOM_RARE_CARD","is_prod":false,"is_daily":false,"chose_seed":false,"campfire_upgraded":2,"win_rate":0,"timestamp":1558533202,"path_taken":["M","M","M","?","$","R","M","E","T","$","R","?","M","M","R","BOSS","M","$","?","?","M","R","M","R","T","M","R","?","?","M","R","BOSS","M","M","?","?","M"],"build_version":"2019-01-23","purchased_purges":0,"victory":false,"max_hp_per_floor":[75,75,75,75,75,75,75,75,75,75,75,75,75,75,75,75,75,75,75,75,75,75,75,75,75,75,75,75,52,52,52,52,52,52,52,52,52,52,52],"card_choices":[{"not_picked":["Ball Lightning","Blizzard"],"picked":"Conserve Battery","floor":1},{"not_picked":["Compile Driver","Sweeping Beam"],"picked":"Undo","floor":2},{"not_picked":["Steam","Static Discharge"],"picked":"Barrage","floor":3},{"not_picked":["Scrape","Tempest"],"picked":"Fusion","floor":7},{"not_picked":["Redo","Defragment"],"picked":"Sunder","floor":8},{"not_picked":["Coolheaded","Loop"],"picked":"Machine Learning","floor":13},{"not_picked":["Leap","Melter"],"picked":"Cold Snap","floor":14},{"not_picked":["Buffer","Reboot"],"picked":"Electrodynamics","floor":16},{"not_picked":["Melter","Rebound"],"picked":"Loop","floor":18},{"not_picked":["FTL","Auto Shields"],"picked":"Glacier","floor":22},{"not_picked":["Capacitor","Compile Driver+1"],"picked":"Sweeping Beam+1","floor":24},{"not_picked":["Conserve Battery","Beam Cell"],"picked":"Steam+1","floor":27},{"not_picked":["Loop","Steam"],"picked":"Leap","floor":31},{"not_picked":["Biased Cognition","Hyperbeam"],"picked":"Thunder Strike","floor":33},{"not_picked":["Genetic Algorithm","Gash"],"picked":"Conserve Battery","floor":35},{"not_picked":["Tempest","Chaos+1"],"picked":"Stack","floor":36}],"player_experience":705414,"relics_obtained":[{"floor":8,"key":"Incense Burner"},{"floor":9,"key":"Kunai"},{"floor":26,"key":"Orichalcum"}],"event_choices":[{"damage_healed":0,"gold_gain":0,"cards_transformed":["Strike_B"],"player_choice":"Change","damage_taken":0,"max_hp_gain":0,"max_hp_loss":0,"event_name":"Living Wall","floor":4,"gold_loss":0,"cards_obtained":["Reprogram"]},{"damage_healed":0,"gold_gain":75,"player_choice":"Gather Gold","damage_taken":11,"max_hp_gain":0,"max_hp_loss":0,"event_name":"World of Goop","floor":12,"gold_loss":0},{"damage_healed":0,"gold_gain":0,"player_choice":"Fight","damage_taken":0,"max_hp_gain":0,"max_hp_loss":0,"event_name":"Colosseum","floor":20,"gold_loss":0},{"damage_healed":0,"gold_gain":0,"player_choice":"Fled From Nobs","damage_taken":0,"max_hp_gain":0,"max_hp_loss":0,"event_name":"Colosseum","floor":20,"gold_loss":0},{"damage_healed":25,"gold_gain":0,"player_choice":"Heal","damage_taken":0,"max_hp_gain":0,"max_hp_loss":0,"event_name":"The Library","floor":21,"gold_loss":0},{"damage_healed":0,"gold_gain":0,"player_choice":"Became a vampire","damage_taken":0,"max_hp_gain":0,"max_hp_loss":23,"event_name":"Vampires","floor":29,"gold_loss":0,"cards_obtained":["Bite","Bite","Bite","Bite","Bite"]},{"damage_healed":0,"gold_gain":0,"player_choice":"Paid Gold","damage_taken":0,"relics_obtained":["Letter Opener"],"max_hp_gain":0,"max_hp_loss":0,"event_name":"WeMeetAgain","floor":30,"gold_loss":52},{"damage_healed":0,"gold_gain":0,"player_choice":"Ignored","damage_taken":0,"max_hp_gain":0,"max_hp_loss":0,"event_name":"Mysterious Sphere","floor":37,"gold_loss":0},{"damage_healed":0,"gold_gain":0,"player_choice":"Embrace Madness","damage_taken":7,"max_hp_gain":0,"max_hp_loss":0,"event_name":"Winding Halls","floor":38,"gold_loss":0,"cards_obtained":["Madness","Madness"]}],"is_beta":false,"boss_relics":[{"not_picked":["Sozu","Velvet Choker"],"picked":"Inserter"},{"not_picked":["FrozenCore","White Beast Statue"],"picked":"Coffee Dripper"}],"items_purged_floors":[],"is_endless":false,"potions_floor_spawned":[2,8,14,16,18,24],"killed_by":"Writhing Mass","ascension_level":6}