{"gold_per_floor":[112,112,129,143,161,161,178,192,218,232,232,8,8,8,8,80,80,97,97,108,108,119,119,119,119,142,155,165,184,184,55,55,134,134,147,147,167,167,167,167,179,179,231,231,241,241,258,278,278,278],"floor_reached":51,"playtime":3783,"items_purged":[],"score":1162,"play_id":"d335a18f-a040-4e70-9c90-076c9177002f","local_time":"20190808001500","is_ascension_mode":true,"campfire_choices":[{"data":"Dagger Spray","floor":6.0,"key":"SMITH"},{"data":"After Image","floor":13.0,"key":"SMITH"},{"data":"Footwork","floor":15.0,"key":"SMITH"},{"data":"Deadly Poison","floor":23.0,"key":"SMITH"},{"data":"RitualDagger","floor":25.0,"key":"SMITH"},{"data":"Catalyst","floor":32.0,"key":"SMITH"},{"floor":40,"key":"REST"},{"data":"Madness","floor":44,"key":"SMITH"},{"data":"Night Terror","floor":46,"key":"SMITH"},{"data":"Sucker Punch","floor":49,"key":"SMITH"}],"neow_cost":"TEN_PERCENT_HP_LOSS","seed_source_timestamp":0,"circlet_count":0,"master_deck":["AscendersBane","Defend_G+1","Defend_G+1","Defend_G+1","Defend_G+1","Defend_G+1","Survivor","Neutralize+1","Dagger Spray+1","Deadly Poison+1","After Image+1","Well Laid Plans","Footwork+1","PiercingWail","Night Terror+1","Well Laid Plans+1","Bite","Bite","Bite","Bite","Bite","RitualDagger+1","Heel Hook","Flying Knee","Noxious Fumes+1","Catalyst+1","Poisoned Stab","Die Die Die","Escape Plan+1","Caltrops","Cloak And Dagger","Madness+1","Predator","Writhe","Skewer+1","Sucker Punch+1","Dash"],"special_seed":0,"relics":["Ring of the Snake","Gambling Chip","Snake Skull","OrangePellets","Eternal Feather","Oddly Smooth Stone","Philosopher\u0027s Stone","Happy Flower"],"potions_floor_usage":[33,47,50],"damage_taken":[{"damage":1.0,"enemies":"2 Louse","floor":1.0,"turns":3.0},{"damage":2.0,"enemies":"Cultist","floor":3.0,"turns":4.0},{"damage":1.0,"enemies":"Small Slimes","floor":4.0,"turns":3.0},{"damage":23.0,"enemies":"Exordium Thugs","floor":5.0,"turns":5.0},{"damage":4.0,"enemies":"2 Fungi Beasts","floor":7.0,"turns":2.0},{"damage":0.0,"enemies":"Large Slime","floor":8.0,"turns":6.0},{"damage":0.0,"enemies":"3 Louse","floor":10.0,"turns":1.0},{"damage":34.0,"enemies":"Slime Boss","floor":16.0,"turns":18.0},{"damage":7.0,"enemies":"Shell Parasite","floor":18.0,"turns":7.0},{"damage":16.0,"enemies":"Spheric Guardian","floor":20.0,"turns":10.0},{"damage":10.0,"enemies":"Centurion and Healer","floor":22.0,"turns":14.0},{"damage":13.0,"enemies":"Shelled Parasite and Fungi","floor":27.0,"turns":9.0},{"damage":45.0,"enemies":"3 Cultists","floor":28.0,"turns":7.0},{"damage":4.0,"enemies":"Snecko","floor":29.0,"turns":6.0},{"damage":36,"enemies":"Automaton","floor":33,"turns":10},{"damage":41,"enemies":"3 Darklings","floor":35,"turns":8},{"damage":19,"enemies":"Orb Walker","floor":37,"turns":5},{"damage":0,"enemies":"Maw","floor":41,"turns":8},{"damage":35,"enemies":"3 Darklings","floor":45,"turns":10},{"damage":15,"enemies":"Spire Growth","floor":47,"turns":6},{"damage":28,"enemies":"Writhing Mass","floor":48,"turns":7},{"damage":32,"enemies":"Time Eater","floor":50,"turns":9}],"seed_played":"-2291330654280022952","potions_obtained":[{"floor":3.0,"key":"Strength Potion"},{"floor":5.0,"key":"Block Potion"},{"floor":7.0,"key":"SkillPotion"},{"floor":22.0,"key":"Energy Potion"},{"floor":27.0,"key":"FairyPotion"},{"floor":29.0,"key":"SteroidPotion"},{"floor":45,"key":"FearPotion"},{"floor":48,"key":"Poison Potion"}],"is_trial":false,"path_per_floor":["M","?","M","M","M","R","M","M","T","M","?","$","R","$","R","B",null,"M","?","M","?","M","R","?","R","T","M","M","M","?","$","R","B",null,"M","?","M","?","?","R","M","?","T","R","M","R","M","M","R","B",null],"character_chosen":"THE_SILENT","items_purchased":["OrangePellets","Catalyst","Poisoned Stab"],"campfire_rested":1,"item_purchase_floors":[12,31,31],"current_hp_per_floor":[58,58,56,55,32,32,28,28,28,28,60,60,60,60,60,26,52,45,42,42,32,47,47,41,47,47,47,6,10,10,10,25,8,37,12,12,3,3,3,35,47,47,47,47,26,47,47,29,47,23],"gold":278,"neow_bonus":"ONE_RARE_RELIC","is_prod":false,"is_daily":false,"chose_seed":false,"campfire_upgraded":9,"win_rate":0,"timestamp":1565187300,"path_taken":["M","?","?","M","?","R","M","M","T","M","?","$","R","?","R","BOSS","M","?","M","?","M","R","?","R","T","M","M","M","?","$","R","BOSS","M","?","?","?","?","R","M","?","T","R","M","R","M","M","R","BOSS"],"build_version":"2019-07-17","purchased_purges":0,"victory":true,"max_hp_per_floor":[60,60,60,60,60,60,60,60,60,60,60,60,60,60,60,60,60,60,42,42,47,47,47,47,47,47,47,47,47,47,47,47,47,47,47,47,47,47,47,47,47,47,47,47,47,47,47,47,47,47],"card_choices":[{"not_picked":["Infinite Blades","Quick Slash"],"picked":"Dagger Spray","floor":1.0},{"not_picked":["Calculated Gamble","Endless Agony"],"picked":"Deadly Poison","floor":3.0},{"not_picked":["Sucker Punch","Dagger Spray"],"picked":"Dagger Throw","floor":4.0},{"not_picked":["Bouncing Flask","Dagger Spray"],"picked":"After Image","floor":5.0},{"not_picked":["Finisher","PiercingWail"],"picked":"Well Laid Plans","floor":7.0},{"not_picked":["Acrobatics","Dagger Spray"],"picked":"Footwork","floor":8.0},{"not_picked":["Deflect","Slice"],"picked":"PiercingWail","floor":10.0},{"not_picked":["Malaise","Glass Knife"],"picked":"Night Terror","floor":16.0},{"not_picked":["Dagger Spray+1","Blur"],"picked":"Well Laid Plans+1","floor":18.0},{"not_picked":["Dagger Throw","Dagger Spray","Expertise"],"picked":"SKIP","floor":20.0},{"not_picked":["Noxious Fumes","Deadly Poison+1"],"picked":"Heel Hook","floor":22.0},{"not_picked":["Finisher","Bane"],"picked":"Heel Hook","floor":27.0},{"not_picked":["Outmaneuver","Concentrate"],"picked":"Flying Knee","floor":28.0},{"not_picked":["Poisoned Stab","Cloak And Dagger"],"picked":"Noxious Fumes+1","floor":29.0},{"not_picked":["Wraith Form v2","Storm of Steel"],"picked":"Die Die Die","floor":33},{"not_picked":["Backflip","Deflect"],"picked":"Escape Plan+1","floor":35},{"not_picked":["Poisoned Stab","Calculated Gamble"],"picked":"Cloak And Dagger","floor":37},{"not_picked":["Transmutation","PanicButton"],"picked":"Madness","floor":39},{"not_picked":["Acrobatics","Poisoned Stab"],"picked":"Predator","floor":41},{"not_picked":["Flying Knee","Deflect"],"picked":"Skewer+1","floor":45},{"not_picked":["Backstab","Outmaneuver"],"picked":"Sucker Punch","floor":47},{"not_picked":["Calculated Gamble","Outmaneuver"],"picked":"Dash","floor":48}],"player_experience":1156497,"relics_obtained":[{"floor":9.0,"key":"Snake Skull"},{"floor":26.0,"key":"Oddly Smooth Stone"},{"floor":43,"key":"Happy Flower"}],"event_choices":[{"damage_healed":0.0,"max_hp_gain":0.0,"max_hp_loss":0.0,"gold_gain":0.0,"event_name":"Upgrade Shrine","player_choice":"Upgraded","floor":2.0,"gold_loss":0.0,"damage_taken":0.0,"cards_upgraded":["Neutralize"]},{"damage_healed":32.0,"max_hp_gain":0.0,"max_hp_loss":0.0,"gold_gain":0.0,"event_name":"Wheel of Change","player_choice":"Full Heal","floor":11.0,"gold_loss":0.0,"damage_taken":0.0},{"damage_healed":0.0,"max_hp_gain":0.0,"max_hp_loss":18.0,"gold_gain":0.0,"event_name":"Vampires","player_choice":"Became a vampire","floor":19.0,"gold_loss":0.0,"damage_taken":0.0,"cards_obtained":["Bite","Bite","Bite","Bite","Bite"]},{"damage_healed":0.0,"max_hp_gain":5.0,"max_hp_loss":0.0,"gold_gain":0.0,"event_name":"Forgotten Altar","player_choice":"Shed Blood","floor":21.0,"gold_loss":0.0,"damage_taken":15.0},{"damage_healed":0.0,"max_hp_gain":0.0,"max_hp_loss":0.0,"gold_gain":0.0,"event_name":"Nest","player_choice":"Joined the Cult","floor":24.0,"gold_loss":0.0,"damage_taken":6.0,"cards_obtained":["RitualDagger"]},{"damage_healed":0.0,"max_hp_gain":0.0,"max_hp_loss":0.0,"gold_gain":0.0,"event_name":"Back to Basics","player_choice":"Simplicity","floor":30.0,"gold_loss":0.0,"damage_taken":0.0,"cards_upgraded":["Defend_G","Defend_G","Defend_G","Defend_G","Defend_G"]},{"damage_healed":0,"gold_gain":0,"cards_transformed":["Dagger Throw"],"player_choice":"Transformed","damage_taken":0,"max_hp_gain":0,"max_hp_loss":0,"event_name":"Transmorgrifier","floor":36,"gold_loss":0,"cards_obtained":["Caltrops"]},{"cards_removed":["Heel Hook"],"damage_healed":0,"gold_gain":0,"player_choice":"Removed Attack","damage_taken":0,"max_hp_gain":0,"max_hp_loss":0,"event_name":"Falling","floor":38,"gold_loss":0},{"damage_healed":0,"gold_gain":0,"player_choice":"Memory 1","damage_taken":0,"max_hp_gain":0,"max_hp_loss":0,"event_name":"SensoryStone","floor":39,"gold_loss":0},{"damage_healed":9,"gold_gain":0,"player_choice":"Writhe","damage_taken":0,"max_hp_gain":0,"max_hp_loss":0,"event_name":"Winding Halls","floor":42,"gold_loss":0,"cards_obtained":["Writhe"]}],"is_beta":false,"boss_relics":[{"not_picked":["Runic Dome","Black Star"],"picked":"Eternal Feather"},{"not_picked":["Astrolabe","Empty Cage"],"picked":"Philosopher\u0027s Stone"}],"items_purged_floors":[],"is_endless":false,"potions_floor_spawned":[3,5,7,10,16,22,27,29,45,48],"ascension_level":16}