{"gold_per_floor":[116,15,15,35,0,0,0,0,0,15,15,48,48,59,59,158,158,172,182,5,25,25,57,57,75,145,165,182,182],"floor_reached":29,"playtime":2624,"items_purged":[],"score":270,"play_id":"e2121167-704a-4030-939a-2aaec2b79c73","local_time":"20190909234156","is_ascension_mode":false,"campfire_choices":[{"data":"Barrage","floor":6.0,"key":"SMITH"},{"data":"Glacier","floor":8.0,"key":"SMITH"},{"data":"Darkness","floor":15.0,"key":"SMITH"},{"floor":24,"key":"REST"}],"neow_cost":"NONE","seed_source_timestamp":0,"circlet_count":0,"master_deck":["Strike_B","Strike_B","Strike_B","Strike_B","Defend_B","Defend_B","Defend_B","Defend_B","Zap","Dualcast","Redo","Glacier+1","Barrage+1","Conserve Battery","Capacitor","Glacier","Darkness+1","Fission","Rip and Tear+1","Redo","Redo","Auto Shields","Redo","Go for the Eyes","Stack+1","Capacitor"],"special_seed":0,"relics":["Cracked Core","Mummified Hand","Letter Opener","Boot","PreservedInsect","White Beast Statue","Bronze Scales","Matryoshka","Gremlin Horn","Molten Egg 2"],"potions_floor_usage":[],"damage_taken":[{"damage":2.0,"enemies":"Small Slimes","floor":1.0,"turns":4.0},{"damage":8.0,"enemies":"Jaw Worm","floor":4.0,"turns":3.0},{"damage":0.0,"enemies":"2 Louse","floor":10.0,"turns":2.0},{"damage":19.0,"enemies":"Lagavulin","floor":12.0,"turns":7.0},{"damage":2.0,"enemies":"Large Slime","floor":14.0,"turns":6.0},{"damage":40.0,"enemies":"Hexaghost","floor":16.0,"turns":10.0},{"damage":8.0,"enemies":"Shell Parasite","floor":18.0,"turns":7.0},{"damage":10.0,"enemies":"3 Byrds","floor":19.0,"turns":6.0},{"damage":4,"enemies":"Snecko","floor":21,"turns":6},{"damage":52,"enemies":"Slavers","floor":23,"turns":6},{"damage":9,"enemies":"Chosen and Byrds","floor":25,"turns":4},{"damage":14,"enemies":"Shelled Parasite and Fungi","floor":27,"turns":7},{"damage":11,"enemies":"Snake Plant","floor":28,"turns":3},{"damage":6,"enemies":"Centurion and Healer","floor":29,"turns":5}],"seed_played":"-2558798192277602447","potions_obtained":[{"floor":1.0,"key":"Ancient Potion"},{"floor":4.0,"key":"PowerPotion"},{"floor":18.0,"key":"SkillPotion"},{"floor":23,"key":"Block Potion"},{"floor":28,"key":"LiquidBronze"}],"is_trial":false,"path_per_floor":["M","$","?","M","?","R","?","R","T","M","$","E","T","M","R","B",null,"M","M","$","M","$","E","R","M","T","M","M","M"],"character_chosen":"DEFECT","items_purchased":["Glacier","Barrage","Redo","Bronze Scales"],"campfire_rested":1,"item_purchase_floors":[2,2,20,20],"current_hp_per_floor":[80,80,73,65,82,82,87,87,87,87,87,68,68,66,66,26,87,79,69,69,65,65,13,39,30,30,16,5,0],"gold":182,"neow_bonus":"TEN_PERCENT_HP_BONUS","is_prod":false,"is_daily":false,"chose_seed":false,"campfire_upgraded":3,"win_rate":0.0,"timestamp":1568083316,"path_taken":["M","$","?","M","?","R","?","R","T","M","$","E","?","M","R","BOSS","M","M","$","M","$","E","R","M","T","M","M","M"],"build_version":"2019-07-17","purchased_purges":0,"victory":false,"max_hp_per_floor":[82,82,82,82,82,82,87,87,87,87,87,87,87,87,87,87,87,87,87,87,87,87,87,87,87,87,87,87,87],"card_choices":[{"not_picked":["Rip and Tear","Leap"],"picked":"Redo","floor":1.0},{"not_picked":["Aggregate","Turbo"],"picked":"Conserve Battery","floor":4.0},{"not_picked":["Barrage","Redo"],"picked":"Capacitor","floor":10.0},{"not_picked":["Stack","Steam"],"picked":"Glacier","floor":12.0},{"not_picked":["Ball Lightning","Stack"],"picked":"Darkness","floor":14.0},{"not_picked":["Rainbow","Machine Learning"],"picked":"Fission","floor":16.0},{"not_picked":["Leap","Fusion"],"picked":"Rip and Tear+1","floor":18.0},{"not_picked":["Cold Snap+1","Turbo+1"],"picked":"Redo","floor":19.0},{"not_picked":["Heatsinks","Hello World"],"picked":"Auto Shields","floor":21},{"not_picked":["BootSequence+1","Barrage"],"picked":"Redo","floor":23},{"not_picked":["Stack","Force Field"],"picked":"Go for the Eyes","floor":25},{"not_picked":["Compile Driver+1","Beam Cell+1"],"picked":"Stack+1","floor":27},{"not_picked":["Steam Power+1","Compile Driver+1"],"picked":"Capacitor","floor":28}],"player_experience":59127,"relics_obtained":[{"floor":9.0,"key":"Letter Opener"},{"floor":12.0,"key":"Boot"},{"floor":13.0,"key":"PreservedInsect"},{"floor":23,"key":"Matryoshka"},{"floor":26,"key":"Gremlin Horn"},{"floor":26,"key":"Molten Egg 2"}],"event_choices":[{"damage_healed":0.0,"max_hp_gain":0.0,"max_hp_loss":0.0,"gold_gain":0.0,"event_name":"Scrap Ooze","player_choice":"Success","floor":3.0,"gold_loss":0.0,"damage_taken":7.0,"relics_obtained":["Mummified Hand"]},{"damage_healed":20.0,"max_hp_gain":0.0,"max_hp_loss":0.0,"gold_gain":0.0,"event_name":"The Cleric","player_choice":"Healed","floor":5.0,"gold_loss":35.0,"damage_taken":0.0},{"damage_healed":0.0,"max_hp_gain":5.0,"max_hp_loss":0.0,"gold_gain":0.0,"event_name":"Big Fish","player_choice":"Donut","floor":7.0,"gold_loss":0.0,"damage_taken":0.0}],"is_beta":false,"boss_relics":[{"not_picked":["Fusion Hammer","Empty Cage"],"picked":"White Beast Statue"}],"items_purged_floors":[],"is_endless":false,"potions_floor_spawned":[1,4,18,19,21,23,25,27,28],"killed_by":"Centurion and Healer","ascension_level":0}