{"gold_per_floor":[360,360,63,83,103,103,103,117,141,185,204,219,260,274,274,404,404,424,449,449,113,125,160,170,14,14,14,14,32,50,80,80,80],"floor_reached":33,"playtime":1339,"items_purged":["Chill"],"score":527,"play_id":"47e14853-de95-4b50-96e3-36e3dc40c8cf","local_time":"20181104222319","is_ascension_mode":true,"campfire_choices":[{"data":"Sunder","floor":6,"key":"SMITH"},{"data":"1","floor":15,"key":"LIFT"},{"data":"2","floor":28,"key":"LIFT"},{"floor":32,"key":"REST"}],"neow_cost":"TEN_PERCENT_HP_LOSS","seed_source_timestamp":700472291871977,"circlet_count":0,"master_deck":["AscendersBane","Strike_B","Strike_B","Strike_B","Strike_B","Defend_B","Defend_B","Defend_B","Defend_B","Zap","Dualcast","Sunder+1","FTL","Core Surge","Rebound","Hologram","Gash","Glacier","Hyperbeam","Sweeping Beam+1"],"relics":["Cracked Core","Bloody Idol","Torii","Bag of Marbles","Happy Flower","Girya","Busted Crown","Shuriken","Singing Bowl","PreservedInsect","Letter Opener","FaceOfCleric","Calipers"],"potions_floor_usage":[4,8,12,16,29,31,31],"damage_taken":[{"damage":0,"enemies":"Small Slimes","floor":1,"turns":2},{"damage":0,"enemies":"2 Louse","floor":4,"turns":1},{"damage":0,"enemies":"Cultist","floor":5,"turns":3},{"damage":1,"enemies":"Exordium Wildlife","floor":8,"turns":3},{"damage":9,"enemies":"3 Sentries","floor":10,"turns":5},{"damage":11,"enemies":"Blue Slaver","floor":11,"turns":2},{"damage":1,"enemies":"Large Slime","floor":12,"turns":2},{"damage":1,"enemies":"Gremlin Nob","floor":13,"turns":3},{"damage":9,"enemies":"Exordium Thugs","floor":14,"turns":2},{"damage":0,"enemies":"Slime Boss","floor":16,"turns":4},{"damage":6,"enemies":"Spheric Guardian","floor":18,"turns":3},{"damage":7,"enemies":"Chosen","floor":19,"turns":4},{"damage":0,"enemies":"3 Cultists","floor":22,"turns":3},{"damage":40,"enemies":"Book of Stabbing","floor":23,"turns":5},{"damage":0,"enemies":"Centurion and Healer","floor":24,"turns":3},{"damage":14,"enemies":"Chosen and Byrds","floor":29,"turns":4},{"damage":13,"enemies":"Sentry and Sphere","floor":30,"turns":4},{"damage":7,"enemies":"Gremlin Leader","floor":31,"turns":3},{"damage":66,"enemies":"Collector","floor":33,"turns":6}],"seed_played":"2398167087406787893","potions_obtained":[{"floor":4,"key":"Fruit Juice"},{"floor":5,"key":"Explosive Potion"},{"floor":10,"key":"Block Potion"},{"floor":13,"key":"SteroidPotion"},{"floor":23,"key":"GamblersBrew"},{"floor":29,"key":"PowerPotion"},{"floor":30,"key":"EssenceOfSteel"}],"is_trial":false,"path_per_floor":["M","?","$","M","M","R","?","M","T","E","M","M","E","M","R","B",null,"M","M","?","$","M","E","M","$","T","?","R","M","M","E","R","B"],"character_chosen":"DEFECT","items_purchased":["Torii","Shuriken","PreservedInsect"],"campfire_rested":1,"item_purchase_floors":[3,21,25],"current_hp_per_floor":[68,63,63,68,68,68,73,72,72,63,52,51,50,41,41,41,65,59,52,52,52,57,24,31,31,31,31,31,25,20,19,44,0],"gold":80,"neow_bonus":"TWO_FIFTY_GOLD","is_prod":false,"is_daily":false,"chose_seed":false,"campfire_upgraded":1,"win_rate":0,"timestamp":1541388199,"path_taken":["M","?","$","M","M","R","?","M","T","E","M","M","E","M","R","BOSS","M","M","?","$","M","E","M","$","T","?","R","M","?","E","R","BOSS"],"build_version":"2018-11-01","purchased_purges":1,"victory":false,"max_hp_per_floor":[68,63,63,68,68,68,73,73,73,73,73,73,73,73,73,73,73,73,73,73,73,73,75,77,77,77,77,77,80,83,84,84,84],"card_choices":[{"not_picked":["Sweeping Beam","Capacitor"],"picked":"Sunder","floor":1},{"not_picked":["Coolheaded","Leap"],"picked":"Chill","floor":4},{"not_picked":["Beam Cell","Tempest"],"picked":"FTL","floor":5},{"not_picked":["Redo","Turbo","Rebound"],"picked":"SKIP","floor":8},{"not_picked":["Steam Power","Melter"],"picked":"Core Surge","floor":10},{"not_picked":["Ball Lightning","Turbo"],"picked":"Rebound","floor":11},{"not_picked":["Rebound","Steam"],"picked":"Hologram","floor":12},{"not_picked":["Doom and Gloom","Hologram"],"picked":"Gash","floor":13},{"not_picked":["Coolheaded","Compile Driver"],"picked":"Glacier","floor":14},{"not_picked":["All For One","Fission"],"picked":"Hyperbeam","floor":16},{"not_picked":["Heatsinks+1"],"picked":"SKIP","floor":18},{"not_picked":["Streamline"],"picked":"SKIP","floor":19},{"not_picked":["Capacitor"],"picked":"SKIP","floor":22},{"not_picked":["Doom and Gloom+1"],"picked":"Singing Bowl","floor":23},{"not_picked":["Streamline"],"picked":"Singing Bowl","floor":24},{"not_picked":["White Noise"],"picked":"Singing Bowl","floor":29},{"not_picked":["Go for the Eyes"],"picked":"Singing Bowl","floor":30},{"not_picked":[],"picked":"Sweeping Beam+1","floor":31}],"player_experience":620037,"relics_obtained":[{"floor":9,"key":"Bag of Marbles"},{"floor":10,"key":"Happy Flower"},{"floor":13,"key":"Girya"},{"floor":23,"key":"Singing Bowl"},{"floor":26,"key":"Letter Opener"},{"floor":31,"key":"Calipers"}],"event_choices":[{"damage_healed":0,"gold_gain":0,"player_choice":"Lose Max HP","damage_taken":0,"relics_obtained":["Golden Idol"],"max_hp_gain":0,"max_hp_loss":5,"event_name":"Golden Idol","floor":2,"gold_loss":0},{"damage_healed":0,"gold_gain":0,"player_choice":"Donut","damage_taken":0,"max_hp_gain":5,"max_hp_loss":0,"event_name":"Big Fish","floor":7,"gold_loss":0},{"damage_healed":0,"gold_gain":0,"player_choice":"Gave Idol","damage_taken":0,"relics_obtained":["Bloody Idol"],"max_hp_gain":0,"max_hp_loss":0,"event_name":"Forgotten Altar","floor":20,"relics_lost":["Golden Idol"],"gold_loss":0},{"damage_healed":0,"gold_gain":0,"player_choice":"Trade","damage_taken":0,"relics_obtained":["FaceOfCleric"],"max_hp_gain":0,"max_hp_loss":0,"event_name":"FaceTrader","floor":27,"gold_loss":0}],"is_beta":false,"boss_relics":[{"not_picked":["Astrolabe","Eternal Feather"],"picked":"Busted Crown"}],"items_purged_floors":[21],"is_endless":false,"potions_floor_spawned":[4,5,10,13,23,29,30],"killed_by":"Collector","ascension_level":10}