{"gold_per_floor":[117,67,84,84,104,104,148,148,198,210,222,250,283,339,351,483,495,531,111,125,144,167,167,167],"floor_reached":24,"playtime":951,"items_purged":["Pain"],"score":291,"play_id":"c90555ab-9607-4205-8b44-c881ebba494b","local_time":"20190530191802","is_ascension_mode":true,"campfire_choices":[{"data":"Body Slam","floor":6.0,"key":"SMITH"},{"floor":8.0,"key":"REST"},{"floor":15.0,"key":"REST"},{"floor":23.0,"key":"REST"}],"neow_cost":"TEN_PERCENT_HP_LOSS","seed_source_timestamp":0,"circlet_count":0,"master_deck":["Strike_R","Strike_R","Strike_R","Strike_R","Defend_R","Defend_R","Defend_R","Defend_R","Bash","Body Slam+1","Perfected Strike","Injury","Uppercut","Clothesline","Rampage","Pummel","Blood for Blood","Double Tap","Iron Wave","Inflame","Panacea","True Grit","Seeing Red","Spot Weakness","Thunderclap","Sentinel"],"special_seed":0,"relics":["Burning Blood","Incense Burner","Golden Idol","Oddly Smooth Stone","MawBank","WarpedTongs","Question Card","Sozu","Dream Catcher"],"potions_floor_usage":[],"damage_taken":[{"damage":6.0,"enemies":"Cultist","floor":1.0,"turns":3.0},{"damage":0.0,"enemies":"Small Slimes","floor":3.0,"turns":5.0},{"damage":2.0,"enemies":"Jaw Worm","floor":5.0,"turns":4.0},{"damage":56.0,"enemies":"Lagavulin","floor":7.0,"turns":9.0},{"damage":10.0,"enemies":"2 Fungi Beasts","floor":12.0,"turns":4.0},{"damage":6.0,"enemies":"Exordium Thugs","floor":13.0,"turns":3.0},{"damage":21.0,"enemies":"3 Sentries","floor":14.0,"turns":8.0},{"damage":17.0,"enemies":"Slime Boss","floor":16.0,"turns":9.0},{"damage":13.0,"enemies":"3 Byrds","floor":18.0,"turns":4.0},{"damage":26.0,"enemies":"2 Thieves","floor":20.0,"turns":3.0},{"damage":14.0,"enemies":"Snake Plant","floor":21.0,"turns":4.0},{"damage":12.0,"enemies":"Centurion and Healer","floor":22.0,"turns":5.0},{"damage":48,"enemies":"Slavers","floor":24,"turns":4}],"seed_played":"526984352360624950","potions_obtained":[{"floor":3.0,"key":"GamblersBrew"},{"floor":7.0,"key":"FearPotion"},{"floor":12.0,"key":"Fire Potion"},{"floor":14.0,"key":"Poison Potion"},{"floor":16.0,"key":"Explosive Potion"}],"is_trial":false,"path_per_floor":["M","?","M","?","M","R","E","R","T","?","?","M","M","E","R","B",null,"M","$","M","M","M","R","E"],"character_chosen":"IRONCLAD","items_purchased":["Inflame","Dream Catcher","Panacea","True Grit"],"campfire_rested":3,"item_purchase_floors":[19,19,19,19],"current_hp_per_floor":[72,72,72,72,72,72,22,43,43,43,43,39,39,24,45,34,63,56,56,36,28,22,43,0],"gold":167,"neow_bonus":"ONE_RARE_RELIC","is_prod":false,"is_daily":false,"chose_seed":false,"campfire_upgraded":1,"win_rate":0,"timestamp":1559207882,"path_taken":["M","?","M","?","M","R","E","R","T","?","?","?","M","E","R","BOSS","M","$","M","M","M","R","E"],"build_version":"2019-01-23","purchased_purges":1,"victory":false,"max_hp_per_floor":[72,72,72,72,72,72,72,72,72,72,72,72,72,72,72,72,72,72,72,72,72,72,72,72],"card_choices":[{"not_picked":["Warcry","Thunderclap"],"picked":"Body Slam","floor":1.0},{"not_picked":["True Grit","Dropkick"],"picked":"Perfected Strike","floor":3.0},{"not_picked":["Anger","True Grit"],"picked":"Uppercut","floor":5.0},{"not_picked":["Ghostly Armor","Warcry"],"picked":"Clothesline","floor":7.0},{"not_picked":["Second Wind","Warcry"],"picked":"Rampage","floor":12.0},{"not_picked":["Second Wind","Ghostly Armor"],"picked":"Pummel","floor":13.0},{"not_picked":["Sword Boomerang","Barricade"],"picked":"Blood for Blood","floor":14.0},{"not_picked":["Dark Embrace","Limit Break","Exhume"],"picked":"Double Tap","floor":16.0},{"not_picked":["Twin Strike","Rampage","Clash"],"picked":"Iron Wave","floor":18.0},{"not_picked":["Iron Wave+1","Battle Trance","Entrench"],"picked":"Seeing Red","floor":20.0},{"not_picked":["Warcry","Twin Strike","Exhume"],"picked":"Spot Weakness","floor":21.0},{"not_picked":["Clothesline","Combust","Clash"],"picked":"Thunderclap","floor":22.0},{"not_picked":["Clash+1","Sword Boomerang","Armaments"],"picked":"Sentinel","floor":23.0}],"player_experience":754916,"relics_obtained":[{"floor":7.0,"key":"Oddly Smooth Stone"},{"floor":9.0,"key":"MawBank"},{"floor":14.0,"key":"Question Card"}],"event_choices":[{"cards_removed":["Strike_R"],"damage_healed":0.0,"max_hp_gain":0.0,"max_hp_loss":0.0,"gold_gain":0.0,"event_name":"The Cleric","player_choice":"Card Removal","floor":2.0,"gold_loss":50.0,"damage_taken":0.0},{"damage_healed":0.0,"max_hp_gain":0.0,"max_hp_loss":0.0,"gold_gain":0.0,"event_name":"Golden Idol","player_choice":"Take Wound","floor":4.0,"gold_loss":0.0,"damage_taken":0.0,"relics_obtained":["Golden Idol"],"cards_obtained":["Injury"]},{"damage_healed":0.0,"max_hp_gain":0.0,"max_hp_loss":0.0,"gold_gain":0.0,"event_name":"Liars Game","player_choice":"Ignored","floor":10.0,"gold_loss":0.0,"damage_taken":0.0},{"damage_healed":0.0,"max_hp_gain":0.0,"max_hp_loss":0.0,"gold_gain":0.0,"event_name":"Accursed Blacksmith","player_choice":"Rummage","floor":11.0,"gold_loss":0.0,"damage_taken":0.0,"relics_obtained":["WarpedTongs"],"cards_obtained":["Pain"]}],"is_beta":false,"boss_relics":[{"not_picked":["Philosopher\u0027s Stone","Runic Cube"],"picked":"Sozu"}],"items_purged_floors":[19],"is_endless":false,"potions_floor_spawned":[3,7,12,14,16,18],"killed_by":"Slavers","ascension_level":8}