{"gold_per_floor":[110,35,35,9,19,19,39,50,50,50,0,0,0,23,23,153,153,173,187,200,200],"floor_reached":21,"playtime":827,"items_purged":["Strike_R"],"score":222,"play_id":"6d702937-9514-48cb-a38b-ed3dd7feee77","local_time":"20180801162918","is_ascension_mode":true,"campfire_choices":[{"data":"Rage","floor":6,"key":"SMITH"},{"data":"Armaments","floor":10,"key":"SMITH"},{"data":"Clash","floor":12,"key":"SMITH"},{"data":"Second Wind","floor":15,"key":"SMITH"}],"neow_cost":"NONE","seed_source_timestamp":1804579158077441,"circlet_count":0,"master_deck":["Strike_R","Strike_R","Strike_R","Strike_R","Defend_R","Defend_R","Defend_R","Bash+1","Armaments+1","Clash+1","Rage+1","Second Wind+1","Seeing Red","Spot Weakness+1","Offering+1","Clash","Shrug It Off+1","Clash"],"relics":["Burning Blood","Toxic Egg 2","Golden Idol","Coffee Dripper"],"potions_floor_usage":[16,16,16,18,21],"damage_taken":[{"damage":5,"enemies":"Small Slimes","floor":1,"turns":4},{"damage":6,"enemies":"Cultist","floor":5,"turns":4},{"damage":7,"enemies":"2 Louse","floor":7,"turns":3},{"damage":5,"enemies":"Gremlin Gang","floor":8,"turns":5},{"damage":0,"enemies":"3 Louse","floor":14,"turns":3},{"damage":33,"enemies":"The Guardian","floor":16,"turns":10},{"damage":14,"enemies":"3 Byrds","floor":18,"turns":3},{"damage":7,"enemies":"Chosen","floor":19,"turns":3},{"damage":56,"enemies":"Sentry and Sphere","floor":20,"turns":8},{"damage":22,"enemies":"Centurion and Healer","floor":21,"turns":4}],"seed_played":"-4668753567305303727","potions_obtained":[{"floor":1,"key":"SteroidPotion"},{"floor":8,"key":"Weak Potion"},{"floor":14,"key":"Poison Potion"},{"floor":16,"key":"PowerPotion"},{"floor":18,"key":"EssenceOfSteel"}],"is_trial":false,"path_per_floor":["M","$","?","$","M","R","M","M","T","R","?","R","?","M","R","B",null,"M","M","M"],"character_chosen":"IRONCLAD","items_purchased":["Clash"],"campfire_rested":0,"item_purchase_floors":[4],"current_hp_per_floor":[73,73,78,78,78,78,77,78,78,78,78,78,57,63,63,36,73,65,64,14,0],"gold":200,"neow_bonus":"UPGRADE_CARD","is_prod":false,"is_daily":false,"chose_seed":false,"campfire_upgraded":4,"win_rate":0,"timestamp":1533155358,"path_taken":["M","$","?","?","M","R","M","M","T","R","?","R","?","M","R","BOSS","M","M","M","M"],"build_version":"2018-07-26","purchased_purges":1,"victory":false,"max_hp_per_floor":[80,80,85,85,85,85,85,85,85,85,85,85,85,85,85,85,85,85,85,85,85],"card_choices":[{"not_picked":["Battle Trance","Pummel"],"picked":"Armaments","floor":1},{"not_picked":["Sword Boomerang","Seeing Red"],"picked":"Rage","floor":5},{"not_picked":["Cleave","Body Slam"],"picked":"Second Wind","floor":7},{"not_picked":["Flex","Entrench"],"picked":"Seeing Red","floor":8},{"not_picked":["Pommel Strike","Heavy Blade"],"picked":"Spot Weakness+1","floor":14},{"not_picked":["Bludgeon","Reaper"],"picked":"Offering+1","floor":16},{"not_picked":["Metallicize","Heavy Blade"],"picked":"Clash","floor":18},{"not_picked":["Pommel Strike","Combust+1"],"picked":"Shrug It Off+1","floor":19},{"not_picked":["Cleave","Wild Strike"],"picked":"Clash","floor":20}],"player_experience":332984,"relics_obtained":[{"floor":9,"key":"Toxic Egg 2"}],"event_choices":[{"event_name":"Big Fish","player_choice":"Donut","floor":3,"damage_taken":0},{"event_name":"The Cleric","player_choice":"Card Removal","floor":11,"damage_taken":0},{"event_name":"Golden Idol","player_choice":"Take Damage","floor":13,"damage_taken":0}],"is_beta":false,"boss_relics":[{"not_picked":["Pandora\u0027s Box","White Beast Statue"],"picked":"Coffee Dripper"}],"items_purged_floors":[2],"is_endless":false,"potions_floor_spawned":[1,8,14,16,18],"killed_by":"Centurion and Healer","ascension_level":6}