{"gold_per_floor":[19,38,48,59,76,76,103,103,103,116,116,126,55,74,74,175,175,195,212,226,236,3,14,42,59,116,126,126,126,126,33,33,130,130,142,165,84,97,112,112,136,136,136,136,161,161,171,182,182,182],"floor_reached":51,"playtime":4598,"items_purged":["Consume+1"],"score":1197,"play_id":"53ec38f3-eae0-4af3-979e-06a917798550","local_time":"20190910175519","is_ascension_mode":true,"campfire_choices":[{"data":"Zap","floor":6.0,"key":"SMITH"},{"data":"Dualcast","floor":8.0,"key":"SMITH"},{"data":"Go for the Eyes","floor":11.0,"key":"SMITH"},{"data":"Hologram","floor":15.0,"key":"SMITH"},{"floor":28.0,"key":"REST"},{"floor":32.0,"key":"REST"},{"data":"Defragment","floor":40.0,"key":"SMITH"},{"data":"Capacitor","floor":42.0,"key":"SMITH"},{"data":"Double Energy","floor":46.0,"key":"SMITH"},{"floor":49.0,"key":"REST"}],"neow_cost":"NO_GOLD","seed_source_timestamp":343887333081700,"circlet_count":0,"master_deck":["Zap+1","Dualcast+1","Go for the Eyes+1","FTL","Glacier","Gash+1","Gash","Hologram+1","Electrodynamics","Scrape","All For One","Leap+1","Blizzard+1","Steam","Scrape","Steam Power","Defragment+1","Chill","Turbo","BootSequence","Go for the Eyes+1","Double Energy+1","Flash of Steel+1","Reprogram","Core Surge","Seek","Loop","Melter","Rip and Tear","Capacitor+1","FTL","White Noise+1"],"special_seed":0,"relics":["Cracked Core","Dead Branch","Dream Catcher","Mango","Astrolabe","Letter Opener","Tiny Chest","Pandora\u0027s Box","Whetstone","Boot","Symbiotic Virus","Gremlin Horn","Torii"],"potions_floor_usage":[50],"damage_taken":[{"damage":1.0,"enemies":"Cultist","floor":1.0,"turns":3.0},{"damage":4.0,"enemies":"Jaw Worm","floor":2.0,"turns":3.0},{"damage":0.0,"enemies":"Small Slimes","floor":3.0,"turns":3.0},{"damage":4.0,"enemies":"Red Slaver","floor":4.0,"turns":3.0},{"damage":19.0,"enemies":"Exordium Thugs","floor":5.0,"turns":4.0},{"damage":8.0,"enemies":"Lagavulin","floor":7.0,"turns":6.0},{"damage":0.0,"enemies":"Exordium Wildlife","floor":10.0,"turns":4.0},{"damage":6.0,"enemies":"Lots of Slimes","floor":12.0,"turns":4.0},{"damage":6.0,"enemies":"Blue Slaver","floor":14.0,"turns":2.0},{"damage":5.0,"enemies":"The Guardian","floor":16.0,"turns":10.0},{"damage":3.0,"enemies":"Chosen","floor":18.0,"turns":3.0},{"damage":1.0,"enemies":"3 Byrds","floor":19.0,"turns":4.0},{"damage":10.0,"enemies":"Snake Plant","floor":20.0,"turns":6.0},{"damage":0.0,"enemies":"Centurion and Healer","floor":21.0,"turns":5.0},{"damage":2.0,"enemies":"Chosen and Byrds","floor":23.0,"turns":4.0},{"damage":14.0,"enemies":"Slavers","floor":24.0,"turns":5.0},{"damage":31.0,"enemies":"Snake Plant","floor":25.0,"turns":3.0},{"damage":0.0,"enemies":"Cultist and Chosen","floor":27.0,"turns":4.0},{"damage":43.0,"enemies":"Automaton","floor":33.0,"turns":7.0},{"damage":8.0,"enemies":"3 Darklings","floor":35.0,"turns":3.0},{"damage":1.0,"enemies":"Orb Walker","floor":38.0,"turns":2.0},{"damage":3.0,"enemies":"Spire Growth","floor":39.0,"turns":5.0},{"damage":1.0,"enemies":"Reptomancer","floor":45.0,"turns":5.0},{"damage":2.0,"enemies":"4 Shapes","floor":47.0,"turns":2.0},{"damage":22.0,"enemies":"Maw","floor":48.0,"turns":6.0},{"damage":15,"enemies":"Donu and Deca","floor":50,"turns":4}],"seed_played":"-6175455940781846349","potions_obtained":[{"floor":1.0,"key":"Explosive Potion"},{"floor":4.0,"key":"SteroidPotion"},{"floor":7.0,"key":"EssenceOfSteel"},{"floor":10.0,"key":"Block Potion"},{"floor":14.0,"key":"EssenceOfSteel"},{"floor":16.0,"key":"LiquidBronze"},{"floor":23.0,"key":"Dexterity Potion"},{"floor":27.0,"key":"SkillPotion"},{"floor":38.0,"key":"LiquidBronze"},{"floor":45.0,"key":"SteroidPotion"},{"floor":47.0,"key":"Weak Potion"}],"is_trial":false,"path_per_floor":["M","M","M","M","M","R","E","R","T","M","R","M","$","M","R","B",null,"M","M","M","M","$","M","E","M","T","M","R","?","?","$","R","B",null,"M","T","$","M","M","R","T","R","T","T","E","R","M","M","R","B",null],"character_chosen":"DEFECT","items_purchased":["Electrodynamics","Defragment","Chill","Flash of Steel","FTL"],"campfire_rested":3,"item_purchase_floors":[13,22,22,31,37],"current_hp_per_floor":[67,63,63,59,40,40,32,32,46,46,46,40,40,34,34,29,74,71,70,60,60,60,58,44,13,13,13,39,39,39,39,65,22,72,64,64,64,63,60,60,60,60,60,60,59,59,57,35,61,46],"gold":182,"neow_bonus":"ONE_RARE_RELIC","is_prod":false,"is_daily":false,"chose_seed":false,"campfire_upgraded":7,"win_rate":0,"timestamp":1568130919,"path_taken":["M","M","M","M","M","R","E","R","T","M","R","M","$","M","R","BOSS","M","M","M","?","$","M","E","M","T","M","R","?","?","$","R","BOSS","M","?","?","?","M","R","?","R","T","?","E","R","?","M","R","BOSS"],"build_version":"2019-07-17","purchased_purges":1,"victory":true,"max_hp_per_floor":[75,75,75,75,75,75,75,75,89,89,89,89,89,89,89,89,89,89,89,89,89,89,89,89,89,89,89,89,89,89,89,89,89,89,89,89,89,89,89,89,89,89,89,89,89,89,89,89,89,89],"card_choices":[{"not_picked":["Auto Shields","Fusion","Aggregate"],"picked":"SKIP","floor":1.0},{"not_picked":["Cold Snap","Ball Lightning"],"picked":"Go for the Eyes","floor":2.0},{"not_picked":["Sunder","Reprogram","Beam Cell"],"picked":"SKIP","floor":3.0},{"not_picked":["BootSequence","Scrape"],"picked":"FTL","floor":4.0},{"not_picked":["Force Field","Beam Cell"],"picked":"Glacier","floor":5.0},{"not_picked":["Thunder Strike","Glacier"],"picked":"Gash","floor":7.0},{"not_picked":["Reinforced Body","Hologram"],"picked":"Gash","floor":10.0},{"not_picked":["Consume","Coolheaded"],"picked":"Hologram","floor":12.0},{"not_picked":["Go for the Eyes","Steam"],"picked":"Scrape","floor":14.0},{"not_picked":["Seek","Echo Form"],"picked":"All For One","floor":16.0},{"not_picked":["Cold Snap","Melter"],"picked":"Steam","floor":18.0},{"not_picked":["Storm","White Noise","Aggregate"],"picked":"SKIP","floor":19.0},{"not_picked":["Redo","Streamline"],"picked":"Scrape","floor":20.0},{"not_picked":["White Noise","Consume"],"picked":"Steam Power","floor":21.0},{"not_picked":["Cold Snap+1","Coolheaded"],"picked":"Turbo","floor":23.0},{"not_picked":["Cold Snap+1","Tempest","Buffer"],"picked":"SKIP","floor":24.0},{"not_picked":["Rebound+1","Hello World+1"],"picked":"BootSequence","floor":25.0},{"not_picked":["BootSequence+1","Turbo"],"picked":"Go for the Eyes+1","floor":27.0},{"not_picked":["Hologram","Fusion"],"picked":"Reprogram","floor":32.0},{"not_picked":["Biased Cognition","Echo Form"],"picked":"Core Surge","floor":33.0},{"not_picked":["Rebound","Stack"],"picked":"Capacitor","floor":35.0},{"not_picked":["Static Discharge","Consume+1","Ball Lightning+1"],"picked":"SKIP","floor":38.0},{"not_picked":["Melter","Leap+1","Reprogram"],"picked":"SKIP","floor":39.0},{"not_picked":["Amplify","Steam","Turbo"],"picked":"SKIP","floor":45.0},{"not_picked":["Steam","Streamline+1","Fusion+1"],"picked":"SKIP","floor":47.0},{"not_picked":["Fusion","Sunder+1"],"picked":"White Noise+1","floor":48.0}],"player_experience":141932,"relics_obtained":[{"floor":7.0,"key":"Dream Catcher"},{"floor":9.0,"key":"Mango"},{"floor":24.0,"key":"Letter Opener"},{"floor":26.0,"key":"Tiny Chest"},{"floor":36.0,"key":"Whetstone"},{"floor":41.0,"key":"Boot"},{"floor":43.0,"key":"Symbiotic Virus"},{"floor":44.0,"key":"Gremlin Horn"},{"floor":45.0,"key":"Torii"}],"event_choices":[{"damage_healed":0.0,"max_hp_gain":0.0,"max_hp_loss":0.0,"gold_gain":0.0,"event_name":"Cursed Tome","player_choice":"Ignored","floor":29.0,"gold_loss":0.0,"damage_taken":0.0},{"damage_healed":0.0,"max_hp_gain":0.0,"max_hp_loss":0.0,"gold_gain":0.0,"cards_transformed":["Strike_B"],"event_name":"Transmorgrifier","player_choice":"Transformed","floor":30.0,"gold_loss":0.0,"damage_taken":0.0,"cards_obtained":["Double Energy"]}],"is_beta":false,"boss_relics":[{"not_picked":["Busted Crown","Ectoplasm"],"picked":"Astrolabe"},{"not_picked":["Tiny House","Runic Dome"],"picked":"Pandora\u0027s Box"}],"items_purged_floors":[22],"is_endless":false,"potions_floor_spawned":[1,4,7,10,14,16,19,20,23,27,38,45,47],"ascension_level":8}