{"gold_per_floor":[119,130,141,66,81,81,115,115,191,221,47,12,30,46,46,123,123,138,154,154,154,167,167],"floor_reached":23,"playtime":1872,"items_purged":["Strike_G","Strike_G"],"score":345,"play_id":"24aa29c2-06ef-429f-a42e-d3b20973827f","local_time":"20181223174221","is_ascension_mode":true,"campfire_choices":[{"data":"Neutralize","floor":6,"key":"SMITH"},{"floor":8,"key":"REST"},{"data":"Night Terror","floor":15,"key":"SMITH"}],"neow_cost":"NONE","seed_source_timestamp":230561694728701,"circlet_count":0,"master_deck":["AscendersBane","Defend_G","Defend_G","Defend_G","Defend_G","Defend_G","Strike_G","Survivor","Neutralize+1","Infinite Blades","Backstab","Dagger Throw","Heel Hook","Poisoned Stab","Crippling Poison","Night Terror+1","Dodge and Roll","Die Die Die"],"relics":["Ring of the Snake","Turnip","Paper Crane","Centennial Puzzle","White Beast Statue"],"potions_floor_usage":[10,14,19,22,23,23],"damage_taken":[{"damage":0,"enemies":"2 Louse","floor":1,"turns":4},{"damage":4,"enemies":"Jaw Worm","floor":2,"turns":4},{"damage":4,"enemies":"Small Slimes","floor":3,"turns":4},{"damage":10,"enemies":"Gremlin Gang","floor":5,"turns":5},{"damage":14,"enemies":"Lagavulin","floor":7,"turns":6},{"damage":5,"enemies":"3 Sentries","floor":10,"turns":9},{"damage":0,"enemies":"3 Louse","floor":13,"turns":3},{"damage":8,"enemies":"Exordium Thugs","floor":14,"turns":4},{"damage":37,"enemies":"The Guardian","floor":16,"turns":15},{"damage":0,"enemies":"3 Byrds","floor":18,"turns":5},{"damage":14,"enemies":"Shell Parasite","floor":19,"turns":5},{"damage":4,"enemies":"Snecko","floor":22,"turns":6},{"damage":38,"enemies":"Book of Stabbing","floor":23,"turns":7}],"seed_played":"-6117121580614781119","potions_obtained":[{"floor":1,"key":"EssenceOfSteel"},{"floor":7,"key":"Weak Potion"},{"floor":16,"key":"GamblersBrew"},{"floor":18,"key":"Ancient Potion"},{"floor":19,"key":"GhostInAJar"},{"floor":22,"key":"Swift Potion"}],"is_trial":false,"path_per_floor":["M","M","M","$","M","R","E","R","T","E","$","?","M","M","R","B",null,"M","M","?","?","M","E"],"character_chosen":"THE_SILENT","items_purchased":["Night Terror"],"campfire_rested":1,"item_purchase_floors":[11],"current_hp_per_floor":[59,55,51,51,41,41,27,46,46,41,41,57,57,49,49,12,53,53,39,39,39,35,0],"gold":167,"neow_bonus":"TRANSFORM_CARD","is_prod":false,"is_daily":false,"chose_seed":false,"campfire_upgraded":2,"win_rate":0,"timestamp":1545604941,"path_taken":["M","M","M","$","M","R","E","R","T","E","$","?","M","M","R","BOSS","M","M","?","?","M","E"],"build_version":"2018-12-20","purchased_purges":2,"victory":false,"max_hp_per_floor":[66,66,66,66,66,66,66,66,66,66,66,66,66,66,66,66,66,66,66,66,66,66,66],"card_choices":[{"not_picked":["Backflip","Crippling Poison"],"picked":"Backstab","floor":1},{"not_picked":["Underhanded Strike","Concentrate"],"picked":"Dagger Throw","floor":2},{"not_picked":["Quick Slash","Eviscerate"],"picked":"Heel Hook","floor":3},{"not_picked":["Backstab","Outmaneuver"],"picked":"Poisoned Stab","floor":5},{"not_picked":["Die Die Die","Cloak And Dagger"],"picked":"Crippling Poison","floor":7},{"not_picked":["Expertise","Dash","Slice"],"picked":"SKIP","floor":10},{"not_picked":["Noxious Fumes","Bane","Quick Slash"],"picked":"SKIP","floor":13},{"not_picked":["Distraction","Sucker Punch"],"picked":"Dodge and Roll","floor":14},{"not_picked":["Unload","Glass Knife"],"picked":"Die Die Die","floor":16},{"not_picked":["Dodge and Roll","Blur","Concentrate"],"picked":"SKIP","floor":18},{"not_picked":["Reflex","Blur","Deflect"],"picked":"SKIP","floor":19},{"not_picked":["Deflect","Riddle With Holes","Underhanded Strike+1"],"picked":"SKIP","floor":22}],"player_experience":944549,"relics_obtained":[{"floor":7,"key":"Turnip"},{"floor":9,"key":"Paper Crane"},{"floor":10,"key":"Centennial Puzzle"}],"event_choices":[{"damage_healed":16,"gold_gain":0,"player_choice":"Healed","damage_taken":0,"max_hp_gain":0,"max_hp_loss":0,"event_name":"The Cleric","floor":12,"gold_loss":35},{"damage_healed":0,"gold_gain":0,"player_choice":"Ignored","damage_taken":0,"max_hp_gain":0,"max_hp_loss":0,"event_name":"Vampires","floor":20,"gold_loss":0},{"cards_removed":["Strike_G"],"damage_healed":0,"gold_gain":0,"player_choice":"Purged","damage_taken":0,"max_hp_gain":0,"max_hp_loss":0,"event_name":"Purifier","floor":21,"gold_loss":0}],"is_beta":false,"boss_relics":[{"not_picked":["Fusion Hammer","Calling Bell"],"picked":"White Beast Statue"}],"items_purged_floors":[4,11],"is_endless":false,"potions_floor_spawned":[1,7,16,18,19,22],"killed_by":"Book of Stabbing","ascension_level":14}