{"gold_per_floor":[115,115,115,131,146,78,122,122,122,135,151,151,185,62,62,185,185,206,206,227,227,250,250,250],"floor_reached":24,"playtime":1711,"items_purged":[],"score":206,"play_id":"42c9a8c9-51a0-4691-a0f8-3fa0cba23dd7","local_time":"20190909220600","is_ascension_mode":false,"campfire_choices":[{"floor":8.0,"key":"REST"},{"floor":12.0,"key":"REST"},{"floor":15.0,"key":"REST"},{"floor":23,"key":"REST"}],"neow_cost":"NONE","seed_source_timestamp":27883176070926,"circlet_count":0,"master_deck":["Strike_B","Strike_B","Strike_B","Strike_B","Defend_B","Defend_B","Defend_B","Defend_B","Zap","Dualcast","Turbo","Capacitor","Go for the Eyes","Undo","Gash","Redo","Barrage","Buffer","Coolheaded","Capacitor","Seek","Coolheaded","Sweeping Beam","Consume"],"special_seed":0,"relics":["Cracked Core","PreservedInsect","Golden Idol","Kunai","Letter Opener","Mercury Hourglass","Inserter"],"potions_floor_usage":[],"damage_taken":[{"damage":1.0,"enemies":"Jaw Worm","floor":1.0,"turns":4.0},{"damage":10.0,"enemies":"Small Slimes","floor":4.0,"turns":4.0},{"damage":6.0,"enemies":"Cultist","floor":5.0,"turns":4.0},{"damage":29.0,"enemies":"Gremlin Nob","floor":7.0,"turns":6.0},{"damage":15.0,"enemies":"Lots of Slimes","floor":10.0,"turns":4.0},{"damage":0.0,"enemies":"Exordium Wildlife","floor":11.0,"turns":4.0},{"damage":24.0,"enemies":"Lagavulin","floor":13.0,"turns":6.0},{"damage":29.0,"enemies":"The Guardian","floor":16.0,"turns":13.0},{"damage":24.0,"enemies":"Spheric Guardian","floor":18.0,"turns":6.0},{"damage":23,"enemies":"Shell Parasite","floor":20,"turns":8},{"damage":24,"enemies":"Chosen and Byrds","floor":22,"turns":9},{"damage":35,"enemies":"Book of Stabbing","floor":24,"turns":6}],"seed_played":"7318620066736833927","potions_obtained":[{"floor":3.0,"key":"FearPotion"},{"floor":3.0,"key":"SpeedPotion"},{"floor":3.0,"key":"LiquidBronze"},{"floor":7.0,"key":"FearPotion"}],"is_trial":false,"path_per_floor":["M","?","?","M","M","$","E","R","T","M","M","R","E","$","R","B",null,"M","?","M","?","M","R","E"],"character_chosen":"DEFECT","items_purchased":["Undo","Coolheaded","Capacitor"],"campfire_rested":4,"item_purchase_floors":[6,14,14],"current_hp_per_floor":[74,74,74,64,58,58,29,51,51,36,36,58,34,34,56,27,75,51,51,28,28,4,26,0],"gold":250,"neow_bonus":"RANDOM_COMMON_RELIC","is_prod":false,"is_daily":false,"chose_seed":false,"campfire_upgraded":0,"win_rate":0.0,"timestamp":1568077560,"path_taken":["M","?","?","M","?","$","E","R","T","M","?","R","E","?","R","BOSS","M","?","M","?","M","R","E"],"build_version":"2019-07-17","purchased_purges":0,"victory":false,"max_hp_per_floor":[75,75,75,75,75,75,75,75,75,75,75,75,75,75,75,75,75,75,75,75,75,75,75,75],"card_choices":[{"not_picked":["Force Field","Streamline"],"picked":"Turbo","floor":1.0},{"not_picked":["Sweeping Beam","Loop"],"picked":"Capacitor","floor":4.0},{"not_picked":["Melter","Leap"],"picked":"Go for the Eyes","floor":5.0},{"not_picked":["White Noise","Ball Lightning"],"picked":"Gash","floor":7.0},{"not_picked":["Stack","Coolheaded"],"picked":"Redo","floor":10.0},{"not_picked":["Streamline","Leap"],"picked":"Barrage","floor":11.0},{"not_picked":["Beam Cell","Loop"],"picked":"Buffer","floor":13.0},{"not_picked":["Meteor Strike","Thunder Strike"],"picked":"Seek","floor":16.0},{"not_picked":["Conserve Battery","Ball Lightning+1"],"picked":"Coolheaded","floor":18.0},{"not_picked":["Heatsinks","Compile Driver+1"],"picked":"Sweeping Beam","floor":20},{"not_picked":["Streamline+1","Coolheaded"],"picked":"Consume","floor":22}],"player_experience":56612,"relics_obtained":[{"floor":7.0,"key":"Kunai"},{"floor":9.0,"key":"Letter Opener"},{"floor":13.0,"key":"Mercury Hourglass"}],"event_choices":[{"damage_healed":0.0,"max_hp_gain":0.0,"max_hp_loss":0.0,"gold_gain":0.0,"event_name":"Golden Idol","player_choice":"Take Wound","floor":2.0,"gold_loss":0.0,"damage_taken":0.0,"relics_obtained":["Golden Idol"],"cards_obtained":["Injury"]},{"damage_healed":0.0,"max_hp_gain":0.0,"max_hp_loss":0.0,"gold_gain":0.0,"event_name":"Lab","player_choice":"Got Potions","floor":3.0,"gold_loss":0.0,"damage_taken":0.0},{"damage_healed":0,"gold_gain":0,"player_choice":"Ignored","damage_taken":0,"max_hp_gain":0,"max_hp_loss":0,"event_name":"Beggar","floor":19,"gold_loss":0},{"cards_removed":["Injury"],"damage_healed":0,"gold_gain":0,"player_choice":"Purged","damage_taken":0,"max_hp_gain":0,"max_hp_loss":0,"event_name":"Purifier","floor":21,"gold_loss":0}],"is_beta":false,"boss_relics":[{"not_picked":["Ectoplasm","Busted Crown"],"picked":"Inserter"}],"items_purged_floors":[],"is_endless":false,"potions_floor_spawned":[5,7,22],"killed_by":"Book of Stabbing","ascension_level":0}