{"gold_per_floor":[145,115,126,126,126,126,146,146,169,189,215,215,244,263,263,341,341,359,370,380,380,2,2,12,30,30,48,64,64,91,172,172,172],"floor_reached":33,"playtime":1644,"items_purged":["Strike_R"],"score":578,"play_id":"89e6eb58-270a-4f81-b6df-26e31c363d7b","local_time":"20190608070206","is_ascension_mode":true,"campfire_choices":[{"data":"Searing Blow+1","floor":6.0,"key":"SMITH"},{"data":"Searing Blow+2","floor":8.0,"key":"SMITH"},{"data":"Searing Blow+3","floor":12.0,"key":"SMITH"},{"data":"Armaments","floor":15.0,"key":"SMITH"},{"data":"Searing Blow+5","floor":23.0,"key":"SMITH"},{"floor":29,"key":"REST"},{"floor":32,"key":"REST"}],"neow_cost":"NONE","seed_source_timestamp":523387787015456,"circlet_count":0,"master_deck":["AscendersBane","Strike_R","Strike_R","Strike_R","Strike_R","Defend_R","Defend_R","Defend_R","Defend_R","Bash","Searing Blow+6","Armaments+1","Burning Pact","Battle Trance","Rage","Disarm","Immolate","Dual Wield+1","Second Wind","Armaments","Shockwave","True Grit+1"],"special_seed":0,"relics":["Burning Blood","Tiny Chest","Sundial","Centennial Puzzle","Lantern","Orichalcum","Velvet Choker","HandDrill","Prayer Wheel","Gremlin Horn","Singing Bowl"],"potions_floor_usage":[28],"damage_taken":[{"damage":6.0,"enemies":"2 Louse","floor":1.0,"turns":4.0},{"damage":1.0,"enemies":"Cultist","floor":3.0,"turns":3.0},{"damage":7.0,"enemies":"Small Slimes","floor":7.0,"turns":4.0},{"damage":11.0,"enemies":"3 Louse","floor":10.0,"turns":3.0},{"damage":25.0,"enemies":"3 Sentries","floor":11.0,"turns":8.0},{"damage":6.0,"enemies":"Gremlin Nob","floor":13.0,"turns":3.0},{"damage":5.0,"enemies":"Exordium Thugs","floor":14.0,"turns":5.0},{"damage":19.0,"enemies":"Hexaghost","floor":16.0,"turns":8.0},{"damage":4.0,"enemies":"Chosen","floor":18.0,"turns":3.0},{"damage":7.0,"enemies":"Spheric Guardian","floor":19.0,"turns":4.0},{"damage":18.0,"enemies":"Snecko","floor":20.0,"turns":4.0},{"damage":8.0,"enemies":"Snake Plant","floor":24.0,"turns":2.0},{"damage":42.0,"enemies":"Cultist and Chosen","floor":25.0,"turns":5.0},{"damage":4.0,"enemies":"Chosen and Byrds","floor":27.0,"turns":5.0},{"damage":9,"enemies":"Shelled Parasite and Fungi","floor":28,"turns":3},{"damage":3,"enemies":"Gremlin Leader","floor":30,"turns":5},{"damage":78,"enemies":"Champ","floor":33,"turns":9}],"seed_played":"-5132195928547090784","potions_obtained":[{"floor":2.0,"key":"Strength Potion"},{"floor":2.0,"key":"PowerPotion"},{"floor":11.0,"key":"Weak Potion"},{"floor":18.0,"key":"FairyPotion"},{"floor":27.0,"key":"AttackPotion"}],"is_trial":false,"path_per_floor":["M","?","M","?","?","R","M","R","T","M","E","R","E","M","R","B",null,"M","M","M","?","$","R","M","M","T","M","M","R","E","T","R","B"],"character_chosen":"IRONCLAD","items_purchased":["HandDrill","Armaments","Strength Potion"],"campfire_rested":2,"item_purchase_floors":[22,22,22],"current_hp_per_floor":[68,68,73,62,62,62,61,61,61,56,37,37,37,38,38,25,63,65,64,52,52,52,52,50,14,14,16,13,35,38,38,60,0],"gold":172,"neow_bonus":"RANDOM_COMMON_RELIC","is_prod":false,"is_daily":false,"chose_seed":false,"campfire_upgraded":5,"win_rate":0,"timestamp":1559991726,"path_taken":["M","?","?","?","?","R","M","R","T","?","E","R","E","?","R","BOSS","M","M","M","?","$","R","M","M","T","?","M","R","E","?","R","BOSS"],"build_version":"2019-01-23","purchased_purges":1,"victory":false,"max_hp_per_floor":[75,75,75,75,75,75,75,75,75,75,75,75,75,75,75,75,75,75,75,75,75,75,75,75,75,75,75,75,75,75,75,75,75],"card_choices":[{"not_picked":["True Grit","Shockwave"],"picked":"Searing Blow","floor":1.0},{"not_picked":["Sword Boomerang","Flex"],"picked":"Armaments","floor":3.0},{"not_picked":["Anger","Havoc","Heavy Blade"],"picked":"SKIP","floor":7.0},{"not_picked":["Rupture","Anger"],"picked":"Burning Pact","floor":10.0},{"not_picked":["Clothesline","Pommel Strike"],"picked":"Battle Trance","floor":11.0},{"not_picked":["Perfected Strike","Iron Wave"],"picked":"Rage","floor":13.0},{"not_picked":["Hemokinesis","Wild Strike"],"picked":"Disarm","floor":14.0},{"not_picked":["Barricade","Offering"],"picked":"Immolate","floor":16.0},{"not_picked":["Perfected Strike","Battle Trance"],"picked":"Dual Wield+1","floor":18.0},{"not_picked":["Rupture","Flex"],"picked":"Second Wind","floor":19.0},{"not_picked":["Havoc","Body Slam+1","Fire Breathing"],"picked":"SKIP","floor":20.0},{"not_picked":["Pummel","Pommel Strike","Clash"],"picked":"SKIP","floor":24.0},{"not_picked":["Pommel Strike","Thunderclap"],"picked":"Shockwave","floor":25.0},{"not_picked":["Pommel Strike","Warcry"],"picked":"True Grit+1","floor":27.0},{"not_picked":["Twin Strike+1","Headbutt","True Grit"],"picked":"SKIP","floor":27.0},{"not_picked":["Fire Breathing","Second Wind","Rampage+1"],"picked":"SKIP","floor":28},{"not_picked":["Iron Wave","Whirlwind","Clash"],"picked":"SKIP","floor":28},{"not_picked":["Juggernaut","Carnage","Spot Weakness"],"picked":"SKIP","floor":30}],"player_experience":1591493,"relics_obtained":[{"floor":9.0,"key":"Centennial Puzzle"},{"floor":11.0,"key":"Lantern"},{"floor":13.0,"key":"Orichalcum"},{"floor":26.0,"key":"Prayer Wheel"},{"floor":30,"key":"Gremlin Horn"},{"floor":31,"key":"Singing Bowl"}],"event_choices":[{"damage_healed":0.0,"max_hp_gain":0.0,"max_hp_loss":0.0,"gold_gain":0.0,"event_name":"The Woman in Blue","player_choice":"Bought 2 Potions","floor":2.0,"gold_loss":0.0,"damage_taken":0.0},{"damage_healed":0.0,"max_hp_gain":0.0,"max_hp_loss":0.0,"gold_gain":0.0,"event_name":"Scrap Ooze","player_choice":"Success","floor":4.0,"gold_loss":0.0,"damage_taken":11.0,"relics_obtained":["Sundial"]},{"damage_healed":0.0,"max_hp_gain":0.0,"max_hp_loss":0.0,"gold_gain":0.0,"event_name":"Accursed Blacksmith","player_choice":"Forge","floor":5.0,"gold_loss":0.0,"damage_taken":0.0,"cards_upgraded":["Searing Blow"]},{"damage_healed":0.0,"max_hp_gain":0.0,"max_hp_loss":0.0,"gold_gain":0.0,"event_name":"Upgrade Shrine","player_choice":"Upgraded","floor":21.0,"gold_loss":0.0,"damage_taken":0.0,"cards_upgraded":["Searing Blow"]}],"is_beta":false,"boss_relics":[{"not_picked":["White Beast Statue","Ectoplasm"],"picked":"Velvet Choker"}],"items_purged_floors":[22],"is_endless":false,"potions_floor_spawned":[3,7,11,18,27],"killed_by":"Champ","ascension_level":18}