{"gold_per_floor":[119,138,138,138,88,101,133,151,175,193,193,193],"floor_reached":12,"playtime":597,"items_purged":[],"score":80,"play_id":"f4e9fb7f-7ab0-4113-af43-28d7f02e60e8","local_time":"20190801231200","is_ascension_mode":false,"campfire_choices":[{"floor":11,"key":"REST"}],"neow_cost":"NONE","seed_source_timestamp":0,"circlet_count":0,"master_deck":["Strike_B","Defend_B","Defend_B","Defend_B","Defend_B","Zap","Dualcast","Lockon","Coolheaded","Tempest","Amplify","Redo","Ball Lightning","Streamline","Barrage"],"special_seed":0,"relics":["Cracked Core","Ancient Tea Set","Lantern"],"potions_floor_usage":[],"damage_taken":[{"damage":7.0,"enemies":"2 Louse","floor":1.0,"turns":2.0},{"damage":4.0,"enemies":"Jaw Worm","floor":2.0,"turns":3.0},{"damage":6,"enemies":"Small Slimes","floor":6,"turns":3},{"damage":31,"enemies":"Lagavulin","floor":7,"turns":7},{"damage":4,"enemies":"Blue Slaver","floor":8,"turns":3},{"damage":6,"enemies":"Red Slaver","floor":10,"turns":3}],"seed_played":"-7567422987725246578","potions_obtained":[{"floor":2.0,"key":"SteroidPotion"},{"floor":7,"key":"Dexterity Potion"}],"is_trial":false,"path_per_floor":["M","M","?","?","?","M","E","M","T","M","R","$"],"character_chosen":"DEFECT","items_purchased":[],"campfire_rested":1,"item_purchase_floors":[],"current_hp_per_floor":[68,64,64,69,69,63,32,28,28,22,46,46],"gold":193,"neow_bonus":"TRANSFORM_CARD","is_prod":false,"is_daily":false,"chose_seed":false,"campfire_upgraded":0,"win_rate":0.0,"timestamp":1564719120,"path_taken":["M","M","?","?","?","M","E","?","T","M","R","$"],"build_version":"2019-07-17","purchased_purges":0,"victory":false,"max_hp_per_floor":[75,75,75,80,80,80,80,80,80,80,80,80],"card_choices":[{"not_picked":["Steam","Streamline"],"picked":"Coolheaded","floor":1.0},{"not_picked":["Stack","Steam"],"picked":"Tempest","floor":2.0},{"not_picked":["Undo","Heatsinks"],"picked":"Redo","floor":6},{"not_picked":["Hologram","Leap"],"picked":"Ball Lightning","floor":7},{"not_picked":["Consume","Go for the Eyes"],"picked":"Streamline","floor":8},{"not_picked":["Hologram","Streamline"],"picked":"Barrage","floor":10}],"player_experience":10452,"relics_obtained":[{"floor":7,"key":"Ancient Tea Set"},{"floor":9,"key":"Lantern"}],"event_choices":[{"damage_healed":0.0,"max_hp_gain":0.0,"max_hp_loss":0.0,"gold_gain":0.0,"cards_transformed":["Strike_B"],"event_name":"Living Wall","player_choice":"Change","floor":3.0,"gold_loss":0.0,"damage_taken":0.0,"cards_obtained":["Amplify"]},{"damage_healed":0.0,"max_hp_gain":5.0,"max_hp_loss":0.0,"gold_gain":0.0,"event_name":"Big Fish","player_choice":"Donut","floor":4.0,"gold_loss":0.0,"damage_taken":0.0},{"cards_removed":["Strike_B"],"damage_healed":0.0,"max_hp_gain":0.0,"max_hp_loss":0.0,"gold_gain":0.0,"event_name":"The Cleric","player_choice":"Card Removal","floor":5.0,"gold_loss":50.0,"damage_taken":0.0}],"is_beta":false,"boss_relics":[],"items_purged_floors":[],"is_endless":false,"potions_floor_spawned":[2,7],"ascension_level":0}