{"gold_per_floor":[111,129,129,142,155,185,185,197,276,276,295,305,321,340,340,340],"floor_reached":16,"playtime":1020,"items_purged":[],"score":180,"play_id":"8d5999c9-a042-4329-8d1d-d5935e695510","local_time":"20190425235232","is_ascension_mode":true,"campfire_choices":[{"data":"Feed","floor":7,"key":"SMITH"},{"floor":10,"key":"REST"},{"floor":15,"key":"REST"}],"neow_cost":"CURSE","seed_source_timestamp":11732365182629,"circlet_count":0,"master_deck":["Strike_R","Strike_R","Strike_R","Strike_R","Strike_R","Defend_R","Defend_R","Defend_R","Defend_R+1","Bash","Feed+1","Infernal Blade+1","Perfected Strike","Sword Boomerang","Whirlwind","Offering","Dual Wield","Rupture","Second Wind","Flex","Burning Pact"],"relics":["Burning Blood","War Paint","Pantograph"],"potions_floor_usage":[11,11,16,16],"damage_taken":[{"damage":8,"enemies":"Small Slimes","floor":1,"turns":3},{"damage":19,"enemies":"Cultist","floor":2,"turns":5},{"damage":13,"enemies":"Jaw Worm","floor":4,"turns":4},{"damage":7,"enemies":"3 Louse","floor":5,"turns":2},{"damage":40,"enemies":"3 Sentries","floor":6,"turns":8},{"damage":6,"enemies":"2 Fungi Beasts","floor":8,"turns":2},{"damage":28,"enemies":"Exordium Thugs","floor":11,"turns":4},{"damage":0,"enemies":"Large Slime","floor":12,"turns":4},{"damage":18,"enemies":"Looter","floor":13,"turns":3},{"damage":38,"enemies":"Exordium Thugs","floor":14,"turns":7},{"damage":102,"enemies":"The Guardian","floor":16,"turns":13}],"seed_played":"-4694908608316093874","potions_obtained":[{"floor":5,"key":"FearPotion"},{"floor":8,"key":"Strength Potion"},{"floor":11,"key":"Ancient Potion"},{"floor":12,"key":"FairyPotion"},{"floor":13,"key":"SneckoOil"}],"is_trial":false,"path_per_floor":["M","M","?","M","M","E","R","M","T","R","M","M","M","M","R","B"],"character_chosen":"IRONCLAD","items_purchased":[],"campfire_rested":2,"item_purchase_floors":[],"current_hp_per_floor":[81,71,71,64,63,32,32,36,36,63,49,63,55,23,56,0],"gold":340,"neow_bonus":"THREE_RARE_CARDS","is_prod":false,"is_daily":false,"chose_seed":false,"campfire_upgraded":1,"win_rate":0,"timestamp":1556200352,"path_taken":["M","M","?","M","M","E","R","M","T","R","?","M","M","M","R","BOSS"],"build_version":"2019-01-23","purchased_purges":0,"victory":false,"max_hp_per_floor":[83,86,86,86,86,89,89,93,93,93,101,109,113,113,113,113],"card_choices":[{"not_picked":["Dark Embrace","Immolate"],"picked":"Feed","floor":0},{"not_picked":["Havoc","Anger"],"picked":"Infernal Blade","floor":1},{"not_picked":["Twin Strike","Thunderclap"],"picked":"Perfected Strike","floor":2},{"not_picked":["Anger","Cleave"],"picked":"Sword Boomerang","floor":4},{"not_picked":["Metallicize","Blood for Blood"],"picked":"Whirlwind","floor":5},{"not_picked":["Uppercut","Carnage"],"picked":"Offering","floor":6},{"not_picked":["Warcry","Carnage"],"picked":"Dual Wield","floor":8},{"not_picked":["Disarm","Shrug It Off"],"picked":"Rupture","floor":11},{"not_picked":["Whirlwind","Combust"],"picked":"Second Wind","floor":12},{"not_picked":["Intimidate","Disarm"],"picked":"Flex","floor":13},{"not_picked":["Feel No Pain","Wild Strike"],"picked":"Burning Pact","floor":14}],"player_experience":485448,"relics_obtained":[{"floor":6,"key":"War Paint"},{"floor":9,"key":"Pantograph"}],"event_choices":[{"cards_removed":["Shame"],"damage_healed":0,"gold_gain":0,"player_choice":"Purged","damage_taken":0,"max_hp_gain":0,"max_hp_loss":0,"event_name":"Purifier","floor":3,"gold_loss":0}],"is_beta":false,"boss_relics":[],"items_purged_floors":[],"is_endless":false,"potions_floor_spawned":[5,8,11,12,13],"killed_by":"The Guardian","ascension_level":4}