{"gold_per_floor":[209,134,151,151,161,161,21,21,68,112,124,136,173,119,131,217,229,255,267,34,45,45,45,45,45,94,120,120,120,131,147,147,226,226,237,237,237],"floor_reached":37,"playtime":1242,"items_purged":[],"score":770,"play_id":"032c37c9-23a4-45b2-821d-47116a74abda","local_time":"20190808072449","is_ascension_mode":true,"campfire_choices":[{"data":"Bash","floor":6.0,"key":"SMITH"},{"data":"Flame Barrier","floor":8.0,"key":"SMITH"},{"floor":12.0,"key":"REST"},{"data":"Power Through","floor":15.0,"key":"SMITH"},{"floor":23.0,"key":"REST"},{"floor":25.0,"key":"REST"},{"floor":29.0,"key":"REST"},{"data":"Demon Form","floor":32.0,"key":"SMITH"}],"neow_cost":"NONE","seed_source_timestamp":95845491305821,"circlet_count":0,"master_deck":["AscendersBane","Strike_R","Strike_R","Strike_R+1","Strike_R","Defend_R+1","Defend_R","Defend_R","Defend_R","Bash+1","Clothesline","Flame Barrier+1","Power Through+1","Dropkick","Anger","Burning Pact","Evolve","Demon Form+1","Ghostly Armor","Corruption","Headbutt","Pommel Strike","Decay","Clumsy","Shame","Cleave","Shockwave","Inflame","Heavy Blade+1","Immolate","Heavy Blade+1"],"special_seed":0,"relics":["Burning Blood","MawBank","WingedGreaves","Incense Burner","Vajra","Cursed Key","Kunai","Tiny Chest","Bag of Preparation","PreservedInsect","Regal Pillow","Runic Cube"],"potions_floor_usage":[37,37],"damage_taken":[{"damage":11.0,"enemies":"2 Louse","floor":1.0,"turns":3.0},{"damage":5.0,"enemies":"Small Slimes","floor":3.0,"turns":4.0},{"damage":3.0,"enemies":"Cultist","floor":5.0,"turns":4.0},{"damage":23.0,"enemies":"Lagavulin","floor":10.0,"turns":7.0},{"damage":6.0,"enemies":"Gremlin Nob","floor":13.0,"turns":4.0},{"damage":40.0,"enemies":"The Guardian","floor":16.0,"turns":12.0},{"damage":9.0,"enemies":"3 Byrds","floor":18.0,"turns":5.0},{"damage":50.0,"enemies":"Chosen","floor":21.0,"turns":6.0},{"damage":38.0,"enemies":"Slavers","floor":27.0,"turns":6.0},{"damage":17.0,"enemies":"3 Cultists","floor":30.0,"turns":5.0},{"damage":17.0,"enemies":"Centurion and Healer","floor":31.0,"turns":5.0},{"damage":29.0,"enemies":"Champ","floor":33.0,"turns":8.0},{"damage":0.0,"enemies":"3 Shapes","floor":35.0,"turns":2.0},{"damage":86,"enemies":"Time Eater","floor":37,"turns":7}],"seed_played":"-6590791522408476365","potions_obtained":[{"floor":10.0,"key":"SteroidPotion"},{"floor":13.0,"key":"SkillPotion"},{"floor":16.0,"key":"SteroidPotion"},{"floor":21.0,"key":"Regen Potion"},{"floor":27.0,"key":"Strength Potion"},{"floor":33.0,"key":"Energy Potion"}],"is_trial":false,"path_per_floor":["M","?","M","?","M","R","$","R","T","E","?","R","E","?","R","B",null,"M","?","$","M","?","R","T","R","T","E","?","R","M","M","R","B",null,"M","?","B"],"character_chosen":"IRONCLAD","items_purchased":["Dropkick","Anger","Tiny Chest","Corruption","Headbutt"],"campfire_rested":4,"item_purchase_floors":[7,7,20,20,20],"current_hp_per_floor":[63,63,64,69,72,72,72,72,72,55,31,55,55,55,55,21,65,62,62,62,18,18,42,42,66,66,49,49,80,69,58,58,35,69,75,75,0],"gold":237,"neow_bonus":"HUNDRED_GOLD","is_prod":false,"is_daily":false,"chose_seed":false,"campfire_upgraded":4,"win_rate":0,"timestamp":1565213089,"path_taken":["M","?","M","?","M","R","$","R","T","E","?","R","E","?","R","BOSS","M","?","?","M","?","R","?","R","T","E","?","R","M","M","R","BOSS","M","?","BOSS"],"build_version":"2019-07-17","purchased_purges":0,"victory":false,"max_hp_per_floor":[75,75,75,80,80,80,80,80,80,80,80,80,80,80,80,80,80,80,80,80,80,80,80,80,80,80,80,80,80,80,80,80,80,80,80,80,80],"card_choices":[{"not_picked":["Havoc","Pummel"],"picked":"Clothesline","floor":1.0},{"not_picked":["Sword Boomerang","Carnage"],"picked":"Flame Barrier","floor":3.0},{"not_picked":["Anger","Hemokinesis"],"picked":"Power Through","floor":5.0},{"not_picked":["Havoc","Perfected Strike"],"picked":"Burning Pact","floor":10.0},{"not_picked":["Blood for Blood","True Grit"],"picked":"Evolve","floor":13.0},{"not_picked":["Brutality","Reaper"],"picked":"Demon Form","floor":16.0},{"not_picked":["Anger","Armaments","Ghostly Armor"],"picked":"SKIP","floor":18.0},{"not_picked":["Anger","Armaments"],"picked":"Ghostly Armor","floor":18.0},{"not_picked":["Uppercut","Anger"],"picked":"Pommel Strike","floor":21.0},{"not_picked":["Exhume","Pommel Strike"],"picked":"Cleave","floor":27.0},{"not_picked":["Second Wind","Pommel Strike"],"picked":"Inflame","floor":30.0},{"not_picked":["Pommel Strike","Metallicize"],"picked":"Heavy Blade+1","floor":31.0},{"not_picked":["Exhume","Juggernaut"],"picked":"Immolate","floor":33.0},{"not_picked":["Thunderclap","Wild Strike"],"picked":"Heavy Blade+1","floor":35.0}],"player_experience":1173820,"relics_obtained":[{"floor":9.0,"key":"MawBank"},{"floor":10.0,"key":"WingedGreaves"},{"floor":13.0,"key":"Incense Burner"},{"floor":19.0,"key":"Kunai"},{"floor":24.0,"key":"Bag of Preparation"},{"floor":26.0,"key":"PreservedInsect"},{"floor":27.0,"key":"Regal Pillow"}],"event_choices":[{"cards_removed":["Strike_R"],"damage_healed":0.0,"max_hp_gain":0.0,"max_hp_loss":0.0,"gold_gain":0.0,"event_name":"The Cleric","player_choice":"Card Removal","floor":2.0,"gold_loss":75.0,"damage_taken":0.0},{"damage_healed":0.0,"max_hp_gain":5.0,"max_hp_loss":0.0,"gold_gain":0.0,"event_name":"Big Fish","player_choice":"Donut","floor":4.0,"gold_loss":0.0,"damage_taken":0.0},{"damage_healed":0.0,"max_hp_gain":0.0,"max_hp_loss":0.0,"gold_gain":0.0,"event_name":"Shining Light","player_choice":"Entered Light","floor":11.0,"gold_loss":0.0,"damage_taken":24.0,"cards_upgraded":["Defend_R","Strike_R"]},{"damage_healed":0.0,"max_hp_gain":0.0,"max_hp_loss":0.0,"gold_gain":0.0,"event_name":"WeMeetAgain","player_choice":"Paid Gold","floor":14.0,"gold_loss":66.0,"damage_taken":0.0,"relics_obtained":["Vajra"]},{"damage_healed":0.0,"max_hp_gain":0.0,"max_hp_loss":0.0,"gold_gain":0.0,"event_name":"Wheel of Change","player_choice":"Relic","floor":19.0,"gold_loss":0.0,"damage_taken":0.0},{"damage_healed":0.0,"max_hp_gain":0.0,"max_hp_loss":0.0,"gold_gain":0.0,"event_name":"Forgotten Altar","player_choice":"Smashed Altar","floor":22.0,"gold_loss":0.0,"damage_taken":0.0,"cards_obtained":["Decay"]},{"damage_healed":0.0,"max_hp_gain":0.0,"max_hp_loss":0.0,"gold_gain":0.0,"event_name":"The Library","player_choice":"Read","floor":28.0,"gold_loss":0.0,"damage_taken":0.0,"cards_obtained":["Shockwave"]},{"damage_healed":0.0,"max_hp_gain":0.0,"max_hp_loss":0.0,"gold_gain":0.0,"event_name":"SecretPortal","player_choice":"Took Portal","floor":36.0,"gold_loss":0.0,"damage_taken":0.0}],"is_beta":false,"boss_relics":[{"not_picked":["Philosopher\u0027s Stone","Busted Crown"],"picked":"Cursed Key"},{"not_picked":["Black Star","Empty Cage"],"picked":"Runic Cube"}],"items_purged_floors":[],"is_endless":false,"potions_floor_spawned":[10,13,16,21,27,33],"killed_by":"Time Eater","ascension_level":17}