{"gold_per_floor":[109,124,139,157,232,232,260,410,410,113,38,71,71,87,87,87],"floor_reached":16,"playtime":549,"items_purged":["Doubt"],"score":215,"play_id":"4f60fdbd-0d11-48f1-8cf1-7a51c2125c34","local_time":"20190802125656","is_ascension_mode":true,"campfire_choices":[{"data":"Bash","floor":6.0,"key":"SMITH"},{"data":"Apotheosis","floor":13.0,"key":"SMITH"},{"data":"Corruption","floor":15.0,"key":"SMITH"}],"neow_cost":"NONE","seed_source_timestamp":509447187336877,"circlet_count":0,"master_deck":["AscendersBane","Strike_R","Strike_R","Strike_R+1","Strike_R+1","Defend_R","Defend_R","Defend_R","Defend_R","Bash+1","Twin Strike","Ghostly Armor","Clothesline","Clash","Flex","Apotheosis+1","Metallicize","Corruption+1","Entrench"],"special_seed":0,"relics":["Burning Blood","Whetstone","Mummified Hand","Letter Opener"],"potions_floor_usage":[16],"damage_taken":[{"damage":0.0,"enemies":"2 Louse","floor":1.0,"turns":4.0},{"damage":6.0,"enemies":"Jaw Worm","floor":2.0,"turns":4.0},{"damage":0.0,"enemies":"Small Slimes","floor":3.0,"turns":3.0},{"damage":13.0,"enemies":"3 Louse","floor":4.0,"turns":4.0},{"damage":6.0,"enemies":"Gremlin Nob","floor":7.0,"turns":3.0},{"damage":14.0,"enemies":"Lagavulin","floor":12.0,"turns":5.0},{"damage":9.0,"enemies":"Exordium Wildlife","floor":14.0,"turns":4.0},{"damage":67,"enemies":"Slime Boss","floor":16,"turns":9}],"seed_played":"-5140812135891648823","potions_obtained":[{"floor":3.0,"key":"FearPotion"},{"floor":4.0,"key":"Regen Potion"},{"floor":14.0,"key":"Weak Potion"}],"is_trial":false,"path_per_floor":["M","M","M","M","?","R","E","?","T","$","?","E","R","M","R","B"],"character_chosen":"IRONCLAD","items_purchased":["Apotheosis","Metallicize"],"campfire_rested":0,"item_purchase_floors":[10,10],"current_hp_per_floor":[74,74,75,68,57,57,66,66,66,66,66,58,58,55,55,0],"gold":87,"neow_bonus":"RANDOM_COMMON_RELIC","is_prod":false,"is_daily":false,"chose_seed":false,"campfire_upgraded":3,"win_rate":0,"timestamp":1564765016,"path_taken":["M","M","M","M","?","R","E","?","T","$","?","E","R","M","R","BOSS"],"build_version":"2019-07-17","purchased_purges":1,"victory":false,"max_hp_per_floor":[75,75,75,75,75,75,75,75,75,75,75,75,75,75,75,75],"card_choices":[{"not_picked":["Entrench","Pommel Strike"],"picked":"Twin Strike","floor":1.0},{"not_picked":["Wild Strike","Iron Wave"],"picked":"Ghostly Armor","floor":2.0},{"not_picked":["Twin Strike","Pummel"],"picked":"Clothesline","floor":3.0},{"not_picked":["Warcry","Twin Strike"],"picked":"Clash","floor":4.0},{"not_picked":["Searing Blow","Carnage"],"picked":"Flex","floor":7.0},{"not_picked":["Immolate","Headbutt"],"picked":"Corruption","floor":12.0},{"not_picked":["Clothesline","Warcry"],"picked":"Entrench","floor":14.0}],"player_experience":1669027,"relics_obtained":[{"floor":9.0,"key":"Mummified Hand"},{"floor":12.0,"key":"Letter Opener"}],"event_choices":[{"damage_healed":0.0,"max_hp_gain":0.0,"max_hp_loss":0.0,"gold_gain":75.0,"event_name":"World of Goop","player_choice":"Gather Gold","floor":5.0,"gold_loss":0.0,"damage_taken":11.0},{"damage_healed":0.0,"max_hp_gain":0.0,"max_hp_loss":0.0,"gold_gain":150.0,"event_name":"Liars Game","player_choice":"AGREE","floor":8.0,"gold_loss":0.0,"damage_taken":0.0,"cards_obtained":["Doubt"]},{"cards_removed":["Strike_R"],"damage_healed":0.0,"max_hp_gain":0.0,"max_hp_loss":0.0,"gold_gain":0.0,"event_name":"The Cleric","player_choice":"Card Removal","floor":11.0,"gold_loss":75.0,"damage_taken":0.0}],"is_beta":false,"boss_relics":[],"items_purged_floors":[10],"is_endless":false,"potions_floor_spawned":[3,4,14],"killed_by":"Slime Boss","ascension_level":19}