{"gold_per_floor":[110,126,126,76,76,76,102,121,121,121,151,165,165,165,165,269,269,282,302,318,92,191,219,236,236,236,6,6,17,32,42,42,142,142,154,254,268,268,282,282,59,70,97,97,107,132,132,147,147,147,147,147,22,53,53],"floor_reached":55,"playtime":4361,"items_purged":["Defend_B","Strike_B","Defend_B"],"score":857,"play_id":"d05a5b79-0726-4331-ada8-fdfab4d87cf7","local_time":"20190714222050","is_ascension_mode":true,"campfire_choices":[{"data":"Zap","floor":6.0,"key":"SMITH"},{"data":"Sunder","floor":10.0,"key":"SMITH"},{"data":"Loop","floor":13.0,"key":"SMITH"},{"floor":15.0,"key":"REST"},{"data":"Chaos","floor":28.0,"key":"SMITH"},{"floor":32.0,"key":"REST"},{"floor":40.0,"key":"RECALL"},{"floor":44.0,"key":"REST"},{"floor":49.0,"key":"REST"},{"floor":52.0,"key":"REST"}],"neow_cost":"NONE","seed_source_timestamp":207101675772275,"circlet_count":0,"master_deck":["Strike_B+1","Defend_B","Zap+1","Dualcast+1","Auto Shields","Sunder+1","Machine Learning","Loop+1","Biased Cognition","Coolheaded","Loop","Defragment+1","Chaos+1","Hologram+1","Electrodynamics","Force Field+1","Go for the Eyes","Cold Snap+1","Capacitor","Blizzard+1"],"special_seed":0,"relics":["FrozenCore","NeowsBlessing","Anchor","Bottled Tornado","Vajra","Centennial Puzzle","Sundial","Pocketwatch","Happy Flower","Fusion Hammer","Torii","Gremlin Horn","Bag of Preparation"],"potions_floor_usage":[],"damage_taken":[{"damage":0.0,"enemies":"Small Slimes","floor":1.0,"turns":1.0},{"damage":0.0,"enemies":"2 Louse","floor":2.0,"turns":1.0},{"damage":0.0,"enemies":"3 Sentries","floor":7.0,"turns":1.0},{"damage":2.0,"enemies":"Jaw Worm","floor":8.0,"turns":2.0},{"damage":20.0,"enemies":"Lagavulin","floor":11.0,"turns":6.0},{"damage":0.0,"enemies":"Red Slaver","floor":12.0,"turns":2.0},{"damage":0.0,"enemies":"Slime Boss","floor":16.0,"turns":5.0},{"damage":0.0,"enemies":"Shell Parasite","floor":18.0,"turns":6.0},{"damage":0.0,"enemies":"3 Byrds","floor":19.0,"turns":5.0},{"damage":1.0,"enemies":"Cultist and Chosen","floor":20.0,"turns":6.0},{"damage":28.0,"enemies":"Gremlin Leader","floor":23.0,"turns":6.0},{"damage":4.0,"enemies":"3 Cultists","floor":24.0,"turns":5.0},{"damage":10.0,"enemies":"Sentry and Sphere","floor":29.0,"turns":4.0},{"damage":0.0,"enemies":"Snake Plant","floor":30.0,"turns":3.0},{"damage":2.0,"enemies":"Shelled Parasite and Fungi","floor":31.0,"turns":4.0},{"damage":9.0,"enemies":"Champ","floor":33.0,"turns":9.0},{"damage":0.0,"enemies":"Orb Walker","floor":35.0,"turns":4.0},{"damage":0.0,"enemies":"Mind Bloom Boss Battle","floor":36.0,"turns":5.0},{"damage":1.0,"enemies":"3 Darklings","floor":37.0,"turns":3.0},{"damage":0.0,"enemies":"Maw","floor":39.0,"turns":7.0},{"damage":32.0,"enemies":"Transient","floor":42.0,"turns":5.0},{"damage":1.0,"enemies":"3 Darklings","floor":45.0,"turns":3.0},{"damage":19.0,"enemies":"Reptomancer","floor":46.0,"turns":6.0},{"damage":12.0,"enemies":"Maw","floor":48.0,"turns":7.0},{"damage":16.0,"enemies":"Awakened One","floor":50.0,"turns":10.0},{"damage":59,"enemies":"Shield and Spear","floor":54,"turns":7},{"damage":21,"enemies":"The Heart","floor":55,"turns":4}],"seed_played":"-8464349334242073302","potions_obtained":[{"floor":8.0,"key":"FocusPotion"},{"floor":11.0,"key":"SpeedPotion"},{"floor":18.0,"key":"Fruit Juice"},{"floor":19.0,"key":"FearPotion"},{"floor":23.0,"key":"Regen Potion"},{"floor":25.0,"key":"FocusPotion"},{"floor":39.0,"key":"FocusPotion"},{"floor":42.0,"key":"Explosive Potion"}],"is_trial":false,"path_per_floor":["M","M","?","?","?","R","E","M","T","R","E","M","R","?","R","B",null,"M","M","M","$","?","E","M","?","T","$","R","M","M","M","R","B",null,"M","?","M","?","M","R","$","M","T","R","M","E","?","M","R","B",null,"R","$","E","B"],"character_chosen":"DEFECT","items_purchased":["Centennial Puzzle","Happy Flower","Chaos","Capacitor","PowerPotion"],"campfire_rested":5,"item_purchase_floors":[21,27,27,41,41],"current_hp_per_floor":[75,75,60,60,53,53,53,51,51,51,31,31,31,31,53,53,75,80,80,79,79,79,51,47,47,47,47,47,49,49,47,71,62,80,80,80,79,79,79,79,79,47,47,71,70,51,51,39,63,47,80,80,80,21,0],"gold":53,"neow_bonus":"THREE_ENEMY_KILL","is_prod":false,"is_daily":false,"chose_seed":false,"campfire_upgraded":4,"win_rate":0,"timestamp":1563135650,"path_taken":["M","M","?","?","?","R","E","M","T","R","E","M","R","?","R","BOSS","M","M","M","$","?","E","M","?","T","$","R","M","M","M","R","BOSS","M","?","M","?","?","R","$","M","T","R","M","E","?","?","R","BOSS","R","$","E","BOSS"],"build_version":"2019-07-05","purchased_purges":3,"victory":false,"max_hp_per_floor":[75,75,75,75,75,75,75,75,75,75,75,75,75,75,75,75,75,80,80,80,80,80,80,80,80,80,80,80,80,80,80,80,80,80,80,80,80,80,80,80,80,80,80,80,80,80,80,80,80,80,80,80,80,80,80],"card_choices":[{"not_picked":["Stack","Sweeping Beam","Beam Cell"],"picked":"SKIP","floor":1.0},{"not_picked":["Sweeping Beam","Beam Cell"],"picked":"Auto Shields","floor":2.0},{"not_picked":["Redo","Beam Cell"],"picked":"Sunder","floor":7.0},{"not_picked":["Barrage","Redo"],"picked":"Machine Learning","floor":8.0},{"not_picked":["Machine Learning","Stack"],"picked":"Loop","floor":11.0},{"not_picked":["Gash","Turbo","Stack"],"picked":"SKIP","floor":12.0},{"not_picked":["Thunder Strike","Meteor Strike"],"picked":"Biased Cognition","floor":16.0},{"not_picked":["Turbo","Barrage"],"picked":"Coolheaded","floor":18.0},{"not_picked":["Conserve Battery","Rebound","Redo"],"picked":"SKIP","floor":19.0},{"not_picked":["Melter","Streamline"],"picked":"Loop","floor":20.0},{"not_picked":["Go for the Eyes","Seek"],"picked":"Defragment","floor":23.0},{"not_picked":["Coolheaded","Sweeping Beam","Leap"],"picked":"SKIP","floor":24.0},{"not_picked":["Steam+1","Steam Power","Turbo"],"picked":"SKIP","floor":29.0},{"not_picked":["Beam Cell","Aggregate"],"picked":"Hologram+1","floor":30.0},{"not_picked":["Barrage","Streamline+1","Leap"],"picked":"SKIP","floor":31.0},{"not_picked":["Meteor Strike","Machine Learning"],"picked":"Electrodynamics","floor":33.0},{"not_picked":["Static Discharge","Sweeping Beam"],"picked":"Force Field+1","floor":35.0},{"not_picked":["Barrage+1","Compile Driver"],"picked":"Go for the Eyes","floor":37.0},{"not_picked":["Coolheaded+1","Melter"],"picked":"Cold Snap+1","floor":39.0},{"not_picked":["Force Field+1","Barrage+1","Turbo"],"picked":"SKIP","floor":42.0},{"not_picked":["Heatsinks","Buffer"],"picked":"Blizzard+1","floor":45.0},{"not_picked":["Conserve Battery","Doom and Gloom","Compile Driver"],"picked":"SKIP","floor":46.0},{"not_picked":["Hologram","Coolheaded+1","Stack"],"picked":"SKIP","floor":48.0},{"not_picked":["Stack","Genetic Algorithm","Self Repair"],"picked":"SKIP","floor":54}],"player_experience":48603,"relics_obtained":[{"floor":7.0,"key":"Anchor"},{"floor":9.0,"key":"Bottled Tornado"},{"floor":11.0,"key":"Vajra"},{"floor":23.0,"key":"Sundial"},{"floor":26.0,"key":"Pocketwatch"},{"floor":36.0,"key":"Torii"},{"floor":46.0,"key":"Gremlin Horn"},{"floor":54,"key":"Bag of Preparation"}],"event_choices":[{"damage_healed":0.0,"max_hp_gain":0.0,"max_hp_loss":0.0,"gold_gain":0.0,"event_name":"Shining Light","player_choice":"Entered Light","floor":3.0,"gold_loss":0.0,"damage_taken":15.0,"cards_upgraded":["Dualcast","Strike_B"]},{"cards_removed":["Strike_B"],"damage_healed":0.0,"max_hp_gain":0.0,"max_hp_loss":0.0,"gold_gain":0.0,"event_name":"The Cleric","player_choice":"Card Removal","floor":4.0,"gold_loss":50.0,"damage_taken":0.0},{"cards_removed":["Defend_B"],"damage_healed":0.0,"max_hp_gain":0.0,"max_hp_loss":0.0,"gold_gain":0.0,"event_name":"Golden Wing","player_choice":"Card Removal","floor":5.0,"gold_loss":0.0,"damage_taken":7.0},{"damage_healed":0.0,"max_hp_gain":0.0,"max_hp_loss":0.0,"gold_gain":0.0,"event_name":"Liars Game","player_choice":"Ignored","floor":14.0,"gold_loss":0.0,"damage_taken":0.0},{"damage_healed":0.0,"max_hp_gain":0.0,"max_hp_loss":0.0,"gold_gain":99.0,"event_name":"Nest","player_choice":"Stole From Cult","floor":22.0,"gold_loss":0.0,"damage_taken":0.0},{"damage_healed":0.0,"max_hp_gain":0.0,"max_hp_loss":0.0,"gold_gain":0.0,"event_name":"Lab","player_choice":"Got Potions","floor":25.0,"gold_loss":0.0,"damage_taken":0.0},{"damage_healed":0.0,"max_hp_gain":0.0,"max_hp_loss":0.0,"gold_gain":0.0,"event_name":"MindBloom","player_choice":"Fight","floor":36.0,"gold_loss":0.0,"damage_taken":0.0},{"damage_healed":0.0,"max_hp_gain":0.0,"max_hp_loss":0.0,"gold_gain":0.0,"event_name":"Accursed Blacksmith","player_choice":"Forge","floor":38.0,"gold_loss":0.0,"damage_taken":0.0,"cards_upgraded":["Defragment"]},{"cards_removed":["Strike_B"],"damage_healed":0.0,"max_hp_gain":0.0,"max_hp_loss":0.0,"gold_gain":0.0,"event_name":"Purifier","player_choice":"Purged","floor":47.0,"gold_loss":0.0,"damage_taken":0.0}],"is_beta":false,"boss_relics":[{"not_picked":["Busted Crown","Runic Dome"],"picked":"FrozenCore"},{"not_picked":["Coffee Dripper","Calling Bell"],"picked":"Fusion Hammer"}],"items_purged_floors":[21,41,53],"is_endless":false,"potions_floor_spawned":[8,11,18,19,23,24,39,42,46],"killed_by":"The Heart","ascension_level":2}