{"gold_per_floor":[112,125,125,137,23,55,55,55,55,80,106,141,153,173,173,251,251,270,286,286,286,42,42],"floor_reached":23,"playtime":1205,"items_purged":["Strike_G","Defend_G"],"score":355,"play_id":"eb27b613-f216-4fc8-b281-e2eff2ee2fa6","local_time":"20181219123128","is_ascension_mode":true,"campfire_choices":[{"floor":15,"key":"REST"}],"neow_cost":"NONE","seed_source_timestamp":492783525246352,"circlet_count":0,"master_deck":["AscendersBane","Defend_G","Defend_G","Defend_G","Defend_G","Strike_G","Strike_G","Strike_G","Survivor","Neutralize","Dagger Throw","Underhanded Strike","Underhanded Strike+1","Predator","Unload","Well Laid Plans","Wraith Form v2","Prepared"],"relics":["Ring of the Snake","Ninja Scroll","Pear","Sundial","Odd Mushroom","Juzu Bracelet","Sozu","Letter Opener","MutagenicStrength","Strawberry"],"potions_floor_usage":[10,12,16],"damage_taken":[{"damage":4,"enemies":"Small Slimes","floor":1,"turns":4},{"damage":0,"enemies":"2 Louse","floor":2,"turns":3},{"damage":0,"enemies":"Jaw Worm","floor":4,"turns":3},{"damage":31,"enemies":"Lagavulin","floor":6,"turns":6},{"damage":7,"enemies":"3 Sentries","floor":10,"turns":8},{"damage":0,"enemies":"The Mushroom Lair","floor":11,"turns":3},{"damage":8,"enemies":"Lagavulin","floor":12,"turns":5},{"damage":4,"enemies":"Exordium Wildlife","floor":13,"turns":2},{"damage":0,"enemies":"Gremlin Gang","floor":14,"turns":2},{"damage":14,"enemies":"Hexaghost","floor":16,"turns":11},{"damage":14,"enemies":"3 Byrds","floor":18,"turns":5},{"damage":19,"enemies":"2 Thieves","floor":19,"turns":4},{"damage":41,"enemies":"Gremlin Leader","floor":23,"turns":7}],"seed_played":"-1189895308704905204","potions_obtained":[{"floor":4,"key":"GhostInAJar"},{"floor":6,"key":"Energy Potion"},{"floor":13,"key":"Dexterity Potion"},{"floor":14,"key":"Ancient Potion"},{"floor":16,"key":"FearPotion"}],"is_trial":false,"path_per_floor":["M","M","?","M","$","E","?","?","T","E","?","E","M","M","R","B",null,"M","M","?","?","$","E"],"character_chosen":"THE_SILENT","items_purchased":["Predator","Strawberry"],"campfire_rested":1,"item_purchase_floors":[5,22],"current_hp_per_floor":[55,55,52,52,52,21,21,21,31,24,24,16,12,12,34,20,62,48,29,29,29,36,0],"gold":42,"neow_bonus":"REMOVE_CARD","is_prod":false,"is_daily":false,"chose_seed":false,"campfire_upgraded":0,"win_rate":0,"timestamp":1545240688,"path_taken":["M","M","?","M","$","E","?","?","T","E","?","E","M","M","R","BOSS","M","M","?","?","?","E"],"build_version":"2018-12-13","purchased_purges":2,"victory":false,"max_hp_per_floor":[66,66,66,66,66,66,66,66,76,76,76,76,76,76,76,76,76,76,76,76,76,83,83],"card_choices":[{"not_picked":["Sucker Punch","Dagger Spray"],"picked":"Dagger Throw","floor":1},{"not_picked":["Infinite Blades","Cloak And Dagger"],"picked":"Underhanded Strike","floor":2},{"not_picked":["Footwork","Prepared"],"picked":"Underhanded Strike","floor":4},{"not_picked":["Slice","Flying Knee","Choke"],"picked":"SKIP","floor":6},{"not_picked":["Sucker Punch","Dagger Spray"],"picked":"Unload","floor":10},{"not_picked":["Dodge and Roll","Flechettes"],"picked":"Well Laid Plans","floor":11},{"not_picked":["Prepared","Well Laid Plans"],"picked":"Wraith Form v2","floor":12},{"not_picked":["Backflip","Bouncing Flask","Infinite Blades"],"picked":"SKIP","floor":13},{"not_picked":["Cloak And Dagger","PiercingWail"],"picked":"Prepared","floor":14},{"not_picked":["Flechettes","Dash","Expertise"],"picked":"SKIP","floor":18},{"not_picked":["Infinite Blades","Backflip","Deadly Poison"],"picked":"SKIP","floor":19}],"player_experience":905268,"relics_obtained":[{"floor":6,"key":"Ninja Scroll"},{"floor":9,"key":"Pear"},{"floor":10,"key":"Sundial"},{"floor":11,"key":"Odd Mushroom"},{"floor":12,"key":"Juzu Bracelet"}],"event_choices":[{"damage_healed":0,"gold_gain":0,"player_choice":"Fled","damage_taken":3,"max_hp_gain":0,"max_hp_loss":0,"event_name":"Scrap Ooze","floor":3,"gold_loss":0},{"damage_healed":0,"gold_gain":0,"player_choice":"Grow","damage_taken":0,"max_hp_gain":0,"max_hp_loss":0,"event_name":"Living Wall","floor":7,"gold_loss":0,"cards_upgraded":["Underhanded Strike"]},{"damage_healed":0,"gold_gain":0,"player_choice":"Ignored","damage_taken":0,"max_hp_gain":0,"max_hp_loss":0,"event_name":"Liars Game","floor":8,"gold_loss":0},{"damage_healed":0,"gold_gain":0,"player_choice":"Fought Mushrooms","damage_taken":0,"max_hp_gain":0,"max_hp_loss":0,"event_name":"Mushrooms","floor":11,"gold_loss":0},{"damage_healed":0,"gold_gain":0,"player_choice":"Opened","damage_taken":0,"relics_obtained":["Letter Opener"],"max_hp_gain":0,"max_hp_loss":0,"event_name":"The Mausoleum","floor":20,"gold_loss":0},{"damage_healed":0,"gold_gain":0,"player_choice":"Inject Mutagens","damage_taken":0,"relics_obtained":["MutagenicStrength"],"max_hp_gain":0,"max_hp_loss":0,"event_name":"Drug Dealer","floor":21,"gold_loss":0}],"is_beta":false,"boss_relics":[{"not_picked":["Philosopher\u0027s Stone","Ectoplasm"],"picked":"Sozu"}],"items_purged_floors":[5,22],"is_endless":false,"potions_floor_spawned":[4,6,13,14,16],"killed_by":"Gremlin Leader","ascension_level":14}