{"gold_per_floor":[119,138,138,152,227,227,246,246,246,246,265,265,300,311,311,411,461,474,474,139,156,156,183,183,282,282,317,317,328,328,328,328,423,423,442,442,453,464,3,3,19,19],"floor_reached":42,"playtime":4086,"items_purged":["Bash","Armaments"],"score":461,"play_id":"1b541487-461f-4004-859e-66728e0251ec","local_time":"20190817005333","is_ascension_mode":false,"campfire_choices":[{"floor":6,"key":"RECALL"},{"data":"Rage","floor":8,"key":"SMITH"},{"data":"Shrug It Off","floor":15,"key":"SMITH"},{"floor":24,"key":"REST"},{"data":"Demon Form","floor":28,"key":"SMITH"},{"floor":30,"key":"REST"},{"data":"Rage","floor":32,"key":"SMITH"},{"floor":40,"key":"REST"}],"neow_cost":"NONE","seed_source_timestamp":1228647315468629,"circlet_count":0,"master_deck":["Strike_R+1","Strike_R+1","Strike_R+1","Strike_R+1","Strike_R+1","Defend_R+1","Defend_R+1","Defend_R+1","Defend_R+1","Rage+1","Rampage","Cleave","Pommel Strike","Headbutt","Shrug It Off+1","Demon Form+1","Flex","Shrug It Off","Iron Wave","Shrug It Off","Thunderclap","Shrug It Off","Rage+1","Wild Strike","Barricade+1","Metallicize","Thunderclap","Metallicize+1","Heavy Blade+1"],"relics":["Burning Blood","Smiling Mask","Shuriken","Tiny House","MutagenicStrength","Medical Kit","Potion Belt","Charon\u0027s Ashes","Bronze Scales","Orrery","Meat on the Bone","Oddly Smooth Stone"],"potions_floor_usage":[13,14,14,18,18,21,23,41,42],"damage_taken":[{"damage":9,"enemies":"Small Slimes","floor":1,"turns":5},{"damage":1,"enemies":"Cultist","floor":2,"turns":4},{"damage":5,"enemies":"2 Louse","floor":4,"turns":3},{"damage":15,"enemies":"Blue Slaver","floor":7,"turns":4},{"damage":2,"enemies":"3 Louse","floor":11,"turns":2},{"damage":25,"enemies":"3 Sentries","floor":13,"turns":7},{"damage":5,"enemies":"Exordium Thugs","floor":14,"turns":3},{"damage":25,"enemies":"The Guardian","floor":16,"turns":12},{"damage":20,"enemies":"2 Thieves","floor":18,"turns":4},{"damage":3,"enemies":"Shell Parasite","floor":21,"turns":7},{"damage":53,"enemies":"Book of Stabbing","floor":23,"turns":8},{"damage":20,"enemies":"Slavers","floor":27,"turns":6},{"damage":10,"enemies":"Snake Plant","floor":29,"turns":4},{"damage":58,"enemies":"Champ","floor":33,"turns":15},{"damage":29,"enemies":"3 Darklings","floor":35,"turns":6},{"damage":21,"enemies":"3 Shapes","floor":37,"turns":4},{"damage":19,"enemies":"Jaw Worm Horde","floor":38,"turns":6},{"damage":14,"enemies":"4 Shapes","floor":41,"turns":7},{"damage":72,"enemies":"Sphere and 2 Shapes","floor":42,"turns":7}],"seed_played":"8790079892006413751","potions_obtained":[{"floor":1,"key":"BloodPotion"},{"floor":2,"key":"PowerPotion"},{"floor":12,"key":"FairyPotion"},{"floor":12,"key":"Energy Potion"},{"floor":13,"key":"FearPotion"},{"floor":17,"key":"EntropicBrew"},{"floor":18,"key":"Energy Potion"},{"floor":33,"key":"Block Potion"},{"floor":37,"key":"SteroidPotion"},{"floor":41,"key":"Poison Potion"}],"is_trial":false,"path_per_floor":["M","M","?","M","?","R","M","R","T","?","M","?","E","M","R","B",null,"M","?","$","M","?","E","R","?","T","E","R","M","R","?","R","B",null,"M","?","M","M","$","R","M","M"],"character_chosen":"IRONCLAD","items_purchased":["Medical Kit","Iron Wave","Shrug It Off","Meat on the Bone","Oddly Smooth Stone"],"campfire_rested":3,"item_purchase_floors":[20,20,20,39,39],"current_hp_per_floor":[77,80,80,80,69,69,60,60,60,60,64,64,65,66,66,47,85,71,71,71,74,74,48,73,73,73,59,59,55,80,80,80,28,85,62,62,47,34,34,59,51,0],"gold":19,"neow_bonus":"RANDOM_COMMON_RELIC","is_prod":false,"is_daily":false,"chose_seed":false,"campfire_upgraded":4,"win_rate":0,"timestamp":1565999613,"path_taken":["M","M","?","?","?","R","M","R","T","?","M","?","E","M","R","BOSS","M","?","$","M","?","E","R","?","T","E","R","M","R","?","R","BOSS","M","?","M","M","$","R","?","?"],"build_version":"2019-07-17","purchased_purges":2,"victory":false,"max_hp_per_floor":[80,80,80,80,80,80,80,80,80,80,80,80,80,80,80,80,85,85,85,85,85,85,85,85,85,85,85,85,85,85,85,85,85,85,85,85,85,85,85,85,85,85],"card_choices":[{"not_picked":["Second Wind","Rupture"],"picked":"Rage","floor":1},{"not_picked":["Headbutt","Body Slam"],"picked":"Rampage","floor":2},{"not_picked":["Fire Breathing","Armaments"],"picked":"Cleave","floor":4},{"not_picked":["Clash","Dropkick"],"picked":"Pommel Strike","floor":7},{"not_picked":["Bloodletting","Corruption"],"picked":"Headbutt","floor":11},{"not_picked":["Reckless Charge","Cleave"],"picked":"Shrug It Off","floor":13},{"not_picked":["Entrench","Clothesline","Reckless Charge"],"picked":"SKIP","floor":14},{"not_picked":["Brutality","Feed"],"picked":"Demon Form","floor":16},{"not_picked":["Dropkick","Perfected Strike"],"picked":"Flex","floor":17},{"not_picked":["Body Slam","Heavy Blade"],"picked":"Shrug It Off","floor":18},{"not_picked":["Clash","Cleave"],"picked":"Armaments","floor":21},{"not_picked":["Twin Strike","Armaments"],"picked":"Thunderclap","floor":23},{"not_picked":["Pummel","Flame Barrier"],"picked":"Shrug It Off","floor":27},{"not_picked":["Sword Boomerang","Cleave"],"picked":"Rage","floor":29},{"not_picked":["Clash+1","Perfected Strike"],"picked":"Wild Strike","floor":34},{"not_picked":["Pummel","Second Wind"],"picked":"Barricade","floor":34},{"not_picked":["Thunderclap","Headbutt"],"picked":"Metallicize","floor":34},{"not_picked":["Warcry","Shrug It Off"],"picked":"Thunderclap","floor":34},{"not_picked":["Battle Trance","Shrug It Off+1"],"picked":"Metallicize+1","floor":35},{"not_picked":["Shockwave+1","Wild Strike","Entrench"],"picked":"SKIP","floor":37},{"not_picked":["Flame Barrier","Iron Wave","Sword Boomerang"],"picked":"SKIP","floor":38},{"not_picked":["Warcry","Berserk"],"picked":"Heavy Blade+1","floor":41}],"player_experience":90317,"relics_obtained":[{"floor":13,"key":"Shuriken"},{"floor":23,"key":"Potion Belt"},{"floor":26,"key":"Charon\u0027s Ashes"},{"floor":27,"key":"Bronze Scales"}],"event_choices":[{"damage_healed":0,"gold_gain":0,"player_choice":"Bought 0 Potions","damage_taken":0,"max_hp_gain":0,"max_hp_loss":0,"event_name":"The Woman in Blue","floor":3,"gold_loss":0},{"damage_healed":0,"gold_gain":75,"player_choice":"Gather Gold","damage_taken":11,"max_hp_gain":0,"max_hp_loss":0,"event_name":"World of Goop","floor":5,"gold_loss":0},{"damage_healed":0,"gold_gain":0,"player_choice":"Searched \u00270\u0027 times","damage_taken":0,"max_hp_gain":0,"max_hp_loss":0,"event_name":"Dead Adventurer","floor":10,"gold_loss":0},{"damage_healed":0,"gold_gain":0,"player_choice":"Got Potions","damage_taken":0,"max_hp_gain":0,"max_hp_loss":0,"event_name":"Lab","floor":12,"gold_loss":0},{"damage_healed":0,"gold_gain":0,"player_choice":"Inject Mutagens","damage_taken":0,"relics_obtained":["MutagenicStrength"],"max_hp_gain":0,"max_hp_loss":0,"event_name":"Drug Dealer","floor":19,"gold_loss":0},{"damage_healed":0,"gold_gain":0,"player_choice":"Simplicity","damage_taken":0,"max_hp_gain":0,"max_hp_loss":0,"event_name":"Back to Basics","floor":22,"gold_loss":0,"cards_upgraded":["Strike_R","Strike_R","Strike_R","Strike_R","Defend_R","Defend_R","Defend_R","Defend_R"]},{"damage_healed":0,"gold_gain":99,"player_choice":"Stole From Cult","damage_taken":0,"max_hp_gain":0,"max_hp_loss":0,"event_name":"Nest","floor":25,"gold_loss":0},{"damage_healed":0,"gold_gain":0,"player_choice":"Ignored","damage_taken":0,"max_hp_gain":0,"max_hp_loss":0,"event_name":"Ghosts","floor":31,"gold_loss":0},{"damage_healed":0,"gold_gain":0,"player_choice":"Upgraded","damage_taken":0,"max_hp_gain":0,"max_hp_loss":0,"event_name":"Upgrade Shrine","floor":36,"gold_loss":0,"cards_upgraded":["Barricade"]}],"is_beta":false,"boss_relics":[{"not_picked":["Runic Dome","Coffee Dripper"],"picked":"Tiny House"},{"not_picked":["Calling Bell","Snecko Eye"],"picked":"Orrery"}],"items_purged_floors":[20,39],"is_endless":false,"potions_floor_spawned":[1,2,13,18,33,37,41],"killed_by":"Sphere and 2 Shapes","ascension_level":0}