{"gold_per_floor":[118,133,133,31,46,46,81,81,81,111,111,161,161,181,181,284,284,294,209,221,231,93,93,126,126,153,153,153,170,170,185,185,185],"floor_reached":33,"playtime":1483,"items_purged":["Strike_G","Strike_G"],"score":578,"play_id":"d3d0880a-5420-4471-8830-0c8806b94e90","local_time":"20181112220250","is_ascension_mode":true,"campfire_choices":[{"data":"Underhanded Strike","floor":6,"key":"SMITH"},{"data":"Flying Knee","floor":8,"key":"SMITH"},{"data":"Dodge and Roll","floor":11,"key":"SMITH"},{"data":"Dagger Throw","floor":13,"key":"SMITH"},{"data":"Dagger Spray","floor":15,"key":"SMITH"},{"floor":23,"key":"REST"},{"data":"Accuracy","floor":25,"key":"SMITH"},{"data":"Blade Dance","floor":27,"key":"SMITH"},{"data":"Adrenaline","floor":30,"key":"SMITH"},{"floor":32,"key":"REST"}],"neow_cost":"NONE","seed_source_timestamp":375997127667882,"circlet_count":0,"master_deck":["AscendersBane","Defend_G","Defend_G","Defend_G","Defend_G","Defend_G","Strike_G","Strike_G","Survivor","Neutralize","Underhanded Strike+1","Dagger Throw+1","Flying Knee+1","Adrenaline+1","Dagger Spray+1","Dodge and Roll+1","Burst","Poisoned Stab+1","Accuracy+1","Blade Dance+1","Adrenaline","Dash+1","Blade Dance+1"],"special_seed":0,"relics":["Ring of the Snake","NeowsBlessing","Matryoshka","Smiling Mask","Ornamental Fan","Pear","Ninja Scroll","Centennial Puzzle","Sozu","Snake Skull","Bottled Tornado","Juzu Bracelet"],"potions_floor_usage":[7,10,16,33],"damage_taken":[{"damage":0,"enemies":"Small Slimes","floor":1,"turns":1},{"damage":0,"enemies":"Jaw Worm","floor":2,"turns":1},{"damage":0,"enemies":"Cultist","floor":5,"turns":1},{"damage":9,"enemies":"3 Sentries","floor":7,"turns":7},{"damage":12,"enemies":"Gremlin Nob","floor":10,"turns":4},{"damage":0,"enemies":"2 Fungi Beasts","floor":14,"turns":1},{"damage":19,"enemies":"Slime Boss","floor":16,"turns":11},{"damage":2,"enemies":"3 Byrds","floor":18,"turns":5},{"damage":0,"enemies":"Spheric Guardian","floor":20,"turns":3},{"damage":20,"enemies":"Shelled Parasite and Fungi","floor":21,"turns":5},{"damage":21,"enemies":"Gremlin Leader","floor":24,"turns":8},{"damage":0,"enemies":"Centurion and Healer","floor":29,"turns":4},{"damage":0,"enemies":"Chosen and Byrds","floor":31,"turns":3},{"damage":72,"enemies":"Collector","floor":33,"turns":7}],"seed_played":"-8237356895004909920","potions_obtained":[{"floor":5,"key":"Fire Potion"},{"floor":7,"key":"PowerPotion"},{"floor":10,"key":"SpeedPotion"},{"floor":14,"key":"FearPotion"}],"is_trial":false,"path_per_floor":["M","M","?","$","M","R","E","R","T","E","R","T","R","M","R","B",null,"M","?","M","M","$","R","E","R","T","R","?","M","R","M","R","B"],"character_chosen":"THE_SILENT","items_purchased":["Flying Knee","Accuracy","Blade Dance"],"campfire_rested":2,"item_purchase_floors":[4,22,22],"current_hp_per_floor":[63,63,56,56,56,56,47,47,47,45,45,45,45,45,45,26,67,65,65,65,45,45,69,48,48,48,48,48,48,48,48,72,0],"gold":185,"neow_bonus":"THREE_ENEMY_KILL","is_prod":false,"is_daily":false,"chose_seed":false,"campfire_upgraded":8,"win_rate":0,"timestamp":1542078170,"path_taken":["M","M","?","?","?","R","E","R","T","E","R","?","R","M","R","BOSS","M","?","M","M","$","R","E","R","T","R","?","M","R","M","R","BOSS"],"build_version":"2018-11-08","purchased_purges":2,"victory":false,"max_hp_per_floor":[70,70,70,70,70,70,70,70,70,80,80,80,80,80,80,80,80,80,80,80,80,80,80,80,80,80,80,80,80,80,80,80,80],"card_choices":[{"not_picked":["Quick Slash","Sucker Punch"],"picked":"Underhanded Strike","floor":1},{"not_picked":["Acrobatics","Backflip"],"picked":"Dagger Throw","floor":2},{"not_picked":["Slice","Dagger Throw"],"picked":"Adrenaline","floor":5},{"not_picked":["Outmaneuver","Underhanded Strike"],"picked":"Dagger Spray","floor":7},{"not_picked":["Cloak And Dagger","After Image"],"picked":"Dodge and Roll","floor":10},{"not_picked":["Masterful Stab","Deadly Poison","Noxious Fumes"],"picked":"SKIP","floor":14},{"not_picked":["Tools of the Trade","Die Die Die"],"picked":"Burst","floor":16},{"not_picked":["Sucker Punch+1","Bane+1","Calculated Gamble"],"picked":"SKIP","floor":18},{"not_picked":["Expertise","All Out Attack"],"picked":"Poisoned Stab+1","floor":20},{"not_picked":["Dagger Throw","Calculated Gamble","Well Laid Plans"],"picked":"SKIP","floor":21},{"not_picked":["Well Laid Plans","Acrobatics+1"],"picked":"Adrenaline","floor":24},{"not_picked":["PiercingWail","Dagger Spray+1"],"picked":"Dash+1","floor":29},{"not_picked":["Dodge and Roll","Calculated Gamble"],"picked":"Blade Dance+1","floor":31}],"player_experience":674613,"relics_obtained":[{"floor":7,"key":"Matryoshka"},{"floor":9,"key":"Smiling Mask"},{"floor":9,"key":"Ornamental Fan"},{"floor":10,"key":"Pear"},{"floor":12,"key":"Ninja Scroll"},{"floor":12,"key":"Centennial Puzzle"},{"floor":24,"key":"Bottled Tornado"},{"floor":26,"key":"Juzu Bracelet"}],"event_choices":[{"cards_removed":["Strike_G"],"damage_healed":0,"gold_gain":0,"player_choice":"Card Removal","damage_taken":7,"max_hp_gain":0,"max_hp_loss":0,"event_name":"Golden Wing","floor":3,"gold_loss":0},{"damage_healed":0,"gold_gain":0,"player_choice":"Obtained Relic","damage_taken":0,"relics_obtained":["Snake Skull"],"max_hp_gain":0,"max_hp_loss":0,"event_name":"Addict","floor":19,"gold_loss":85},{"damage_healed":0,"gold_gain":0,"player_choice":"Got Potions","damage_taken":0,"max_hp_gain":0,"max_hp_loss":0,"event_name":"Lab","floor":28,"gold_loss":0}],"is_beta":false,"boss_relics":[{"not_picked":["Eternal Feather","Runic Pyramid"],"picked":"Sozu"}],"items_purged_floors":[4,22],"is_endless":false,"potions_floor_spawned":[5,7,10,14,18,29],"killed_by":"Collector","ascension_level":11}