{"gold_per_floor":[216,141,141,35,52,52,85,112,139,151,151,186,186,196,196,196],"floor_reached":16,"playtime":775,"items_purged":["Strike_R"],"score":205,"play_id":"d545d637-4f32-439d-a05b-47ac9b5e75c5","local_time":"20190704014859","is_ascension_mode":true,"campfire_choices":[{"data":"Bash","floor":6,"key":"SMITH"},{"data":"Flex","floor":13,"key":"SMITH"},{"floor":15,"key":"REST"}],"neow_cost":"NONE","seed_source_timestamp":1064123070953933,"circlet_count":0,"master_deck":["AscendersBane","Strike_R","Strike_R","Strike_R","Defend_R","Defend_R","Defend_R","Bash+1","Shrug It Off","Headbutt","Dropkick","Flex+1","Shockwave"],"relics":["Burning Blood","Smiling Mask","Pear","Odd Mushroom","PreservedInsect","Pantograph"],"potions_floor_usage":[7,8,12,12,16],"damage_taken":[{"damage":9,"enemies":"Jaw Worm","floor":1,"turns":4},{"damage":7,"enemies":"Small Slimes","floor":5,"turns":4},{"damage":34,"enemies":"3 Sentries","floor":7,"turns":10},{"damage":14,"enemies":"The Mushroom Lair","floor":8,"turns":7},{"damage":0,"enemies":"Cultist","floor":10,"turns":2},{"damage":2,"enemies":"Lagavulin","floor":12,"turns":5},{"damage":10,"enemies":"Large Slime","floor":14,"turns":5},{"damage":87,"enemies":"Slime Boss","floor":16,"turns":9}],"seed_played":"3728351975123175449","potions_obtained":[{"floor":1,"key":"Energy Potion"},{"floor":5,"key":"Poison Potion"},{"floor":8,"key":"SteroidPotion"},{"floor":10,"key":"PowerPotion"},{"floor":14,"key":"SkillPotion"}],"is_trial":false,"path_per_floor":["M","?","?","$","M","R","E","?","T","M","?","E","R","M","R","B"],"character_chosen":"IRONCLAD","items_purchased":["Fire Potion"],"campfire_rested":1,"item_purchase_floors":[4],"current_hp_per_floor":[65,65,65,65,64,64,46,38,38,44,37,41,41,37,62,0],"gold":196,"neow_bonus":"HUNDRED_GOLD","is_prod":false,"is_daily":false,"chose_seed":false,"campfire_upgraded":2,"win_rate":0,"timestamp":1562219339,"path_taken":["M","?","?","$","?","R","E","?","T","M","?","E","R","M","R","BOSS"],"build_version":"2019-07-01","purchased_purges":1,"victory":false,"max_hp_per_floor":[75,75,75,75,75,75,85,85,85,85,85,85,85,85,85,85],"card_choices":[{"not_picked":["Feel No Pain","Pummel"],"picked":"Shrug It Off","floor":1},{"not_picked":["Shrug It Off","Anger"],"picked":"Headbutt","floor":5},{"not_picked":["Thunderclap","Flex"],"picked":"Dropkick","floor":7},{"not_picked":["Clothesline","Shrug It Off"],"picked":"Flex","floor":10},{"not_picked":["Iron Wave","Clothesline","Flame Barrier"],"picked":"SKIP","floor":12},{"not_picked":["Pommel Strike","Armaments"],"picked":"Shockwave","floor":14}],"player_experience":1595206,"relics_obtained":[{"floor":7,"key":"Pear"},{"floor":8,"key":"Odd Mushroom"},{"floor":9,"key":"PreservedInsect"},{"floor":12,"key":"Pantograph"}],"event_choices":[{"cards_removed":["Defend_R"],"damage_healed":0,"gold_gain":0,"player_choice":"Card Removal","damage_taken":0,"max_hp_gain":0,"max_hp_loss":0,"event_name":"The Cleric","floor":2,"gold_loss":75},{"damage_healed":0,"gold_gain":0,"player_choice":"Gave Potion","damage_taken":0,"relics_obtained":["Smiling Mask"],"max_hp_gain":0,"max_hp_loss":0,"event_name":"WeMeetAgain","floor":3,"gold_loss":0},{"damage_healed":0,"gold_gain":0,"player_choice":"Fought Mushrooms","damage_taken":0,"max_hp_gain":0,"max_hp_loss":0,"event_name":"Mushrooms","floor":8,"gold_loss":0},{"cards_removed":["Strike_R"],"damage_healed":0,"gold_gain":0,"player_choice":"Card Removal","damage_taken":7,"max_hp_gain":0,"max_hp_loss":0,"event_name":"Golden Wing","floor":11,"gold_loss":0}],"is_beta":false,"boss_relics":[],"items_purged_floors":[4],"is_endless":false,"potions_floor_spawned":[1,5,8,10,14],"killed_by":"Slime Boss","ascension_level":18}