{"gold_per_floor":[110,39,39,56,56,56,82,95,95,95,112,112,146,20,20,116,116,102,302,23,43,63,63],"floor_reached":23,"playtime":853,"items_purged":["Strike_B","Strike_B"],"score":383,"play_id":"a3817fd1-1ef0-4c3d-82bb-c4b53d87f0b6","local_time":"20181205005628","is_ascension_mode":true,"campfire_choices":[{"data":"Scrape","floor":6,"key":"SMITH"},{"data":"Beam Cell","floor":10,"key":"SMITH"},{"data":"Dualcast","floor":15,"key":"SMITH"}],"neow_cost":"NONE","seed_source_timestamp":84925716132572,"circlet_count":0,"master_deck":["AscendersBane","Strike_B","Strike_B","Defend_B","Defend_B","Defend_B","Defend_B","Zap+1","Dualcast+1","Rebound","Scrape+1","Turbo","Beam Cell+1","Steam Power","Sweeping Beam","Coolheaded","Jack Of All Trades","Buffer","Coolheaded","Scrape","Chaos+1"],"relics":["Cracked Core","NeowsBlessing","Meat on the Bone","The Courier","Pear","Philosopher\u0027s Stone","Question Card"],"potions_floor_usage":[16,16,18,21,23],"damage_taken":[{"damage":0,"enemies":"Small Slimes","floor":1,"turns":1},{"damage":0,"enemies":"Jaw Worm","floor":4,"turns":1},{"damage":0,"enemies":"Lagavulin","floor":7,"turns":1},{"damage":3,"enemies":"2 Louse","floor":8,"turns":2},{"damage":14,"enemies":"Red Slaver","floor":11,"turns":2},{"damage":15,"enemies":"Gremlin Nob","floor":13,"turns":3},{"damage":33,"enemies":"Hexaghost","floor":16,"turns":6},{"damage":23,"enemies":"2 Thieves","floor":18,"turns":4},{"damage":0,"enemies":"Shell Parasite","floor":21,"turns":4},{"damage":19,"enemies":"Snake Plant","floor":22,"turns":5},{"damage":47,"enemies":"Slavers","floor":23,"turns":3}],"seed_played":"-7791697106866516569","potions_obtained":[{"floor":1,"key":"SteroidPotion"},{"floor":11,"key":"Ancient Potion"},{"floor":16,"key":"SteroidPotion"},{"floor":18,"key":"EssenceOfSteel"},{"floor":21,"key":"FocusPotion"}],"is_trial":false,"path_per_floor":["M","$","?","M","$","R","E","M","T","R","M","?","E","$","R","B",null,"M","?","$","M","M","E"],"character_chosen":"DEFECT","items_purchased":["Scrape","Jack Of All Trades","Question Card"],"campfire_rested":0,"item_purchase_floors":[2,14,20],"current_hp_per_floor":[68,68,73,73,73,73,73,70,70,70,56,56,51,51,51,30,75,52,52,52,52,45,0],"gold":63,"neow_bonus":"THREE_ENEMY_KILL","is_prod":false,"is_daily":false,"chose_seed":false,"campfire_upgraded":3,"win_rate":0,"timestamp":1543989388,"path_taken":["M","$","?","M","?","R","E","M","T","R","M","?","E","$","R","BOSS","M","?","$","M","M","E"],"build_version":"2018-11-15","purchased_purges":2,"victory":false,"max_hp_per_floor":[75,75,80,80,80,80,80,80,80,80,80,80,90,90,90,90,90,90,90,90,90,90,90],"card_choices":[{"not_picked":["Ball Lightning","Sweeping Beam"],"picked":"Rebound","floor":1},{"not_picked":["Barrage","Hello World"],"picked":"Turbo","floor":4},{"not_picked":["Turbo","Stack"],"picked":"Beam Cell","floor":7},{"not_picked":["Rebound","Turbo"],"picked":"Steam Power","floor":8},{"not_picked":["Machine Learning","Barrage"],"picked":"Sweeping Beam","floor":11},{"not_picked":["Storm","Force Field"],"picked":"Coolheaded","floor":13},{"not_picked":["Biased Cognition","Electrodynamics"],"picked":"Buffer","floor":16},{"not_picked":["Barrage","Undo"],"picked":"Coolheaded","floor":18},{"not_picked":["Compile Driver","Rebound","Ball Lightning"],"picked":"Scrape","floor":21},{"not_picked":["Double Energy+1","Rebound","Rainbow"],"picked":"Chaos+1","floor":22}],"player_experience":805558,"relics_obtained":[{"floor":7,"key":"Meat on the Bone"},{"floor":9,"key":"The Courier"},{"floor":13,"key":"Pear"}],"event_choices":[{"damage_healed":0,"gold_gain":0,"player_choice":"Donut","damage_taken":0,"max_hp_gain":5,"max_hp_loss":0,"event_name":"Big Fish","floor":3,"gold_loss":0},{"damage_healed":0,"gold_gain":0,"player_choice":"Forge","damage_taken":0,"max_hp_gain":0,"max_hp_loss":0,"event_name":"Accursed Blacksmith","floor":12,"gold_loss":0,"cards_upgraded":["Zap"]},{"damage_healed":0,"gold_gain":250,"player_choice":"Bet on Owner","damage_taken":0,"max_hp_gain":0,"max_hp_loss":0,"event_name":"The Joust","floor":19,"gold_loss":50}],"is_beta":false,"boss_relics":[{"not_picked":["Astrolabe","Runic Dome"],"picked":"Philosopher\u0027s Stone"}],"items_purged_floors":[14,20],"is_endless":false,"potions_floor_spawned":[1,11,16,18,21],"killed_by":"Slavers","ascension_level":12}