{"gold_per_floor":[110,127,127,140,154,181,181,208,208,218,24,24,24,42,42,141,141,158,158,42,42,42,42],"floor_reached":23,"playtime":1248,"items_purged":["Strike_B"],"score":249,"play_id":"402810ab-0783-4532-be24-6255a8b7de8b","local_time":"20190315225005","is_ascension_mode":true,"campfire_choices":[{"data":"Machine Learning","floor":7,"key":"SMITH"},{"floor":12,"key":"REST"},{"data":"Tempest","floor":15,"key":"SMITH"}],"neow_cost":"NONE","seed_source_timestamp":2682899925675800,"circlet_count":0,"master_deck":["Strike_B","Defend_B","Defend_B","Defend_B","Defend_B","Zap","Dualcast","Sweeping Beam","Go for the Eyes","Streamline","Machine Learning+1","Conserve Battery","Tempest+1","Gash","Rebound","Creative AI","Defragment","Ball Lightning","Storm","Hologram"],"relics":["Cracked Core","Orichalcum","Bronze Scales","Regal Pillow","Smiling Mask","Happy Flower","Coffee Dripper"],"potions_floor_usage":[16,16,22,22,22],"damage_taken":[{"damage":0,"enemies":"Small Slimes","floor":1,"turns":2},{"damage":0,"enemies":"Cultist","floor":2,"turns":3},{"damage":0,"enemies":"2 Louse","floor":4,"turns":2},{"damage":8,"enemies":"Red Slaver","floor":5,"turns":2},{"damage":23,"enemies":"Lagavulin","floor":6,"turns":5},{"damage":10,"enemies":"Gremlin Nob","floor":8,"turns":4},{"damage":0,"enemies":"Large Slime","floor":10,"turns":4},{"damage":4,"enemies":"2 Fungi Beasts","floor":14,"turns":3},{"damage":7,"enemies":"The Guardian","floor":16,"turns":9},{"damage":6,"enemies":"Chosen","floor":18,"turns":3},{"damage":7,"enemies":"Colosseum Slavers","floor":22,"turns":1},{"damage":61,"enemies":"Slavers","floor":23,"turns":3}],"seed_played":"-7273509895916792040","potions_obtained":[{"floor":2,"key":"PowerPotion"},{"floor":5,"key":"Block Potion"},{"floor":8,"key":"GamblersBrew"},{"floor":16,"key":"AttackPotion"},{"floor":18,"key":"Fire Potion"}],"is_trial":false,"path_per_floor":["M","M","?","M","M","E","R","E","T","M","$","R","?","M","R","B",null,"M","?","$","?","?","E"],"character_chosen":"DEFECT","items_purchased":["Happy Flower","Ball Lightning","Storm"],"campfire_rested":1,"item_purchase_floors":[11,20,20],"current_hp_per_floor":[75,75,75,75,67,44,44,34,34,34,34,71,71,67,67,60,71,65,65,65,65,58,0],"gold":42,"neow_bonus":"RANDOM_COMMON_RELIC","is_prod":false,"is_daily":false,"chose_seed":false,"campfire_upgraded":2,"win_rate":0,"timestamp":1552715405,"path_taken":["M","M","?","?","M","E","R","E","T","M","$","R","?","M","R","BOSS","M","?","$","?","?","E"],"build_version":"2019-01-23","purchased_purges":1,"victory":false,"max_hp_per_floor":[75,75,75,75,75,75,75,75,75,75,75,75,75,75,75,75,75,75,75,75,75,75,75],"card_choices":[{"not_picked":["Barrage","Leap"],"picked":"Sweeping Beam","floor":1},{"not_picked":["Redo","Sweeping Beam"],"picked":"Go for the Eyes","floor":2},{"not_picked":["Hologram","Auto Shields"],"picked":"Streamline","floor":4},{"not_picked":["Steam","Turbo"],"picked":"Machine Learning","floor":5},{"not_picked":["Skim","Stack"],"picked":"Conserve Battery","floor":6},{"not_picked":["Static Discharge","Reprogram"],"picked":"Tempest","floor":8},{"not_picked":["Ball Lightning","Barrage"],"picked":"Gash","floor":10},{"not_picked":["Stack","Fusion"],"picked":"Rebound","floor":14},{"not_picked":["Machine Learning","Buffer"],"picked":"Creative AI","floor":16},{"not_picked":["Conserve Battery","Steam"],"picked":"Defragment","floor":18}],"player_experience":355109,"relics_obtained":[{"floor":6,"key":"Bronze Scales"},{"floor":8,"key":"Regal Pillow"},{"floor":9,"key":"Smiling Mask"}],"event_choices":[{"cards_removed":["Strike_B"],"damage_healed":0,"gold_gain":0,"player_choice":"Offered Basic","damage_taken":0,"max_hp_gain":0,"max_hp_loss":0,"event_name":"Bonfire Elementals","floor":3,"gold_loss":0},{"damage_healed":0,"gold_gain":0,"player_choice":"0 cards matched","damage_taken":0,"max_hp_gain":0,"max_hp_loss":0,"event_name":"Match and Keep!","floor":13,"gold_loss":0,"cards_obtained":[]},{"cards_removed":["Strike_B"],"damage_healed":0,"gold_gain":0,"player_choice":"Elegance","damage_taken":0,"max_hp_gain":0,"max_hp_loss":0,"event_name":"Back to Basics","floor":19,"gold_loss":0},{"damage_healed":0,"gold_gain":0,"player_choice":"Read","damage_taken":0,"max_hp_gain":0,"max_hp_loss":0,"event_name":"The Library","floor":21,"gold_loss":0,"cards_obtained":["Hologram"]},{"damage_healed":0,"gold_gain":0,"player_choice":"Fight","damage_taken":0,"max_hp_gain":0,"max_hp_loss":0,"event_name":"Colosseum","floor":22,"gold_loss":0},{"damage_healed":0,"gold_gain":0,"player_choice":"Fled From Nobs","damage_taken":0,"max_hp_gain":0,"max_hp_loss":0,"event_name":"Colosseum","floor":22,"gold_loss":0}],"is_beta":false,"boss_relics":[{"not_picked":["Calling Bell","Pandora\u0027s Box"],"picked":"Coffee Dripper"}],"items_purged_floors":[11],"is_endless":false,"potions_floor_spawned":[2,5,8,10,16,18],"killed_by":"Slavers","ascension_level":5}