{"path_per_floor":["M","M","M","M","$","R","M","E","T","?","M","R","M","M","R","B",null,"M","M","M","M","M","R","?","M","T","R","M","E","?","$","R","B",null,"M","?","?","M","M","E","R","E","T","R","M","E","R","M","R","B"],"character_chosen":"IRONCLAD","items_purchased":["Anchor","Intimidate"],"gold_per_floor":[112,132,143,163,18,18,35,62,85,85,98,98,110,127,127,225,225,244,228,240,258,277,277,177,188,188,188,208,237,237,92,92,195,195,210,262,0,18,33,61,61,88,88,88,101,136,136,147,147,147],"floor_reached":51,"campfire_rested":5,"playtime":3602,"current_hp_per_floor":[36,40,32,22,22,46,39,24,24,17,18,42,48,51,51,35,80,80,77,49,38,28,52,52,17,17,41,35,15,15,15,39,44,80,80,68,68,74,80,80,80,80,80,80,81,88,88,89,89,58],"items_purged":["Perfected Strike"],"gold":147,"score":879,"play_id":"9196e363-63aa-43d5-af34-32d11dc6d924","local_time":"20180326022235","is_prod":false,"is_daily":false,"is_ascension_mode":true,"campfire_upgraded":1,"timestamp":1522045355,"path_taken":["M","M","?","?","$","R","M","E","T","?","M","R","M","M","R","BOSS","M","M","?","M","M","R","?","M","T","R","?","E","?","$","R","BOSS","M","?","?","M","M","E","R","E","T","R","M","E","R","M","R","BOSS"],"build_version":"2018-03-22v2","purchased_purges":2,"victory":true,"master_deck":["Bash","Demon Form","Feel No Pain","Heavy Blade+1","Carnage","Cleave","Intimidate","Ghostly Armor","True Grit","Warcry","Immolate","Warcry","Warcry","Sword Boomerang","Spot Weakness","Heavy Blade","Pommel Strike","Reckless Charge","Sword Boomerang","Pommel Strike","Armaments","Armaments+1","Seeing Red+1","Havoc+1","Infernal Blade+1","J.A.X.","Heavy Blade+1","Infernal Blade+1","Intimidate","Impervious","Evolve","Shockwave","Heavy Blade+1","Flame Barrier+1","Injury","Headbutt+1","Power Through+1","Iron Wave+1"],"max_hp_per_floor":[80,80,80,80,80,80,80,80,80,80,80,80,80,80,80,80,80,80,80,80,80,80,80,80,80,80,80,80,80,80,80,80,80,80,80,80,80,80,80,80,80,90,90,90,90,97,97,97,97,97],"relics":["Burning Blood","Anchor","Letter Opener","Bronze Scales","Lantern","Pandora\u0027s Box","Red Skull","Dead Branch","Cursed Key","Charon\u0027s Ashes","Red Mask","Shovel","Kunai","Pear","Meat on the Bone","Bag of Marbles","Strawberry","Orichalcum","Vajra"],"card_choices":[{"not_picked":["Double Tap","Dark Embrace"],"picked":"Demon Form","floor":0},{"not_picked":["Heavy Blade","Headbutt"],"picked":"Perfected Strike","floor":1},{"not_picked":["Anger","Reaper"],"picked":"Feel No Pain","floor":2},{"not_picked":["True Grit","Dual Wield"],"picked":"Heavy Blade","floor":3},{"not_picked":["Rage","Hemokinesis"],"picked":"Carnage","floor":4},{"not_picked":["Dual Wield","Entrench"],"picked":"Cleave","floor":7},{"not_picked":["Havoc","Carnage"],"picked":"Intimidate","floor":8},{"not_picked":["Spot Weakness","Clothesline"],"picked":"Ghostly Armor","floor":11},{"not_picked":["Sentinel","Twin Strike"],"picked":"True Grit","floor":13},{"not_picked":["Evolve","Power Through"],"picked":"Warcry","floor":14},{"not_picked":["Exhume","Barricade"],"picked":"Immolate","floor":16},{"not_picked":["Pommel Strike","Perfected Strike"],"picked":"Armaments","floor":18},{"not_picked":["Corruption","Clothesline"],"picked":"Armaments","floor":19},{"not_picked":["Wild Strike","Evolve"],"picked":"Seeing Red","floor":20},{"not_picked":["Armaments","Carnage"],"picked":"Havoc","floor":21},{"not_picked":["Heavy Blade","Dark Embrace"],"picked":"Infernal Blade","floor":22},{"not_picked":["Second Wind","Battle Trance"],"picked":"Heavy Blade","floor":25},{"not_picked":["Juggernaut","Exhume"],"picked":"Impervious","floor":33},{"not_picked":["Headbutt","Twin Strike"],"picked":"Evolve","floor":35},{"not_picked":["Perfected Strike","Body Slam"],"picked":"Shockwave","floor":36},{"not_picked":["Twin Strike","Thunderclap"],"picked":"Heavy Blade","floor":38},{"not_picked":["Corruption","Iron Wave"],"picked":"Flame Barrier","floor":39},{"not_picked":["Shrug It Off","Anger"],"picked":"Headbutt","floor":45},{"not_picked":["Carnage","Metallicize"],"picked":"Power Through","floor":46},{"not_picked":["Perfected Strike","Reckless Charge"],"picked":"Iron Wave","floor":48}],"player_experience":85738,"potions_floor_usage":[8,16,16,21,22,22,29,33,42,46,50,50,50],"damage_taken":[{"damage":10,"enemies":"Cultist","floor":1,"turns":4},{"damage":2,"enemies":"2 Louse","floor":2,"turns":2},{"damage":14,"enemies":"Small Slimes","floor":3,"turns":4},{"damage":16,"enemies":"Blue Slaver","floor":4,"turns":5},{"damage":13,"enemies":"Lots of Slimes","floor":7,"turns":5},{"damage":21,"enemies":"Lagavulin","floor":8,"turns":6},{"damage":5,"enemies":"Looter","floor":11,"turns":3},{"damage":0,"enemies":"Red Slaver","floor":13,"turns":2},{"damage":3,"enemies":"3 Louse","floor":14,"turns":2},{"damage":37,"enemies":"Slime Boss","floor":16,"turns":8},{"damage":0,"enemies":"3 Byrds","floor":18,"turns":3},{"damage":9,"enemies":"2 Thieves","floor":19,"turns":4},{"damage":34,"enemies":"3 Cultists","floor":20,"turns":5},{"damage":17,"enemies":"Centurion and Healer","floor":21,"turns":8},{"damage":16,"enemies":"Snake Plant","floor":22,"turns":3},{"damage":41,"enemies":"Slaver and Parasite","floor":25,"turns":6},{"damage":12,"enemies":"Centurion and Healer","floor":28,"turns":3},{"damage":26,"enemies":"Gremlin Leader","floor":29,"turns":4},{"damage":31,"enemies":"Collector","floor":33,"turns":6},{"damage":0,"enemies":"Orb Walker","floor":35,"turns":2},{"damage":18,"enemies":"Mysterious Sphere","floor":36,"turns":3},{"damage":0,"enemies":"3 Shapes","floor":38,"turns":2},{"damage":0,"enemies":"Sphere and 2 Shapes","floor":39,"turns":2},{"damage":3,"enemies":"Giant Head","floor":40,"turns":4},{"damage":16,"enemies":"Nemesis","floor":42,"turns":4},{"damage":5,"enemies":"4 Shapes","floor":45,"turns":4},{"damage":6,"enemies":"2 Orb Walkers","floor":46,"turns":5},{"damage":5,"enemies":"Maw","floor":48,"turns":6},{"damage":37,"enemies":"Awakened One","floor":50,"turns":9}],"event_choices":[{"event_name":"Scrap Ooze","player_choice":"success","floor":10,"damage_taken":7},{"event_name":"Drug Dealer","player_choice":"Got JAXXED","floor":24,"damage_taken":0},{"event_name":"Duplicator","player_choice":"One dupe","floor":30,"damage_taken":0},{"event_name":"Mysterious Sphere","player_choice":"Fight","floor":36,"damage_taken":0},{"event_name":"Tomb of Lord Red Mask","player_choice":"Paid","floor":37,"damage_taken":0}],"boss_relics":[{"not_picked":["Runic Cube","White Beast Statue"],"picked":"Pandora\u0027s Box"},{"not_picked":["Orrery","Snecko Eye"],"picked":"Cursed Key"}],"potions_floor_spawned":[2,11,13,14,20,21,28,29,38,39,40,42,45,46],"seed_played":"156419074913481468","ascension_level":1,"is_trial":false}