{"gold_per_floor":[114,130,147,147,158,192,192,225,225,251,401,401],"floor_reached":12,"playtime":584,"items_purged":[],"score":196,"play_id":"29c0dc05-edd4-458a-9020-2bbc6cc2d561","local_time":"20190502214600","is_ascension_mode":true,"campfire_choices":[{"data":"Adrenaline","floor":7,"key":"SMITH"}],"neow_cost":"NONE","seed_source_timestamp":732342695453705,"circlet_count":0,"master_deck":["AscendersBane","Defend_G","Defend_G","Defend_G","Defend_G","Defend_G","Strike_G","Strike_G","Strike_G","Strike_G","Strike_G","Survivor","Neutralize","Dagger Spray","Footwork","Dash","Dagger Throw","Bouncing Flask","Masterful Stab","Dodge and Roll","Calculated Gamble","Poisoned Stab","Adrenaline+1","Backstab","Noxious Fumes"],"special_seed":0,"relics":["Orrery","Bottled Tornado","Regal Pillow","Omamori","Pear"],"potions_floor_usage":[6,10,12],"damage_taken":[{"damage":0.0,"enemies":"Cultist","floor":1.0,"turns":4.0},{"damage":0.0,"enemies":"Small Slimes","floor":2.0,"turns":3.0},{"damage":1.0,"enemies":"2 Louse","floor":3.0,"turns":4.0},{"damage":0.0,"enemies":"2 Fungi Beasts","floor":5.0,"turns":3.0},{"damage":21,"enemies":"Lagavulin","floor":6,"turns":6},{"damage":23,"enemies":"Gremlin Nob","floor":8,"turns":4},{"damage":9,"enemies":"Lagavulin","floor":10,"turns":6},{"damage":36,"enemies":"Gremlin Nob","floor":12,"turns":4}],"seed_played":"-2945790033888262534","potions_obtained":[{"floor":1.0,"key":"LiquidBronze"},{"floor":3.0,"key":"SpeedPotion"},{"floor":10,"key":"Weak Potion"}],"is_trial":false,"path_per_floor":["M","M","M","?","M","E","R","E","T","E","?","E"],"character_chosen":"THE_SILENT","items_purchased":[],"campfire_rested":0,"item_purchase_floors":[],"current_hp_per_floor":[59,59,58,63,63,42,42,19,19,20,20,0],"gold":401,"neow_bonus":"BOSS_RELIC","is_prod":false,"is_daily":false,"chose_seed":false,"campfire_upgraded":1,"win_rate":0,"timestamp":1556847960,"path_taken":["M","M","M","?","M","E","R","E","T","E","?","E"],"build_version":"2019-01-23","purchased_purges":0,"victory":false,"max_hp_per_floor":[66,66,66,71,71,71,71,71,71,81,81,81],"card_choices":[{"not_picked":["Dagger Throw","Catalyst"],"picked":"Dagger Spray","floor":0.0},{"not_picked":["Finisher","Blur"],"picked":"Footwork","floor":0.0},{"not_picked":["Dodge and Roll","Choke"],"picked":"Dash","floor":0.0},{"not_picked":["Caltrops","Distraction"],"picked":"Dagger Throw","floor":0.0},{"not_picked":["Caltrops","Riddle With Holes"],"picked":"Bouncing Flask","floor":0.0},{"not_picked":["Infinite Blades","Distraction"],"picked":"Masterful Stab","floor":1.0},{"not_picked":["Prepared","Flying Knee"],"picked":"Dodge and Roll","floor":2.0},{"not_picked":["Blur","Grand Finale"],"picked":"Calculated Gamble","floor":3.0},{"not_picked":["Underhanded Strike","Dagger Spray"],"picked":"Poisoned Stab","floor":5.0},{"not_picked":["Dodge and Roll","Dagger Throw"],"picked":"Adrenaline","floor":6},{"not_picked":["Backflip","Tactician"],"picked":"Backstab","floor":8},{"not_picked":["Distraction","Deflect"],"picked":"Noxious Fumes","floor":10}],"player_experience":1356840,"relics_obtained":[{"floor":6,"key":"Bottled Tornado"},{"floor":8,"key":"Regal Pillow"},{"floor":9,"key":"Omamori"},{"floor":10,"key":"Pear"}],"event_choices":[{"damage_healed":0.0,"max_hp_gain":5.0,"max_hp_loss":0.0,"gold_gain":0.0,"event_name":"Big Fish","player_choice":"Donut","floor":4.0,"gold_loss":0.0,"damage_taken":0.0},{"damage_healed":0,"gold_gain":150,"player_choice":"AGREE","damage_taken":0,"max_hp_gain":0,"max_hp_loss":0,"event_name":"Liars Game","floor":11,"gold_loss":0,"cards_obtained":["Doubt"]}],"is_beta":false,"boss_relics":[],"items_purged_floors":[],"is_endless":false,"potions_floor_spawned":[1,3,5,10],"killed_by":"Gremlin Nob","ascension_level":20}