{"gold_per_floor":[211,98,109,9,21,21,38,38,88,167,167,186,221,241,241,340,340,356,266,266],"floor_reached":20,"playtime":866,"items_purged":["Strike_B","Strike_B"],"score":261,"play_id":"449ecaf8-f19c-40da-a842-ccac5c8aa95f","local_time":"20181104205835","is_ascension_mode":true,"campfire_choices":[{"data":"Genetic Algorithm","floor":6,"key":"SMITH"},{"data":"Redo","floor":8,"key":"SMITH"},{"data":"Zap","floor":11,"key":"SMITH"},{"floor":15,"key":"REST"}],"neow_cost":"NONE","seed_source_timestamp":695860759628551,"circlet_count":0,"master_deck":["AscendersBane","Strike_B","Defend_B","Defend_B","Defend_B","Defend_B","Zap+1","Dualcast","Compile Driver","Doom and Gloom","Genetic Algorithm+1","Redo+1","Chill","Tempest","Redo+1","Rainbow","Coolheaded"],"relics":["Cracked Core","Smiling Mask","Ornamental Fan","Pen Nib","Philosopher\u0027s Stone"],"potions_floor_usage":[12,13,16],"damage_taken":[{"damage":5,"enemies":"Cultist","floor":1,"turns":4},{"damage":8,"enemies":"2 Louse","floor":3,"turns":3},{"damage":0,"enemies":"Small Slimes","floor":5,"turns":2},{"damage":11,"enemies":"3 Louse","floor":7,"turns":3},{"damage":1,"enemies":"Looter","floor":12,"turns":2},{"damage":19,"enemies":"Lagavulin","floor":13,"turns":5},{"damage":0,"enemies":"Exordium Thugs","floor":14,"turns":4},{"damage":39,"enemies":"The Guardian","floor":16,"turns":9},{"damage":55,"enemies":"3 Byrds","floor":18,"turns":4},{"damage":14,"enemies":"Chosen","floor":20,"turns":4}],"seed_played":"-5884320486491931103","potions_obtained":[{"floor":3,"key":"Weak Potion"},{"floor":5,"key":"GamblersBrew"},{"floor":13,"key":"Strength Potion"},{"floor":18,"key":"Explosive Potion"}],"is_trial":false,"path_per_floor":["M","$","M","$","M","R","M","R","T","T","R","M","E","M","R","B",null,"M","?","M"],"character_chosen":"DEFECT","items_purchased":["Doom and Gloom"],"campfire_rested":1,"item_purchase_floors":[2],"current_hp_per_floor":[63,63,55,55,55,55,44,44,44,44,44,43,24,24,46,7,58,3,3,0],"gold":266,"neow_bonus":"HUNDRED_GOLD","is_prod":false,"is_daily":false,"chose_seed":false,"campfire_upgraded":3,"win_rate":0,"timestamp":1541383115,"path_taken":["M","$","M","$","M","R","M","R","T","?","R","M","E","M","R","BOSS","M","?","M"],"build_version":"2018-11-01","purchased_purges":2,"victory":false,"max_hp_per_floor":[75,75,75,75,75,75,75,75,75,75,75,75,75,75,75,75,75,75,75,75],"card_choices":[{"not_picked":["Ball Lightning","Steam"],"picked":"Compile Driver","floor":1},{"not_picked":["Go for the Eyes","Lockon"],"picked":"Genetic Algorithm","floor":3},{"not_picked":["Heatsinks","Aggregate"],"picked":"Redo","floor":5},{"not_picked":["Stack","Compile Driver"],"picked":"Chill","floor":7},{"not_picked":["Stack","Compile Driver","Rebound"],"picked":"SKIP","floor":12},{"not_picked":["Ball Lightning","Rebound"],"picked":"Tempest","floor":13},{"not_picked":["Sweeping Beam","Hyperbeam"],"picked":"Redo","floor":14},{"not_picked":["Hyperbeam","Fission"],"picked":"Rainbow","floor":16},{"not_picked":["Double Energy","Turbo"],"picked":"Coolheaded","floor":18}],"player_experience":615772,"relics_obtained":[{"floor":9,"key":"Smiling Mask"},{"floor":10,"key":"Ornamental Fan"},{"floor":13,"key":"Pen Nib"}],"event_choices":[{"cards_removed":["Strike_B"],"damage_healed":0,"gold_gain":0,"player_choice":"Upgrade and Remove","damage_taken":0,"max_hp_gain":0,"max_hp_loss":0,"event_name":"Designer","floor":19,"gold_loss":90,"cards_upgraded":["Redo"]}],"is_beta":false,"boss_relics":[{"not_picked":["White Beast Statue","FrozenCore"],"picked":"Philosopher\u0027s Stone"}],"items_purged_floors":[2,4],"is_endless":false,"potions_floor_spawned":[3,5,13,18],"killed_by":"Chosen","ascension_level":10}