{"gold_per_floor":[115,132,143,159,171,171,231,231,231,231,196,209,209,2,2,79,129,145,70,84,103,103],"floor_reached":22,"playtime":860,"items_purged":[],"score":348,"play_id":"4ccc459b-b5c1-46a7-bfe6-175b0aaab8cb","local_time":"20190811134301","is_ascension_mode":true,"campfire_choices":[{"floor":6,"key":"REST"},{"floor":8,"key":"REST"},{"data":"Defragment","floor":10,"key":"SMITH"},{"floor":15,"key":"REST"}],"neow_cost":"NONE","seed_source_timestamp":22561747634585,"circlet_count":0,"master_deck":["AscendersBane","Strike_B","Strike_B+1","Strike_B","Defend_B","Defend_B","Defend_B","Defend_B","Zap","Dualcast","Lockon","Defragment+1","Compile Driver","Ball Lightning","Conserve Battery","Cold Snap","Auto Shields","Buffer+1","Lockon","Machine Learning+1","Ball Lightning","Core Surge","FTL"],"relics":["Cracked Core","Oddly Smooth Stone","Tiny Chest","Unceasing Top","Frozen Egg 2","Tiny House"],"potions_floor_usage":[5,7,20,22],"damage_taken":[{"damage":2,"enemies":"Small Slimes","floor":1,"turns":3},{"damage":1,"enemies":"Jaw Worm","floor":2,"turns":3},{"damage":0,"enemies":"2 Louse","floor":3,"turns":2},{"damage":3,"enemies":"Blue Slaver","floor":4,"turns":3},{"damage":27,"enemies":"3 Louse","floor":5,"turns":3},{"damage":28,"enemies":"Gremlin Nob","floor":7,"turns":4},{"damage":5,"enemies":"Looter","floor":12,"turns":3},{"damage":21,"enemies":"The Guardian","floor":16,"turns":10},{"damage":6,"enemies":"Chosen","floor":18,"turns":4},{"damage":17,"enemies":"Shell Parasite","floor":20,"turns":6},{"damage":24,"enemies":"Snake Plant","floor":21,"turns":4},{"damage":25,"enemies":"Centurion and Healer","floor":22,"turns":7}],"seed_played":"2843962821869610606","potions_obtained":[{"floor":3,"key":"FocusPotion"},{"floor":4,"key":"Poison Potion"},{"floor":7,"key":"Fire Potion"},{"floor":17,"key":"SkillPotion"}],"is_trial":false,"path_per_floor":["M","M","M","M","M","R","E","R","T","R","?","M","?","$","R","B",null,"M","?","M","M","M"],"character_chosen":"DEFECT","items_purchased":["Buffer+1","Lockon"],"campfire_rested":3,"item_purchase_floors":[14,14],"current_hp_per_floor":[62,61,61,58,31,52,24,45,45,45,62,57,39,39,60,39,68,62,62,45,21,0],"gold":103,"neow_bonus":"RANDOM_COMMON_RELIC","is_prod":false,"is_daily":false,"chose_seed":false,"campfire_upgraded":1,"win_rate":0,"timestamp":1565494981,"path_taken":["M","M","M","M","M","R","E","R","T","R","?","M","?","?","R","BOSS","M","?","M","M","M"],"build_version":"2019-07-17","purchased_purges":0,"victory":false,"max_hp_per_floor":[71,71,71,71,71,71,71,71,71,71,71,71,71,71,71,71,76,76,76,76,76,76],"card_choices":[{"not_picked":["Leap","Beam Cell"],"picked":"Lockon","floor":1},{"not_picked":["Go for the Eyes","Rebound"],"picked":"Defragment","floor":2},{"not_picked":["Leap","Turbo"],"picked":"Compile Driver","floor":3},{"not_picked":["Coolheaded","Gash"],"picked":"Ball Lightning","floor":4},{"not_picked":["Leap","Gash"],"picked":"Conserve Battery","floor":5},{"not_picked":["Rebound","Darkness"],"picked":"Cold Snap","floor":7},{"not_picked":["Beam Cell","Gash"],"picked":"Auto Shields","floor":12},{"not_picked":["Buffer+1","Meteor Strike"],"picked":"Machine Learning+1","floor":16},{"not_picked":["Rebound","Force Field"],"picked":"Ball Lightning","floor":17},{"not_picked":["Redo","Gash+1"],"picked":"Core Surge","floor":18},{"not_picked":["Doom and Gloom","Ball Lightning+1"],"picked":"FTL","floor":20},{"not_picked":["Compile Driver","Beam Cell","Auto Shields"],"picked":"SKIP","floor":21}],"player_experience":1198500,"relics_obtained":[{"floor":7,"key":"Tiny Chest"},{"floor":9,"key":"Unceasing Top"}],"event_choices":[{"damage_healed":17,"gold_gain":0,"player_choice":"Healed","damage_taken":0,"max_hp_gain":0,"max_hp_loss":0,"event_name":"The Cleric","floor":11,"gold_loss":35},{"damage_healed":0,"gold_gain":0,"player_choice":"Success","damage_taken":18,"relics_obtained":["Frozen Egg 2"],"max_hp_gain":0,"max_hp_loss":0,"event_name":"Scrap Ooze","floor":13,"gold_loss":0},{"cards_removed":["Strike_B"],"damage_healed":0,"gold_gain":0,"player_choice":"Gave Gold","damage_taken":0,"max_hp_gain":0,"max_hp_loss":0,"event_name":"Beggar","floor":19,"gold_loss":75}],"is_beta":false,"boss_relics":[{"not_picked":["White Beast Statue","Lizard Tail"],"picked":"Tiny House"}],"items_purged_floors":[],"is_endless":false,"potions_floor_spawned":[3,4,7,18],"killed_by":"Centurion and Healer","ascension_level":17}