{"gold_per_floor":[111,129,140,158,158,158,190,190,217,217,9,43,43,61,61,61],"floor_reached":16,"playtime":561,"items_purged":[],"score":160,"play_id":"30a6a97f-32bc-4d14-8be7-588a41d8361a","local_time":"20180917160104","is_ascension_mode":true,"campfire_choices":[{"data":"Armaments","floor":6,"key":"SMITH"},{"floor":15,"key":"REST"}],"neow_cost":"NONE","seed_source_timestamp":380186390614025,"circlet_count":0,"master_deck":["Strike_R","Strike_R+1","Strike_R","Strike_R","Defend_R","Defend_R","Defend_R","Defend_R","Bash","Searing Blow","Armaments+1","Armaments","True Grit+1"],"relics":["Burning Blood","NeowsBlessing","Letter Opener","Shovel","Girya","Omamori","Sling","Anchor"],"potions_floor_usage":[12,16],"damage_taken":[{"damage":0,"enemies":"Jaw Worm","floor":1,"turns":1},{"damage":0,"enemies":"Small Slimes","floor":2,"turns":1},{"damage":0,"enemies":"2 Louse","floor":3,"turns":1},{"damage":11,"enemies":"Looter","floor":4,"turns":4},{"damage":24,"enemies":"3 Sentries","floor":7,"turns":12},{"damage":8,"enemies":"Gremlin Nob","floor":12,"turns":3},{"damage":3,"enemies":"Red Slaver","floor":14,"turns":6},{"damage":48,"enemies":"The Guardian","floor":16,"turns":13}],"seed_played":"-3978539046547615448","potions_obtained":[{"floor":2,"key":"Poison Potion"},{"floor":12,"key":"Energy Potion"}],"is_trial":false,"path_per_floor":["M","M","M","M","?","R","E","T","T","?","$","E","?","M","R"],"character_chosen":"IRONCLAD","items_purchased":["Sling"],"campfire_rested":1,"item_purchase_floors":[11],"current_hp_per_floor":[78,80,80,75,57,57,39,39,39,32,32,30,14,17,41,0],"gold":61,"neow_bonus":"THREE_ENEMY_KILL","is_prod":false,"is_daily":false,"chose_seed":false,"campfire_upgraded":1,"win_rate":0,"timestamp":1537214464,"path_taken":["M","M","M","M","?","R","E","?","T","?","?","E","?","M","R","BOSS"],"build_version":"2018-09-06","purchased_purges":0,"victory":false,"max_hp_per_floor":[80,80,80,80,80,80,80,80,80,80,80,80,80,80,80,80],"card_choices":[{"not_picked":["Clash","Cleave"],"picked":"Searing Blow","floor":1},{"not_picked":["Twin Strike","Infernal Blade","Pommel Strike"],"picked":"SKIP","floor":2},{"not_picked":["Twin Strike","Perfected Strike"],"picked":"Armaments","floor":3},{"not_picked":["Flex","Perfected Strike"],"picked":"Armaments","floor":4},{"not_picked":["Berserk","Body Slam","Power Through"],"picked":"SKIP","floor":7},{"not_picked":["Twin Strike","Flex"],"picked":"True Grit","floor":12},{"not_picked":["Rage","Shrug It Off","Sword Boomerang"],"picked":"SKIP","floor":14}],"player_experience":536809,"relics_obtained":[{"floor":7,"key":"Shovel"},{"floor":8,"key":"Girya"},{"floor":9,"key":"Omamori"},{"floor":12,"key":"Anchor"}],"event_choices":[{"event_name":"Scrap Ooze","player_choice":"success","floor":5,"damage_taken":18},{"event_name":"Golden Wing","player_choice":"Card Removal","floor":10,"damage_taken":0},{"event_name":"Shining Light","player_choice":"Entered Light","floor":13,"damage_taken":0}],"is_beta":false,"boss_relics":[],"items_purged_floors":[],"is_endless":false,"potions_floor_spawned":[2,12],"killed_by":"The Guardian","ascension_level":9}