{"gold_per_floor":[117,133,153,59,71,103,103,128,199,233,257,275,287,287],"floor_reached":14,"playtime":955,"items_purged":[],"score":224,"play_id":"198165a3-acfe-4797-b6da-357e4690c8d9","local_time":"20190505105136","is_ascension_mode":true,"campfire_choices":[{"floor":7,"key":"REST"}],"neow_cost":"NONE","seed_source_timestamp":952033504107180,"circlet_count":0,"master_deck":["AscendersBane","Defend_G","Defend_G+1","Defend_G+1","Defend_G","Defend_G","Strike_G","Strike_G","Strike_G","Strike_G","Strike_G","Survivor","Neutralize+1","Crippling Poison","Choke","Poisoned Stab","Footwork","Flying Knee","Backstab","Doppelganger","Escape Plan","Blur","Masterful Stab","Wraith Form v2+1","Footwork+1"],"relics":["Ring of the Snake","Bottled Tornado","Prayer Wheel","Frozen Egg 2","Boot","War Paint"],"potions_floor_usage":[2,5,6,10,13],"damage_taken":[{"damage":1,"enemies":"Cultist","floor":1,"turns":6},{"damage":4,"enemies":"Jaw Worm","floor":2,"turns":6},{"damage":0,"enemies":"2 Louse","floor":3,"turns":2},{"damage":4,"enemies":"Exordium Wildlife","floor":5,"turns":5},{"damage":28,"enemies":"Lagavulin","floor":6,"turns":10},{"damage":36,"enemies":"Gremlin Nob","floor":8,"turns":5},{"damage":16,"enemies":"3 Sentries","floor":10,"turns":14},{"damage":0,"enemies":"Looter","floor":12,"turns":4},{"damage":1,"enemies":"Lots of Slimes","floor":13,"turns":4},{"damage":5,"enemies":"Exordium Wildlife","floor":14,"turns":4}],"seed_played":"9027749011477509629","potions_obtained":[{"floor":1,"key":"Explosive Potion"},{"floor":3,"key":"GhostInAJar"},{"floor":8,"key":"Regen Potion"},{"floor":10,"key":"GamblersBrew"}],"is_trial":false,"path_per_floor":["M","M","M","$","M","E","R","E","T","E","T","M","M","M"],"character_chosen":"THE_SILENT","items_purchased":["Footwork","AttackPotion"],"campfire_rested":1,"item_purchase_floors":[4,4],"current_hp_per_floor":[58,54,54,54,50,22,41,5,5,4,4,4,3,0],"gold":287,"neow_bonus":"UPGRADE_CARD","is_prod":false,"is_daily":false,"chose_seed":false,"campfire_upgraded":0,"win_rate":0,"timestamp":1557067896,"path_taken":["M","?","M","$","M","E","R","E","T","E","?","M","M","M"],"build_version":"2019-01-23","purchased_purges":0,"victory":false,"max_hp_per_floor":[66,66,66,66,66,66,66,66,66,66,66,66,66,66],"card_choices":[{"not_picked":["Accuracy","Slice"],"picked":"Crippling Poison","floor":1},{"not_picked":["Quick Slash","Poisoned Stab"],"picked":"Choke","floor":2},{"not_picked":["Bane","Escape Plan"],"picked":"Poisoned Stab","floor":3},{"not_picked":["Choke","Phantasmal Killer"],"picked":"Flying Knee","floor":5},{"not_picked":["Unload","Skewer"],"picked":"Backstab","floor":6},{"not_picked":["Acrobatics","Caltrops"],"picked":"Doppelganger","floor":8},{"not_picked":["Prepared","Dodge and Roll"],"picked":"Escape Plan","floor":10},{"not_picked":["Concentrate","Blade Dance"],"picked":"Blur","floor":12},{"not_picked":["All Out Attack","Underhanded Strike"],"picked":"Masterful Stab","floor":12},{"not_picked":["Footwork+1","Infinite Blades+1"],"picked":"Wraith Form v2+1","floor":13},{"not_picked":["Poisoned Stab","Bane"],"picked":"Footwork+1","floor":13}],"player_experience":1430316,"relics_obtained":[{"floor":6,"key":"Bottled Tornado"},{"floor":8,"key":"Prayer Wheel"},{"floor":9,"key":"Frozen Egg 2"},{"floor":10,"key":"Boot"},{"floor":11,"key":"War Paint"}],"event_choices":[],"is_beta":false,"boss_relics":[],"items_purged_floors":[],"is_endless":false,"potions_floor_spawned":[1,3,8,10],"killed_by":"Exordium Wildlife","ascension_level":20}