{"gold_per_floor":[110,35,61,79,93,126,138,148,175,175,175,188,11,21,21,120,120,90,90,90,90,90,90,90,90,90,90,90,90,90,90,90,90,90,90,90,90,90,90,90,90,90,90,90,40,40,40,40,40,40],"floor_reached":50,"playtime":3435,"items_purged":["Strike_G","Defend_G"],"score":610,"play_id":"f80cd2aa-f5bc-44de-b03e-e228914ec223","local_time":"20180813190808","is_ascension_mode":true,"campfire_choices":[{"data":"Choke","floor":11,"key":"SMITH"},{"floor":15,"key":"REST"},{"data":"Tactician","floor":23,"key":"SMITH"},{"floor":32,"key":"REST"},{"data":"Prepared","floor":40,"key":"SMITH"},{"floor":42,"key":"REST"},{"floor":46,"key":"REST"},{"floor":49,"key":"REST"}],"neow_cost":"TEN_PERCENT_HP_LOSS","seed_source_timestamp":2848321317176992,"circlet_count":0,"master_deck":["Defend_G+1","Defend_G","Survivor","Neutralize","Choke+1","Prepared+1","Quick Slash","A Thousand Cuts","Backflip","Tactician+1","Heel Hook","Acrobatics","Calculated Gamble+1","Masterful Stab","Deflect","Reflex+1","Jack Of All Trades","Outmaneuver+1","Backflip"],"relics":["Ring of the Snake","Bronze Scales","Mummified Hand","Potion Belt","Ectoplasm","Matryoshka","Busted Crown","War Paint","Lantern","Boot","Unceasing Top"],"potions_floor_usage":[5,6,16,21,25,33,33,39,50,50,50],"damage_taken":[{"damage":0,"enemies":"Cultist","floor":1,"turns":4},{"damage":0,"enemies":"Small Slimes","floor":4,"turns":3},{"damage":2,"enemies":"Jaw Worm","floor":5,"turns":4},{"damage":16,"enemies":"3 Sentries","floor":6,"turns":11},{"damage":1,"enemies":"Red Slaver","floor":7,"turns":4},{"damage":0,"enemies":"Blue Slaver","floor":8,"turns":4},{"damage":0,"enemies":"3 Louse","floor":12,"turns":2},{"damage":9,"enemies":"Lots of Slimes","floor":14,"turns":3},{"damage":20,"enemies":"Hexaghost","floor":16,"turns":8},{"damage":1,"enemies":"2 Thieves","floor":18,"turns":2},{"damage":5,"enemies":"Shell Parasite","floor":19,"turns":3},{"damage":8,"enemies":"Cultist and Chosen","floor":21,"turns":4},{"damage":8,"enemies":"Centurion and Healer","floor":24,"turns":8},{"damage":3,"enemies":"Snecko","floor":25,"turns":3},{"damage":0,"enemies":"Cultist and Chosen","floor":29,"turns":3},{"damage":6,"enemies":"Centurion and Healer","floor":31,"turns":2},{"damage":12,"enemies":"Champ","floor":33,"turns":7},{"damage":0,"enemies":"3 Shapes","floor":35,"turns":4},{"damage":0,"enemies":"Orb Walker","floor":37,"turns":3},{"damage":0,"enemies":"Spire Growth","floor":38,"turns":2},{"damage":14,"enemies":"Transient","floor":39,"turns":5},{"damage":39,"enemies":"3 Darklings","floor":41,"turns":4},{"damage":4,"enemies":"4 Shapes","floor":44,"turns":3},{"damage":0,"enemies":"Sphere and 2 Shapes","floor":48,"turns":3},{"damage":73,"enemies":"Donu and Deca","floor":50,"turns":6}],"seed_played":"5266144013663343127","potions_obtained":[{"floor":1,"key":"PowerPotion"},{"floor":4,"key":"Swift Potion"},{"floor":7,"key":"LiquidBronze"},{"floor":16,"key":"EssenceOfSteel"},{"floor":19,"key":"Dexterity Potion"},{"floor":24,"key":"GamblersBrew"},{"floor":31,"key":"Ancient Potion"},{"floor":33,"key":"Poison Potion"},{"floor":35,"key":"LiquidBronze"},{"floor":39,"key":"SteroidPotion"}],"is_trial":false,"path_per_floor":["M","$","T","M","M","E","M","M","T","?","R","M","$","M","R","B",null,"M","M","?","M","?","R","M","M","T","?","?","M","?","M","R","B",null,"M","?","M","M","M","R","M","R","T","M","$","R","T","M","R"],"character_chosen":"THE_SILENT","items_purchased":["Heel Hook","SteroidPotion"],"campfire_rested":5,"item_purchase_floors":[13,45],"current_hp_per_floor":[63,63,63,63,61,45,44,44,44,44,44,44,44,35,53,33,56,55,50,39,31,31,31,23,20,20,20,20,20,20,14,34,22,57,57,57,57,57,43,43,4,24,24,20,20,40,40,40,60,0],"gold":40,"neow_bonus":"REMOVE_TWO","is_prod":false,"is_daily":false,"chose_seed":false,"campfire_upgraded":3,"win_rate":0,"timestamp":1534201688,"path_taken":["M","$","?","M","M","E","M","M","T","?","R","M","$","M","R","BOSS","M","M","?","M","?","R","M","?","T","?","?","M","?","?","R","BOSS","M","?","M","M","M","R","M","R","T","M","?","R","?","?","R","BOSS"],"build_version":"2018-08-09","purchased_purges":2,"victory":false,"max_hp_per_floor":[63,63,63,63,63,63,63,63,63,63,63,63,63,63,63,63,63,63,63,68,68,68,68,68,68,68,68,68,68,68,68,68,68,68,68,68,68,68,68,68,68,68,68,68,68,68,68,68,68,68],"card_choices":[{"not_picked":["Noxious Fumes","Backflip"],"picked":"Choke","floor":1},{"not_picked":["Bouncing Flask","Acrobatics"],"picked":"Prepared","floor":4},{"not_picked":["Blade Dance","Dodge and Roll"],"picked":"Quick Slash","floor":5},{"not_picked":["Cloak And Dagger","Dagger Spray"],"picked":"A Thousand Cuts","floor":6},{"not_picked":["Dagger Spray","Catalyst"],"picked":"Backflip","floor":7},{"not_picked":["Quick Slash","Underhanded Strike"],"picked":"Tactician","floor":8},{"not_picked":["Sucker Punch","Outmaneuver","Blade Dance"],"picked":"SKIP","floor":12},{"not_picked":["Choke","Cloak And Dagger"],"picked":"Acrobatics","floor":14},{"not_picked":["Backflip","Bane"],"picked":"Calculated Gamble+1","floor":18},{"not_picked":["Masterful Stab","Dagger Throw+1","Endless Agony"],"picked":"SKIP","floor":19},{"not_picked":["Poisoned Stab","Bane"],"picked":"Masterful Stab","floor":21},{"not_picked":["Distraction","Blur"],"picked":"Deflect","floor":24},{"not_picked":["All Out Attack","Deadly Poison","Dagger Throw"],"picked":"SKIP","floor":25},{"not_picked":["Flying Knee","Cloak And Dagger","PiercingWail+1"],"picked":"SKIP","floor":29},{"not_picked":["Escape Plan+1","Concentrate+1"],"picked":"Reflex","floor":31},{"not_picked":["Well Laid Plans"],"picked":"SKIP","floor":35},{"not_picked":[],"picked":"Jack Of All Trades","floor":36},{"not_picked":["Well Laid Plans"],"picked":"SKIP","floor":37},{"not_picked":["Catalyst"],"picked":"SKIP","floor":38},{"not_picked":[],"picked":"Outmaneuver+1","floor":39},{"not_picked":["Cloak And Dagger"],"picked":"SKIP","floor":41},{"not_picked":[],"picked":"Backflip","floor":44},{"not_picked":["Blade Dance+1"],"picked":"SKIP","floor":48}],"player_experience":432300,"relics_obtained":[{"floor":3,"key":"Bronze Scales"},{"floor":6,"key":"Mummified Hand"},{"floor":9,"key":"Potion Belt"},{"floor":26,"key":"Matryoshka"},{"floor":43,"key":"War Paint"},{"floor":43,"key":"Lantern"},{"floor":47,"key":"Boot"},{"floor":47,"key":"Unceasing Top"}],"event_choices":[{"event_name":"Purifier","player_choice":"One Purge","floor":10,"damage_taken":0},{"event_name":"Forgotten Altar","player_choice":"Shed Blood","floor":20,"damage_taken":0},{"event_name":"Back to Basics","player_choice":"Elegance","floor":22,"damage_taken":0},{"event_name":"Purifier","player_choice":"One Purge","floor":27,"damage_taken":0},{"event_name":"Bonfire Elementals","player_choice":"BASIC","floor":28,"damage_taken":0},{"event_name":"Vampires","player_choice":"Ignored","floor":30,"damage_taken":0},{"event_name":"SensoryStone","player_choice":"Memory 1","floor":36,"damage_taken":0}],"is_beta":false,"boss_relics":[{"not_picked":["Orrery","Velvet Choker"],"picked":"Ectoplasm"},{"not_picked":["Sozu","WristBlade"],"picked":"Busted Crown"}],"items_purged_floors":[2,13],"is_endless":false,"potions_floor_spawned":[1,4,7,16,19,24,31,33,35,39],"killed_by":"Donu and Deca","ascension_level":7}