{"gold_per_floor":[13,27,43,43,60,60,73,106,130,5,5,21,33,33,33,104,104,115,165,9,34,47,82,82,143,167,167,180,180,180,180,180,257,257,267,267,282,33,47,47,0,0,25,1,1],"floor_reached":45,"playtime":1768,"items_purged":["Pain","Defend_B"],"score":837,"play_id":"957b2f22-4dbb-4ada-9dbf-88bdffacd7bb","local_time":"20190723083327","is_ascension_mode":true,"campfire_choices":[{"data":"Streamline","floor":6,"key":"SMITH"},{"floor":11,"key":"REST"},{"floor":15,"key":"REST"},{"floor":24,"key":"REST"},{"floor":27,"key":"REST"},{"floor":30,"key":"REST"},{"floor":32,"key":"REST"},{"floor":40,"key":"REST"},{"floor":42,"key":"REST"}],"neow_cost":"NO_GOLD","seed_source_timestamp":45322698160740,"circlet_count":0,"master_deck":["AscendersBane","Strike_B","Strike_B+1","Strike_B+1","Defend_B","Defend_B","Defend_B","Zap","Dualcast","Streamline+1","Hologram+1","BootSequence","Auto Shields","Electrodynamics","Ball Lightning","Skim","Machine Learning","Stack+1","Defragment","Glacier","Cold Snap","Sweeping Beam","Rainbow","Coolheaded","Defragment","FTL+1","Fusion+1","Reinforced Body","Hologram"],"relics":["FrozenCore","Dead Branch","WarpedTongs","Potion Belt","Whetstone","Lizard Tail","PreservedInsect","War Paint","Vajra","Tiny Chest","Orichalcum","Dream Catcher","Red Mask","DataDisk"],"potions_floor_usage":[8,16,16,16,29,45],"damage_taken":[{"damage":6,"enemies":"Jaw Worm","floor":1,"turns":4},{"damage":1,"enemies":"Cultist","floor":2,"turns":3},{"damage":0,"enemies":"Small Slimes","floor":3,"turns":3},{"damage":13,"enemies":"Red Slaver","floor":5,"turns":3},{"damage":7,"enemies":"Exordium Thugs","floor":7,"turns":3},{"damage":3,"enemies":"3 Sentries","floor":8,"turns":5},{"damage":0,"enemies":"Blue Slaver","floor":12,"turns":3},{"damage":8,"enemies":"Large Slime","floor":13,"turns":3},{"damage":37,"enemies":"Hexaghost","floor":16,"turns":9},{"damage":25,"enemies":"Spheric Guardian","floor":18,"turns":4},{"damage":3,"enemies":"Chosen","floor":22,"turns":4},{"damage":53,"enemies":"Gremlin Leader","floor":23,"turns":7},{"damage":35,"enemies":"Slavers","floor":25,"turns":5},{"damage":12,"enemies":"3 Cultists","floor":28,"turns":3},{"damage":0,"enemies":"Centurion and Healer","floor":29,"turns":1},{"damage":51,"enemies":"Collector","floor":33,"turns":15},{"damage":6,"enemies":"3 Shapes","floor":35,"turns":3},{"damage":0,"enemies":"Orb Walker","floor":37,"turns":5},{"damage":42,"enemies":"Jaw Worm Horde","floor":39,"turns":6},{"damage":72,"enemies":"Reptomancer","floor":45,"turns":3}],"seed_played":"-5340831669059716073","potions_obtained":[{"floor":1,"key":"Weak Potion"},{"floor":2,"key":"Block Potion"},{"floor":12,"key":"SpeedPotion"},{"floor":22,"key":"SmokeBomb"},{"floor":37,"key":"Explosive Potion"},{"floor":39,"key":"Fire Potion"}],"is_trial":false,"path_per_floor":["M","M","M","?","M","R","M","E","T","$","R","M","M","?","R","B",null,"M","?","$","T","M","E","R","E","T","R","M","M","R","?","R","B",null,"M","?","M","$","M","R","?","R","T","$","E"],"character_chosen":"DEFECT","items_purchased":["Swift Potion","PreservedInsect","Dream Catcher","Hologram"],"campfire_rested":8,"item_purchase_floors":[10,20,38,44],"current_hp_per_floor":[58,57,57,57,44,44,37,34,34,34,55,55,47,47,68,31,61,36,36,36,36,33,15,36,1,1,22,10,10,31,31,52,1,54,48,48,48,48,6,27,27,48,48,48,0],"gold":1,"neow_bonus":"ONE_RARE_RELIC","is_prod":false,"is_daily":false,"chose_seed":false,"campfire_upgraded":1,"win_rate":0,"timestamp":1563834807,"path_taken":["M","M","M","?","M","R","M","E","T","?","R","M","M","?","R","BOSS","M","?","$","?","M","E","R","E","T","R","?","M","R","?","R","BOSS","M","?","M","?","M","R","?","R","T","$","E"],"build_version":"2019-07-17","purchased_purges":2,"victory":false,"max_hp_per_floor":[71,71,71,71,71,71,71,71,71,71,71,71,71,71,71,71,71,71,71,71,71,71,71,71,71,71,71,71,71,71,71,71,71,71,71,71,71,71,71,71,71,71,71,71,71],"card_choices":[{"not_picked":["Ball Lightning","FTL"],"picked":"Streamline","floor":1},{"not_picked":["Barrage","Loop"],"picked":"Hologram","floor":2},{"not_picked":["Storm","Hologram","Barrage"],"picked":"SKIP","floor":3},{"not_picked":["Redo","Barrage"],"picked":"BootSequence","floor":5},{"not_picked":["Go for the Eyes","Rebound"],"picked":"Auto Shields","floor":7},{"not_picked":["Sweeping Beam","Loop"],"picked":"Electrodynamics","floor":8},{"not_picked":["Coolheaded","Rip and Tear"],"picked":"Ball Lightning","floor":12},{"not_picked":["Storm","Barrage"],"picked":"Skim","floor":13},{"not_picked":["Fission","Seek"],"picked":"Machine Learning","floor":16},{"not_picked":["Compile Driver","Chaos"],"picked":"Stack","floor":18},{"not_picked":["FTL","Go for the Eyes"],"picked":"Defragment","floor":22},{"not_picked":["Beam Cell","Go for the Eyes"],"picked":"Sunder","floor":23},{"not_picked":["Streamline","Redo"],"picked":"Go for the Eyes","floor":25},{"not_picked":["Coolheaded","Doom and Gloom"],"picked":"Glacier","floor":28},{"not_picked":["All For One","Hyperbeam"],"picked":"Rainbow","floor":33},{"not_picked":["Redo","Heatsinks"],"picked":"Coolheaded","floor":35},{"not_picked":["Genetic Algorithm","Go for the Eyes"],"picked":"FTL+1","floor":37},{"not_picked":["Leap","Steam"],"picked":"Fusion+1","floor":39},{"not_picked":["Steam+1","Stack"],"picked":"Reinforced Body","floor":40}],"player_experience":1076817,"relics_obtained":[{"floor":8,"key":"Potion Belt"},{"floor":9,"key":"Whetstone"},{"floor":21,"key":"War Paint"},{"floor":23,"key":"Vajra"},{"floor":25,"key":"Tiny Chest"},{"floor":26,"key":"Orichalcum"},{"floor":43,"key":"DataDisk"}],"event_choices":[{"damage_healed":0,"gold_gain":0,"player_choice":"Rummage","damage_taken":0,"relics_obtained":["WarpedTongs"],"max_hp_gain":0,"max_hp_loss":0,"event_name":"Accursed Blacksmith","floor":4,"gold_loss":0,"cards_obtained":["Pain"]},{"cards_removed":["Strike_B"],"damage_healed":0,"gold_gain":0,"player_choice":"Purged","damage_taken":0,"max_hp_gain":0,"max_hp_loss":0,"event_name":"Purifier","floor":14,"gold_loss":0},{"damage_healed":0,"gold_gain":100,"player_choice":"Bet on Murderer","damage_taken":0,"max_hp_gain":0,"max_hp_loss":0,"event_name":"The Joust","floor":19,"gold_loss":50},{"damage_healed":0,"gold_gain":0,"cards_transformed":["Sunder","Go for the Eyes"],"player_choice":"Became Test Subject","damage_taken":0,"max_hp_gain":0,"max_hp_loss":0,"event_name":"Drug Dealer","floor":31,"gold_loss":0,"cards_obtained":["Cold Snap","Sweeping Beam"]},{"damage_healed":0,"gold_gain":0,"player_choice":"Copied","damage_taken":0,"max_hp_gain":0,"max_hp_loss":0,"event_name":"Duplicator","floor":36,"gold_loss":0,"cards_obtained":["Defragment"]},{"damage_healed":0,"gold_gain":0,"player_choice":"Paid","damage_taken":0,"relics_obtained":["Red Mask"],"max_hp_gain":0,"max_hp_loss":0,"event_name":"Tomb of Lord Red Mask","floor":41,"gold_loss":47}],"is_beta":false,"boss_relics":[{"not_picked":["Calling Bell","Empty Cage"],"picked":"Lizard Tail"},{"not_picked":["Tiny House","Orrery"],"picked":"FrozenCore"}],"items_purged_floors":[10,38],"is_endless":false,"potions_floor_spawned":[1,2,5,7,12,22,29,37,39],"killed_by":"Reptomancer","ascension_level":15}