{"gold_per_floor":[110,74,74,24,34,34,68,68,94,107,118,118,130,145,145,246,246,266,279,298,135,60,60,74,74,125,25,41,41,41,41,41,137,137,157,107,120,131,81,81,91,123,123,169,187,187],"floor_reached":46,"playtime":2585,"items_purged":["Strike_R","Strike_R","Strike_R","Defend_R"],"score":657,"play_id":"654e4a63-5d66-438c-8de0-b0eb62f487de","local_time":"20180719202912","is_ascension_mode":true,"campfire_choices":[{"data":"Armaments","floor":6,"key":"SMITH"},{"data":"Body Slam","floor":8,"key":"SMITH"},{"data":"Body Slam","floor":12,"key":"SMITH"},{"data":"Rage","floor":15,"key":"SMITH"},{"data":"Barricade","floor":23,"key":"SMITH"},{"data":"Jack Of All Trades","floor":25,"key":"SMITH"},{"data":"Ghostly Armor","floor":29,"key":"SMITH"},{"data":"Flame Barrier","floor":32,"key":"SMITH"},{"data":"Juggernaut","floor":40,"key":"SMITH"}],"neow_cost":"NONE","seed_source_timestamp":693993671244148,"circlet_count":0,"master_deck":["Defend_R","Defend_R+1","Defend_R","Bash","Armaments+1","Body Slam+1","Flame Barrier+1","Iron Wave","Body Slam+1","Iron Wave","Rage+1","Clash","Barricade+1","Shrug It Off+1","Jack Of All Trades+1","Ghostly Armor+1","Writhe","Ghostly","Ghostly","Ghostly","Ghostly","Ghostly","Juggernaut+1","Battle Trance","Shrug It Off+1","Shockwave+1","Uppercut+1"],"relics":["Burning Blood","Art of War","Bag of Preparation","Coffee Dripper","War Paint","Smiling Mask","Eternal Feather","Molten Egg 2","Pantograph","Du-Vu Doll"],"potions_floor_usage":[16,16,20,38],"damage_taken":[{"damage":9,"enemies":"Jaw Worm","floor":1,"turns":4},{"damage":0,"enemies":"Cultist","floor":5,"turns":3},{"damage":38,"enemies":"Lagavulin","floor":7,"turns":11},{"damage":7,"enemies":"Small Slimes","floor":10,"turns":3},{"damage":0,"enemies":"Exordium Wildlife","floor":11,"turns":4},{"damage":0,"enemies":"Blue Slaver","floor":13,"turns":4},{"damage":0,"enemies":"3 Louse","floor":14,"turns":3},{"damage":28,"enemies":"Hexaghost","floor":16,"turns":8},{"damage":0,"enemies":"Chosen","floor":18,"turns":3},{"damage":13,"enemies":"3 Byrds","floor":19,"turns":5},{"damage":45,"enemies":"Cultist and Chosen","floor":20,"turns":9},{"damage":0,"enemies":"Centurion and Healer","floor":24,"turns":4},{"damage":7,"enemies":"Snake Plant","floor":28,"turns":3},{"damage":0,"enemies":"Champ","floor":33,"turns":9},{"damage":0,"enemies":"3 Darklings","floor":35,"turns":8},{"damage":6,"enemies":"Orb Walker","floor":37,"turns":6},{"damage":0,"enemies":"Transient","floor":38,"turns":5},{"damage":8,"enemies":"3 Darklings","floor":41,"turns":7},{"damage":21,"enemies":"Nemesis","floor":42,"turns":5},{"damage":0,"floor":44,"turns":7},{"damage":28,"enemies":"Sphere and 2 Shapes","floor":45,"turns":8},{"damage":7,"enemies":"Flame Bruiser 2 Orb","floor":46,"turns":4}],"seed_played":"-3107759523822386304","potions_obtained":[{"floor":3,"key":"LiquidBronze"},{"floor":3,"key":"SpeedPotion"},{"floor":3,"key":"Explosive Potion"},{"floor":16,"key":"EssenceOfSteel"},{"floor":18,"key":"Ancient Potion"},{"floor":33,"key":"LiquidBronze"},{"floor":37,"key":"Poison Potion"},{"floor":44,"key":"SpeedPotion"}],"is_trial":false,"path_per_floor":["M","$","?","?","M","R","E","R","T","M","M","R","M","M","R","B",null,"M","M","M","$","?","R","M","R","T","$","M","R","?","?","R","B",null,"M","$","M","M","$","R","M","E","T","?","M"],"character_chosen":"IRONCLAD","items_purchased":["Flame Barrier","Jack Of All Trades"],"campfire_rested":0,"item_purchase_floors":[2,21],"current_hp_per_floor":[77,77,77,77,80,80,48,48,48,47,53,53,59,65,65,43,80,80,73,34,34,34,34,40,40,40,40,39,39,39,39,39,40,40,40,40,40,40,40,40,38,23,23,29,7,0],"gold":187,"neow_bonus":"THREE_CARDS","is_prod":false,"is_daily":false,"chose_seed":false,"campfire_upgraded":9,"win_rate":0,"timestamp":1532046552,"path_taken":["M","$","?","?","M","R","E","R","T","M","M","R","M","M","R","BOSS","M","M","?","$","?","R","M","R","T","$","M","R","?","?","R","BOSS","M","$","M","M","$","R","M","E","T","?","M","?"],"build_version":"2018-07-12","purchased_purges":4,"victory":false,"max_hp_per_floor":[80,80,80,80,80,80,80,80,80,80,80,80,80,80,80,80,80,80,80,80,80,80,80,80,80,80,80,80,80,80,40,40,40,40,40,40,40,40,40,40,40,40,40,40,40,40],"card_choices":[{"not_picked":["Flex","Seeing Red"],"picked":"Armaments","floor":0},{"not_picked":["Carnage","Rupture"],"picked":"Body Slam","floor":1},{"not_picked":["Battle Trance","Intimidate"],"picked":"Iron Wave","floor":5},{"not_picked":["Flex","Exhume"],"picked":"Body Slam","floor":7},{"not_picked":["Havoc","Thunderclap"],"picked":"Iron Wave","floor":10},{"not_picked":["Thunderclap","Cleave","Pummel"],"picked":"SKIP","floor":11},{"not_picked":["Wild Strike","Cleave"],"picked":"Rage","floor":13},{"not_picked":["Anger","Reaper"],"picked":"Clash","floor":14},{"not_picked":["Immolate","Demon Form"],"picked":"Barricade","floor":16},{"not_picked":["Seeing Red","True Grit"],"picked":"Shrug It Off","floor":18},{"not_picked":["Havoc+1","Power Through","Carnage+1"],"picked":"SKIP","floor":19},{"not_picked":["Headbutt","True Grit","Second Wind"],"picked":"SKIP","floor":20},{"not_picked":["Heavy Blade+1","Carnage+1","Hemokinesis"],"picked":"SKIP","floor":24},{"not_picked":["Hemokinesis","Sword Boomerang+1"],"picked":"Ghostly Armor","floor":28},{"not_picked":["Barricade","Immolate"],"picked":"Juggernaut","floor":33},{"not_picked":["Sentinel+1","Wild Strike"],"picked":"Battle Trance","floor":35},{"not_picked":["Reckless Charge+1","Havoc"],"picked":"Shrug It Off+1","floor":37},{"not_picked":["Anger","Headbutt","Pommel Strike"],"picked":"SKIP","floor":38},{"not_picked":["True Grit","Wild Strike+1"],"picked":"Shockwave+1","floor":41},{"not_picked":["Battle Trance+1","Rampage","Clothesline+1"],"picked":"SKIP","floor":42},{"not_picked":["Evolve+1","Havoc+1"],"picked":"Uppercut+1","floor":44},{"not_picked":["Headbutt+1","Cleave+1","Havoc"],"picked":"SKIP","floor":45}],"player_experience":298444,"relics_obtained":[{"floor":7,"key":"Art of War"},{"floor":9,"key":"Bag of Preparation"},{"floor":26,"key":"War Paint"},{"floor":42,"key":"Molten Egg 2"},{"floor":43,"key":"Pantograph"},{"floor":44,"key":"Du-Vu Doll"}],"event_choices":[{"event_name":"The Lab","player_choice":"Got Potions","floor":3,"damage_taken":0},{"event_name":"The Cleric","player_choice":"Card Removal","floor":4,"damage_taken":0},{"event_name":"Beggar","player_choice":"Gave Gold","floor":22,"damage_taken":0},{"event_name":"The Mausoleum","player_choice":"Yes","floor":30,"damage_taken":0},{"event_name":"Ghosts","player_choice":"Became a Ghost","floor":31,"damage_taken":0},{"event_name":"Mysterious Sphere","player_choice":"Fight","floor":44,"damage_taken":0}],"boss_relics":[{"not_picked":["Black Star","Runic Pyramid"],"picked":"Coffee Dripper"},{"not_picked":["Calling Bell","Astrolabe"],"picked":"Eternal Feather"}],"items_purged_floors":[21,27,36,39],"is_endless":false,"potions_floor_spawned":[7,10,13,16,18,33,37,44],"killed_by":"Flame Bruiser 2 Orb","ascension_level":4}