{"gold_per_floor":[114,114,74,92,106,106,133,133,133,146,146],"floor_reached":11,"playtime":606,"items_purged":[],"score":146,"play_id":"25e59fd9-0cf2-42b6-b86a-20267173224f","local_time":"20190430215306","is_ascension_mode":true,"campfire_choices":[{"data":"Poisoned Stab","floor":6,"key":"SMITH"},{"floor":8,"key":"REST"}],"neow_cost":"NONE","seed_source_timestamp":560035813503487,"circlet_count":0,"master_deck":["AscendersBane","Defend_G","Defend_G","Defend_G","Defend_G","Defend_G","Strike_G","Strike_G","Strike_G","Strike_G","Strike_G","Survivor","Neutralize","PiercingWail","Footwork","Poisoned Stab+1","Sucker Punch","Glass Knife","Dodge and Roll"],"relics":["Ring of the Snake","Sundial","Bottled Tornado"],"potions_floor_usage":[7,7],"damage_taken":[{"damage":1,"enemies":"2 Louse","floor":1,"turns":3},{"damage":0,"enemies":"Cultist","floor":4,"turns":5},{"damage":5,"enemies":"Small Slimes","floor":5,"turns":5},{"damage":41,"enemies":"3 Sentries","floor":7,"turns":12},{"damage":4,"enemies":"Blue Slaver","floor":10,"turns":4},{"damage":38,"enemies":"Gremlin Nob","floor":11,"turns":4}],"seed_played":"3684051253336909491","potions_obtained":[{"floor":2,"key":"SkillPotion"},{"floor":2,"key":"GamblersBrew"},{"floor":4,"key":"SpeedPotion"},{"floor":5,"key":"FearPotion"}],"is_trial":false,"path_per_floor":["M","?","$","M","M","R","E","R","T","M","E"],"character_chosen":"THE_SILENT","items_purchased":["Footwork"],"campfire_rested":1,"item_purchase_floors":[3],"current_hp_per_floor":[64,64,64,64,59,59,18,39,39,35,0],"gold":146,"neow_bonus":"TEN_PERCENT_HP_BONUS","is_prod":false,"is_daily":false,"chose_seed":false,"campfire_upgraded":1,"win_rate":0,"timestamp":1556675586,"path_taken":["M","?","?","M","M","R","E","R","T","M","E"],"build_version":"2019-01-23","purchased_purges":0,"victory":false,"max_hp_per_floor":[72,72,72,72,72,72,72,72,72,72,72],"card_choices":[{"not_picked":["Acrobatics","Prepared"],"picked":"PiercingWail","floor":1},{"not_picked":["Flying Knee","Slice"],"picked":"Poisoned Stab","floor":4},{"not_picked":["Backflip","PiercingWail"],"picked":"Sucker Punch","floor":5},{"not_picked":["Venomology","Heel Hook"],"picked":"Glass Knife","floor":7},{"not_picked":["Distraction","Endless Agony"],"picked":"Dodge and Roll","floor":10}],"player_experience":1332445,"relics_obtained":[{"floor":7,"key":"Sundial"},{"floor":9,"key":"Bottled Tornado"}],"event_choices":[{"damage_healed":0,"gold_gain":0,"player_choice":"Got Potions","damage_taken":0,"max_hp_gain":0,"max_hp_loss":0,"event_name":"Lab","floor":2,"gold_loss":0}],"is_beta":false,"boss_relics":[],"items_purged_floors":[],"is_endless":false,"potions_floor_spawned":[4,5],"killed_by":"Gremlin Nob","ascension_level":20}