{"gold_per_floor":[109,125,125,143,143,143,174,185,236,252,264,264,294],"floor_reached":13,"playtime":342,"items_purged":[],"score":129,"play_id":"bc188b51-6d62-4620-8ac6-c4b269593213","local_time":"20190426192101","is_ascension_mode":true,"campfire_choices":[{"data":"Bash","floor":6,"key":"SMITH"},{"data":"Feed","floor":12,"key":"SMITH"}],"neow_cost":"NONE","seed_source_timestamp":82520287900861,"circlet_count":0,"master_deck":["Strike_R","Strike_R","Strike_R","Strike_R","Strike_R","Defend_R","Defend_R","Defend_R","Defend_R","Bash+1","Infernal Blade","Feed+1","Shrug It Off","Feed+1","Body Slam","Cleave","Flex"],"relics":["Burning Blood","NeowsBlessing","Question Card","Art of War"],"potions_floor_usage":[13,13,13],"damage_taken":[{"damage":0,"enemies":"Jaw Worm","floor":1,"turns":1},{"damage":0,"enemies":"2 Louse","floor":2,"turns":1},{"damage":0,"enemies":"Cultist","floor":4,"turns":1},{"damage":44,"enemies":"Gremlin Nob","floor":7,"turns":5},{"damage":9,"enemies":"2 Fungi Beasts","floor":8,"turns":3},{"damage":9,"enemies":"Looter","floor":10,"turns":3},{"damage":32,"enemies":"Gremlin Gang","floor":11,"turns":5},{"damage":40,"enemies":"Lagavulin Event","floor":13,"turns":5}],"seed_played":"1891373068452469849","potions_obtained":[{"floor":2,"key":"Dexterity Potion"},{"floor":8,"key":"Swift Potion"},{"floor":11,"key":"Energy Potion"}],"is_trial":false,"path_per_floor":["M","M","?","M","?","R","E","M","T","M","M","R","?"],"character_chosen":"IRONCLAD","items_purchased":[],"campfire_rested":0,"item_purchase_floors":[],"current_hp_per_floor":[80,80,80,83,83,83,45,49,49,50,31,31,0],"gold":294,"neow_bonus":"THREE_ENEMY_KILL","is_prod":false,"is_daily":false,"chose_seed":false,"campfire_upgraded":2,"win_rate":0,"timestamp":1556270461,"path_taken":["M","M","?","M","?","R","E","M","T","?","M","R","?"],"build_version":"2019-01-23","purchased_purges":0,"victory":false,"max_hp_per_floor":[80,80,80,83,83,83,83,90,90,94,101,101,101],"card_choices":[{"not_picked":["Pommel Strike","Cleave"],"picked":"Infernal Blade","floor":1},{"not_picked":["Body Slam","Flame Barrier"],"picked":"Feed","floor":2},{"not_picked":["Clash","Anger"],"picked":"Shrug It Off","floor":4},{"not_picked":["Cleave","Rupture"],"picked":"Feed","floor":7},{"not_picked":["Clothesline","Fire Breathing","Metallicize"],"picked":"Body Slam","floor":8},{"not_picked":["Feel No Pain","Burning Pact","Flex"],"picked":"Cleave","floor":10},{"not_picked":["Headbutt","Warcry","Body Slam"],"picked":"Flex","floor":11}],"player_experience":491604,"relics_obtained":[{"floor":7,"key":"Question Card"},{"floor":9,"key":"Art of War"}],"event_choices":[{"damage_healed":0,"gold_gain":0,"player_choice":"Leave","damage_taken":0,"max_hp_gain":0,"max_hp_loss":0,"event_name":"The Cleric","floor":3,"gold_loss":0},{"damage_healed":0,"gold_gain":0,"player_choice":"Upgraded","damage_taken":0,"max_hp_gain":0,"max_hp_loss":0,"event_name":"Upgrade Shrine","floor":5,"gold_loss":0,"cards_upgraded":["Feed"]},{"damage_healed":0,"gold_gain":30,"player_choice":"Searched \u00272\u0027 times","damage_taken":0,"max_hp_gain":0,"max_hp_loss":0,"event_name":"Dead Adventurer","floor":13,"gold_loss":0}],"is_beta":false,"boss_relics":[],"items_purged_floors":[],"is_endless":false,"potions_floor_spawned":[2,8,11],"killed_by":"Lagavulin Event","ascension_level":4}