{"gold_per_floor":[214,14,25,39,59,86,105,105,157,157,157,172,204,215,215,316,316,335,187,200,200,200,229,242,242,242,242,254,254,264,275,275,373,373,389,60,60,79,96,130,130,150,173,173,206,220,230,246,246,246],"floor_reached":51,"playtime":4114,"items_purged":["Strike_R","Strike_R"],"score":795,"play_id":"c46105a6-11b2-4b4f-a3e5-95a5bf78f410","local_time":"20190605191928","is_ascension_mode":false,"campfire_choices":[{"data":"Feed","floor":8.0,"key":"SMITH"},{"data":"Pommel Strike","floor":11.0,"key":"SMITH"},{"data":"Inflame","floor":15.0,"key":"SMITH"},{"floor":25.0,"key":"REST"},{"data":"Flame Barrier","floor":27.0,"key":"SMITH"},{"data":"Offering","floor":29.0,"key":"SMITH"},{"floor":32.0,"key":"REST"},{"data":"Demon Form","floor":41.0,"key":"SMITH"},{"floor":44.0,"key":"REST"},{"floor":49,"key":"REST"}],"neow_cost":"NONE","seed_source_timestamp":0,"circlet_count":0,"master_deck":["Defend_R","Defend_R","Defend_R","Bash","Flame Barrier+1","Feed+1","Pommel Strike+1","Twin Strike","Shrug It Off","Intimidate","Cleave","Pummel","Shrug It Off","Inflame+1","Offering+1","Thunderclap+1","Dark Embrace+1","Metallicize+1","Headbutt+1","Flex","Warcry+1","Reaper","Rampage","Pommel Strike+1","Demon Form+1","Iron Wave+1","Clothesline+1","Fire Breathing","Anger","Seeing Red+1"],"special_seed":0,"relics":["Burning Blood","Bag of Preparation","Potion Belt","Mercury Hourglass","Astrolabe","Dream Catcher","Bottled Flame","Lizard Tail","Gremlin Horn","Orichalcum","Centennial Puzzle","Pantograph"],"potions_floor_usage":[47,50],"damage_taken":[{"damage":10.0,"enemies":"Jaw Worm","floor":1.0,"turns":4.0},{"damage":0.0,"enemies":"2 Louse","floor":3.0,"turns":3.0},{"damage":2.0,"enemies":"Small Slimes","floor":4.0,"turns":3.0},{"damage":7.0,"enemies":"Blue Slaver","floor":5.0,"turns":4.0},{"damage":18.0,"enemies":"Gremlin Nob","floor":6.0,"turns":5.0},{"damage":3.0,"enemies":"3 Louse","floor":7.0,"turns":4.0},{"damage":2.0,"enemies":"Exordium Thugs","floor":12.0,"turns":5.0},{"damage":22.0,"enemies":"Lagavulin","floor":13.0,"turns":6.0},{"damage":0.0,"enemies":"2 Fungi Beasts","floor":14.0,"turns":2.0},{"damage":0.0,"enemies":"Slime Boss","floor":16.0,"turns":7.0},{"damage":8.0,"enemies":"Shell Parasite","floor":18.0,"turns":4.0},{"damage":8.0,"enemies":"Chosen","floor":20.0,"turns":3.0},{"damage":25.0,"enemies":"Book of Stabbing","floor":23.0,"turns":4.0},{"damage":10.0,"enemies":"Centurion and Healer","floor":24.0,"turns":6.0},{"damage":5.0,"enemies":"Chosen and Byrds","floor":28.0,"turns":6.0},{"damage":2.0,"enemies":"3 Cultists","floor":30.0,"turns":3.0},{"damage":21.0,"enemies":"Centurion and Healer","floor":31.0,"turns":5.0},{"damage":80.0,"enemies":"Collector","floor":33.0,"turns":10.0},{"damage":17.0,"enemies":"3 Darklings","floor":35.0,"turns":4.0},{"damage":7.0,"enemies":"3 Shapes","floor":38.0,"turns":1.0},{"damage":18.0,"enemies":"3 Darklings","floor":39.0,"turns":3.0},{"damage":48.0,"enemies":"Reptomancer","floor":40.0,"turns":4.0},{"damage":31.0,"enemies":"Transient","floor":42.0,"turns":5.0},{"damage":47.0,"enemies":"Giant Head","floor":45.0,"turns":7.0},{"damage":49.0,"enemies":"Spire Growth","floor":46.0,"turns":5.0},{"damage":20,"enemies":"Jaw Worm Horde","floor":47,"turns":3},{"damage":13,"enemies":"4 Shapes","floor":48,"turns":6},{"damage":114,"enemies":"Donu and Deca","floor":50,"turns":11}],"seed_played":"8074818821675682623","potions_obtained":[{"floor":4.0,"key":"SkillPotion"},{"floor":5.0,"key":"SkillPotion"},{"floor":12.0,"key":"Dexterity Potion"},{"floor":13.0,"key":"Fire Potion"},{"floor":14.0,"key":"SkillPotion"},{"floor":24.0,"key":"Block Potion"},{"floor":30.0,"key":"GamblersBrew"},{"floor":31.0,"key":"GamblersBrew"},{"floor":40.0,"key":"EssenceOfSteel"},{"floor":42.0,"key":"Weak Potion"},{"floor":45.0,"key":"BloodPotion"},{"floor":46.0,"key":"Explosive Potion"}],"is_trial":false,"path_per_floor":["M","$","M","M","M","E","M","R","T","?","R","M","E","M","R","B",null,"M","$","M","?","?","E","M","R","T","R","M","R","M","M","R","B",null,"M","$","?","M","M","E","R","M","T","R","E","M","M","M","R","B",null],"character_chosen":"IRONCLAD","items_purchased":["Feed","Pommel Strike","Flex","Gremlin Horn","Rampage"],"campfire_rested":4,"item_purchase_floors":[2,2,19,36,36],"current_hp_per_floor":[76,76,83,86,88,76,82,82,82,75,75,83,71,81,81,87,104,102,102,104,82,82,63,63,98,98,98,103,103,111,96,125,51,125,125,125,119,118,119,92,92,74,74,109,68,36,28,33,71,69],"gold":246,"neow_bonus":"HUNDRED_GOLD","is_prod":false,"is_daily":false,"chose_seed":false,"campfire_upgraded":6,"win_rate":0.0,"timestamp":1559755168,"path_taken":["M","$","M","M","M","E","M","R","T","?","R","M","E","M","R","BOSS","M","$","M","?","?","E","M","R","T","R","M","R","M","M","R","BOSS","M","$","?","M","M","E","R","M","T","R","E","M","M","M","R","BOSS"],"build_version":"2019-01-23","purchased_purges":2,"victory":true,"max_hp_per_floor":[80,80,83,86,89,89,92,92,92,92,92,96,100,104,104,104,104,104,104,108,113,113,113,117,117,117,117,121,121,125,125,125,125,125,125,125,119,119,119,119,119,119,119,119,119,119,123,127,127,127],"card_choices":[{"not_picked":["Body Slam","Perfected Strike"],"picked":"Flame Barrier","floor":1.0},{"not_picked":["Iron Wave","Combust"],"picked":"Twin Strike","floor":3.0},{"not_picked":["Heavy Blade","Warcry"],"picked":"Shrug It Off","floor":4.0},{"not_picked":["Clash","Clothesline"],"picked":"Intimidate","floor":5.0},{"not_picked":["Reckless Charge","Brutality","Uppercut"],"picked":"SKIP","floor":6.0},{"not_picked":["Rage","Entrench"],"picked":"Cleave","floor":7.0},{"not_picked":["True Grit","Anger"],"picked":"Pummel","floor":12.0},{"not_picked":["Sever Soul","Anger"],"picked":"Shrug It Off","floor":13.0},{"not_picked":["Body Slam","Headbutt"],"picked":"Inflame","floor":14.0},{"not_picked":["Feed","Dark Embrace"],"picked":"Offering","floor":16.0},{"not_picked":["Flame Barrier","Iron Wave"],"picked":"Headbutt+1","floor":18.0},{"not_picked":["Headbutt","Body Slam","Entrench"],"picked":"SKIP","floor":20.0},{"not_picked":["Bludgeon","Clothesline","Cleave"],"picked":"SKIP","floor":23.0},{"not_picked":["Flame Barrier","Flex","Burning Pact"],"picked":"SKIP","floor":24.0},{"not_picked":["Flame Barrier+1","True Grit","Headbutt"],"picked":"SKIP","floor":28.0},{"not_picked":["Seeing Red","Headbutt"],"picked":"Warcry+1","floor":30.0},{"not_picked":["Shrug It Off","Headbutt","Perfected Strike"],"picked":"SKIP","floor":31.0},{"not_picked":["Berserk","Offering"],"picked":"Reaper","floor":33.0},{"not_picked":["Armaments","Sever Soul","Burning Pact"],"picked":"SKIP","floor":35.0},{"not_picked":["Carnage","Warcry"],"picked":"Pommel Strike+1","floor":38.0},{"not_picked":["Headbutt","Dual Wield+1","Corruption+1"],"picked":"SKIP","floor":39.0},{"not_picked":["Armaments+1","Feel No Pain"],"picked":"Demon Form","floor":40.0},{"not_picked":["Searing Blow+1","Perfected Strike"],"picked":"Iron Wave+1","floor":42.0},{"not_picked":["Body Slam","Perfected Strike+1"],"picked":"Clothesline+1","floor":44.0},{"not_picked":["Cleave","Dropkick"],"picked":"Fire Breathing","floor":45.0},{"not_picked":["Armaments+1","Perfected Strike"],"picked":"Anger","floor":46.0},{"not_picked":["Headbutt+1","Juggernaut","Iron Wave"],"picked":"SKIP","floor":47},{"not_picked":["Thunderclap+1","Pommel Strike+1","True Grit+1"],"picked":"SKIP","floor":48},{"not_picked":["Pommel Strike+1","Flex"],"picked":"Seeing Red+1","floor":49}],"player_experience":2563,"relics_obtained":[{"floor":6.0,"key":"Bag of Preparation"},{"floor":9.0,"key":"Potion Belt"},{"floor":13.0,"key":"Mercury Hourglass"},{"floor":23.0,"key":"Dream Catcher"},{"floor":26.0,"key":"Bottled Flame"},{"floor":40.0,"key":"Orichalcum"},{"floor":43.0,"key":"Centennial Puzzle"},{"floor":45.0,"key":"Pantograph"}],"event_choices":[{"cards_removed":["Strike_R"],"damage_healed":0.0,"max_hp_gain":0.0,"max_hp_loss":0.0,"gold_gain":0.0,"event_name":"Golden Wing","player_choice":"Card Removal","floor":10.0,"gold_loss":0.0,"damage_taken":7.0},{"damage_healed":0.0,"max_hp_gain":5.0,"max_hp_loss":0.0,"gold_gain":0.0,"event_name":"Forgotten Altar","player_choice":"Shed Blood","floor":21.0,"gold_loss":0.0,"damage_taken":27.0},{"damage_healed":0.0,"max_hp_gain":0.0,"max_hp_loss":0.0,"gold_gain":0.0,"event_name":"Vampires","player_choice":"Ignored","floor":22.0,"gold_loss":0.0,"damage_taken":0.0},{"damage_healed":0.0,"max_hp_gain":0.0,"max_hp_loss":6.0,"gold_gain":0.0,"event_name":"Winding Halls","player_choice":"Max HP","floor":37.0,"gold_loss":0.0,"damage_taken":0.0}],"is_beta":false,"boss_relics":[{"not_picked":["Sozu","Runic Dome"],"picked":"Astrolabe"},{"not_picked":["Orrery","Coffee Dripper"],"picked":"Lizard Tail"}],"items_purged_floors":[2,19],"is_endless":false,"potions_floor_spawned":[4,5,12,13,14,24,30,31,40,42,45,46],"ascension_level":0}