{"gold_per_floor":[118,131,150,53,153,153,183,198,198,198,208,13,13,24,24,103,103,113,124,144,156,156,184,184,59,85,97,140,152,264,292,304,394,406,438,468,112,131,131,165,178,178,178,198,229,229,229,54,54,54,54,54,54,81,81],"floor_reached":55,"playtime":4857,"items_purged":["Strike_G","Strike_G","Strike_G","Defend_G","Doubt"],"score":1315,"play_id":"0b8995c8-ee31-4a41-b8d5-a61567b3cc8d","local_time":"20181216002040","is_ascension_mode":true,"campfire_choices":[{"floor":6,"key":"REST"},{"floor":10,"key":"RECALL"},{"floor":15,"key":"REST"},{"floor":24,"key":"REST"},{"data":"Flechettes","floor":27,"key":"SMITH"},{"data":"Caltrops","floor":29,"key":"SMITH"},{"floor":32,"key":"REST"},{"floor":42,"key":"REST"},{"floor":46,"key":"REST"},{"data":"Backflip","floor":49,"key":"SMITH"},{"data":"Footwork","floor":52,"key":"SMITH"}],"neow_cost":"PERCENT_DAMAGE","seed_source_timestamp":185215538764110,"circlet_count":0,"master_deck":["AscendersBane","Defend_G","Defend_G","Defend_G","Defend_G","Survivor","Neutralize","Sucker Punch","Flechettes+1","Backflip+1","Acrobatics","Noxious Fumes","Caltrops+1","Well Laid Plans","Acrobatics","Adrenaline","Escape Plan","Footwork+1","PiercingWail+1","A Thousand Cuts","Noxious Fumes","Venomology","Prepared","Terror","Adrenaline","Cloak And Dagger","Escape Plan","Escape Plan","Noxious Fumes"],"relics":["Ring of the Snake","Mummified Hand","Philosopher\u0027s Stone","Pantograph","MawBank","Paper Crane","Busted Crown","Snake Skull","Oddly Smooth Stone","Ornamental Fan","Centennial Puzzle","Bag of Marbles"],"potions_floor_usage":[7,16,23,28,31,33,33,35,35,38,38,40,40,41,44,45,50,50,50,55,55,55],"damage_taken":[{"damage":7,"enemies":"Cultist","floor":1,"turns":7},{"damage":4,"enemies":"Small Slimes","floor":2,"turns":5},{"damage":0,"enemies":"2 Louse","floor":3,"turns":2},{"damage":18,"enemies":"Gremlin Nob","floor":7,"turns":5},{"damage":16,"enemies":"Exordium Thugs","floor":8,"turns":7},{"damage":10,"enemies":"3 Louse","floor":11,"turns":4},{"damage":7,"enemies":"Red Slaver","floor":14,"turns":4},{"damage":14,"enemies":"Hexaghost","floor":16,"turns":11},{"damage":1,"enemies":"Shell Parasite","floor":18,"turns":5},{"damage":0,"enemies":"3 Byrds","floor":19,"turns":4},{"damage":13,"enemies":"Centurion and Healer","floor":20,"turns":8},{"damage":19,"enemies":"3 Cultists","floor":21,"turns":5},{"damage":12,"enemies":"Gremlin Leader","floor":23,"turns":6},{"damage":5,"enemies":"Book of Stabbing","floor":28,"turns":5},{"damage":1,"enemies":"Snecko","floor":31,"turns":5},{"damage":21,"enemies":"Champ","floor":33,"turns":9},{"damage":19,"enemies":"3 Darklings","floor":35,"turns":3},{"damage":30,"enemies":"3 Shapes","floor":36,"turns":5},{"damage":13,"enemies":"Spire Growth","floor":38,"turns":4},{"damage":0,"enemies":"Giant Head","floor":40,"turns":7},{"damage":0,"enemies":"Maw","floor":41,"turns":7},{"damage":7,"enemies":"4 Shapes","floor":44,"turns":4},{"damage":0,"enemies":"Nemesis","floor":45,"turns":5},{"damage":24,"enemies":"Awakened One","floor":50,"turns":9},{"damage":63,"enemies":"Shield and Spear","floor":54,"turns":7},{"damage":33,"enemies":"The Heart","floor":55,"turns":8}],"seed_played":"-6860301586584254696","potions_obtained":[{"floor":3,"key":"Swift Potion"},{"floor":14,"key":"PowerPotion"},{"floor":19,"key":"GamblersBrew"},{"floor":21,"key":"GamblersBrew"},{"floor":31,"key":"Swift Potion"},{"floor":35,"key":"FearPotion"},{"floor":40,"key":"PowerPotion"},{"floor":41,"key":"AttackPotion"},{"floor":44,"key":"Block Potion"},{"floor":45,"key":"Regen Potion"},{"floor":54,"key":"Fire Potion"}],"is_trial":false,"path_per_floor":["M","M","M","$","?","R","E","M","T","R","M","$","?","M","R","B",null,"M","M","M","M","?","E","R","$","T","R","E","R","?","M","R","B",null,"M","M","$","M","?","E","M","R","T","M","E","R","?","$","R","B",null,"R","$","E","B"],"character_chosen":"THE_SILENT","items_purchased":["Acrobatics","Well Laid Plans","Acrobatics","Snake Skull","Escape Plan"],"campfire_rested":6,"item_purchase_floors":[4,12,12,37,37],"current_hp_per_floor":[38,34,34,34,34,55,37,21,21,21,11,11,11,4,25,11,55,54,54,41,22,22,10,31,31,31,31,26,26,26,25,46,49,65,46,16,16,3,3,3,3,24,24,17,17,38,70,70,70,56,67,67,67,4,0],"gold":81,"neow_bonus":"REMOVE_TWO","is_prod":false,"is_daily":false,"chose_seed":false,"campfire_upgraded":4,"win_rate":0,"timestamp":1544937640,"path_taken":["M","M","?","$","?","R","E","M","T","R","?","?","?","M","R","BOSS","M","M","M","M","?","E","R","?","T","R","E","R","?","M","R","BOSS","M","M","?","?","?","E","M","R","T","M","E","R","?","$","R","BOSS","R","$","E","BOSS"],"build_version":"2018-12-13","purchased_purges":5,"victory":false,"max_hp_per_floor":[70,70,70,70,70,70,70,70,70,70,70,70,70,70,70,70,70,70,70,70,70,70,70,70,70,70,70,70,70,70,70,70,70,70,70,70,70,70,70,70,70,70,70,70,70,70,70,70,70,70,70,70,70,70,70],"card_choices":[{"not_picked":["Outmaneuver","PiercingWail"],"picked":"Sucker Punch","floor":1},{"not_picked":["Backstab","Escape Plan"],"picked":"Flechettes","floor":2},{"not_picked":["Blade Dance","Sucker Punch"],"picked":"Backflip","floor":3},{"not_picked":["Expertise","Calculated Gamble"],"picked":"Noxious Fumes","floor":7},{"not_picked":["Outmaneuver","Catalyst","Dagger Spray"],"picked":"SKIP","floor":8},{"not_picked":["Noxious Fumes","Sucker Punch"],"picked":"Caltrops","floor":11},{"not_picked":["Bane","Distraction","Well Laid Plans"],"picked":"SKIP","floor":14},{"not_picked":["Phantasmal Killer","Malaise"],"picked":"Adrenaline","floor":16},{"not_picked":["Bane","Cloak And Dagger"],"picked":"Escape Plan","floor":18},{"not_picked":["Dagger Spray+1","Blur","Slice"],"picked":"SKIP","floor":19},{"not_picked":["Predator","Quick Slash"],"picked":"Footwork","floor":20},{"not_picked":["Dash","Acrobatics"],"picked":"PiercingWail+1","floor":21},{"not_picked":["Poisoned Stab","Masterful Stab+1"],"picked":"Venomology","floor":23},{"not_picked":["Predator","Finisher"],"picked":"Prepared","floor":28},{"not_picked":["Poisoned Stab","Bane"],"picked":"Terror","floor":31},{"not_picked":["Phantasmal Killer","Glass Knife"],"picked":"Adrenaline","floor":33},{"not_picked":[],"picked":"Cloak And Dagger","floor":35},{"not_picked":["Outmaneuver+1"],"picked":"SKIP","floor":36},{"not_picked":[],"picked":"Escape Plan","floor":38},{"not_picked":[],"picked":"Noxious Fumes","floor":40},{"not_picked":["Distraction"],"picked":"SKIP","floor":41},{"not_picked":["Acrobatics+1"],"picked":"SKIP","floor":44},{"not_picked":["Sucker Punch+1"],"picked":"SKIP","floor":45},{"not_picked":["Distraction"],"picked":"SKIP","floor":54}],"player_experience":881087,"relics_obtained":[{"floor":7,"key":"Mummified Hand"},{"floor":23,"key":"Pantograph"},{"floor":26,"key":"MawBank"},{"floor":28,"key":"Paper Crane"},{"floor":40,"key":"Oddly Smooth Stone"},{"floor":43,"key":"Ornamental Fan"},{"floor":45,"key":"Centennial Puzzle"},{"floor":54,"key":"Bag of Marbles"}],"event_choices":[{"damage_healed":0,"gold_gain":100,"player_choice":"Gold","damage_taken":0,"max_hp_gain":0,"max_hp_loss":0,"event_name":"Wheel of Change","floor":5,"gold_loss":0},{"damage_healed":0,"gold_gain":0,"player_choice":"Ignored","damage_taken":0,"max_hp_gain":0,"max_hp_loss":0,"event_name":"Liars Game","floor":13,"gold_loss":0},{"damage_healed":0,"gold_gain":0,"player_choice":"2 cards matched","damage_taken":0,"max_hp_gain":0,"max_hp_loss":0,"event_name":"Match and Keep!","floor":22,"gold_loss":0,"cards_obtained":["A Thousand Cuts","Noxious Fumes"]},{"damage_healed":0,"gold_gain":100,"player_choice":"Pray","damage_taken":0,"max_hp_gain":0,"max_hp_loss":0,"event_name":"Golden Shrine","floor":30,"gold_loss":0},{"damage_healed":0,"gold_gain":0,"player_choice":"Memory 1","damage_taken":0,"max_hp_gain":0,"max_hp_loss":0,"event_name":"SensoryStone","floor":39,"gold_loss":0},{"damage_healed":32,"gold_gain":0,"player_choice":"Heal","damage_taken":0,"max_hp_gain":0,"max_hp_loss":0,"event_name":"MindBloom","floor":47,"gold_loss":0,"cards_obtained":["Doubt"]}],"is_beta":false,"boss_relics":[{"not_picked":["Coffee Dripper","Runic Dome"],"picked":"Philosopher\u0027s Stone"},{"not_picked":["Calling Bell","Black Star"],"picked":"Busted Crown"}],"items_purged_floors":[4,12,25,37,48],"is_endless":false,"potions_floor_spawned":[3,14,19,21,31,35,40,41,44,45,54],"killed_by":"The Heart","ascension_level":13}