{"gold_per_floor":[114,114,189,8,27,62,77,77,77,77,77,96,96,96,96,170,170,188,208,241,241,260,260,260,260,285,304,304],"floor_reached":28,"playtime":1199,"items_purged":[],"score":367,"play_id":"44589c38-e8b3-454e-a5f3-bb6f93ef3a6c","local_time":"20190711062629","is_ascension_mode":true,"campfire_choices":[{"data":"Cloak And Dagger","floor":8,"key":"SMITH"},{"floor":11,"key":"REST"},{"data":"Cloak And Dagger","floor":13,"key":"SMITH"},{"floor":15,"key":"REST"},{"floor":23,"key":"REST"},{"data":"Burst","floor":25,"key":"SMITH"}],"neow_cost":"NONE","seed_source_timestamp":51402516186441,"circlet_count":0,"master_deck":["AscendersBane","Strike_G","Strike_G","Strike_G","Defend_G","Defend_G","Defend_G","Defend_G","Defend_G","Survivor","Neutralize+1","Dodge and Roll","Dagger Throw","Poisoned Stab","Cloak And Dagger+1","Dagger Throw","Dodge and Roll","Cloak And Dagger+1","Burst+1","Quick Slash","Infinite Blades+1","Dagger Spray","Backstab+1","Regret","Catalyst+1"],"relics":["Ring of the Snake","Pen Nib","Incense Burner","Torii","Sundial","Cursed Key","Red Mask","Vajra"],"potions_floor_usage":[16,20,22],"damage_taken":[{"damage":0,"enemies":"Small Slimes","floor":1,"turns":5},{"damage":0,"enemies":"2 Louse","floor":5,"turns":3},{"damage":22,"enemies":"3 Sentries","floor":6,"turns":11},{"damage":0,"enemies":"Jaw Worm","floor":7,"turns":4},{"damage":3,"enemies":"Large Slime","floor":12,"turns":11},{"damage":13,"enemies":"Hexaghost","floor":16,"turns":17},{"damage":13,"enemies":"2 Thieves","floor":18,"turns":4},{"damage":2,"enemies":"Shell Parasite","floor":19,"turns":7},{"damage":29,"enemies":"Masked Bandits","floor":20,"turns":6},{"damage":8,"enemies":"Snake Plant","floor":22,"turns":8},{"damage":12,"enemies":"Shelled Parasite and Fungi","floor":27,"turns":4},{"damage":30,"enemies":"Snecko","floor":28,"turns":4}],"seed_played":"6379109534157711892","potions_obtained":[{"floor":5,"key":"Weak Potion"},{"floor":6,"key":"SpeedPotion"},{"floor":16,"key":"Fire Potion"}],"is_trial":false,"path_per_floor":["M","?","?","$","M","E","M","R","T","?","R","M","R","?","R","B",null,"M","M","?","?","M","R","?","R","T","M","M"],"character_chosen":"THE_SILENT","items_purchased":["Pen Nib","Poisoned Stab"],"campfire_rested":3,"item_purchase_floors":[4,4],"current_hp_per_floor":[59,59,48,48,48,26,26,26,26,19,38,35,35,23,42,29,57,44,42,13,35,27,46,34,34,34,22,0],"gold":304,"neow_bonus":"UPGRADE_CARD","is_prod":false,"is_daily":false,"chose_seed":false,"campfire_upgraded":3,"win_rate":0,"timestamp":1562790389,"path_taken":["M","?","?","$","M","E","M","R","T","?","R","M","R","?","R","BOSS","M","M","?","?","M","R","?","R","T","M","?"],"build_version":"2019-07-05","purchased_purges":0,"victory":false,"max_hp_per_floor":[66,66,66,66,66,66,66,66,66,66,66,66,66,66,66,66,66,66,66,66,66,66,66,71,71,71,71,71],"card_choices":[{"not_picked":["Prepared","Choke"],"picked":"Dodge and Roll","floor":1},{"not_picked":["Outmaneuver","Calculated Gamble"],"picked":"Cloak And Dagger","floor":5},{"not_picked":["Doppelganger","Expertise"],"picked":"Dagger Throw","floor":6},{"not_picked":["Prepared","Calculated Gamble"],"picked":"Dodge and Roll","floor":7},{"not_picked":["Outmaneuver","Flying Knee"],"picked":"Cloak And Dagger","floor":12},{"not_picked":["Wraith Form v2","Glass Knife"],"picked":"Burst","floor":16},{"not_picked":["Dash","Deflect"],"picked":"Quick Slash","floor":18},{"not_picked":["Quick Slash","Heel Hook"],"picked":"Infinite Blades+1","floor":19},{"not_picked":["Finisher","Reflex"],"picked":"Dagger Spray","floor":20},{"not_picked":["Predator","Outmaneuver"],"picked":"Backstab+1","floor":22},{"not_picked":["Quick Slash","Dagger Spray"],"picked":"Catalyst+1","floor":27}],"player_experience":976145,"relics_obtained":[{"floor":6,"key":"Incense Burner"},{"floor":9,"key":"Torii"},{"floor":20,"key":"Red Mask"},{"floor":26,"key":"Vajra"}],"event_choices":[{"damage_healed":0,"gold_gain":0,"cards_transformed":["Strike_G"],"player_choice":"Change","damage_taken":0,"max_hp_gain":0,"max_hp_loss":0,"event_name":"Living Wall","floor":2,"gold_loss":0,"cards_obtained":["Dagger Throw"]},{"damage_healed":0,"gold_gain":75,"player_choice":"Gather Gold","damage_taken":11,"max_hp_gain":0,"max_hp_loss":0,"event_name":"World of Goop","floor":3,"gold_loss":0},{"cards_removed":["Strike_G"],"damage_healed":0,"gold_gain":0,"player_choice":"Card Removal","damage_taken":7,"max_hp_gain":0,"max_hp_loss":0,"event_name":"Golden Wing","floor":10,"gold_loss":0},{"damage_healed":0,"gold_gain":0,"player_choice":"Success","damage_taken":12,"relics_obtained":["Sundial"],"max_hp_gain":0,"max_hp_loss":0,"event_name":"Scrap Ooze","floor":14,"gold_loss":0},{"damage_healed":0,"gold_gain":0,"player_choice":"Fought Bandits","damage_taken":0,"max_hp_gain":0,"max_hp_loss":0,"event_name":"Masked Bandits","floor":20,"gold_loss":0},{"damage_healed":22,"gold_gain":0,"player_choice":"Heal","damage_taken":0,"max_hp_gain":0,"max_hp_loss":0,"event_name":"The Library","floor":21,"gold_loss":0},{"damage_healed":0,"gold_gain":0,"player_choice":"Shed Blood","damage_taken":17,"max_hp_gain":5,"max_hp_loss":0,"event_name":"Forgotten Altar","floor":24,"gold_loss":0}],"is_beta":false,"boss_relics":[{"not_picked":["Lizard Tail","Pandora\u0027s Box"],"picked":"Cursed Key"}],"items_purged_floors":[],"is_endless":false,"potions_floor_spawned":[5,6,12,16,18,19],"killed_by":"Snecko","ascension_level":14}