{"gold_per_floor":[113,124,124,124,399,399,422,453,506,506,519,519,563,581,581,581],"floor_reached":16,"playtime":401,"items_purged":[],"score":138,"play_id":"44b593f4-f5e2-4352-8c2c-b75c2cbd60c0","local_time":"20190516015346","is_ascension_mode":true,"campfire_choices":[{"data":"Rampage","floor":6,"key":"SMITH"},{"data":"Bash","floor":10,"key":"SMITH"},{"floor":12,"key":"REST"},{"floor":15,"key":"REST"}],"neow_cost":"NONE","seed_source_timestamp":26814642920575,"circlet_count":0,"master_deck":["Strike_R","Strike_R","Strike_R","Strike_R","Strike_R","Defend_R","Defend_R","Defend_R","Defend_R","Bash+1","Brutality","Rampage+1","Wild Strike","Injury","Regret","Seeing Red","Bloodletting","Perfected Strike","Flame Barrier","True Grit"],"relics":["Burning Blood","Ancient Tea Set","Golden Idol","Letter Opener","Strawberry","StoneCalendar"],"potions_floor_usage":[8],"damage_taken":[{"damage":8,"enemies":"2 Louse","floor":1,"turns":3},{"damage":1,"enemies":"Cultist","floor":2,"turns":3},{"damage":2,"enemies":"Small Slimes","floor":7,"turns":3},{"damage":39,"enemies":"Gremlin Nob","floor":8,"turns":5},{"damage":28,"enemies":"2 Fungi Beasts","floor":11,"turns":4},{"damage":35,"enemies":"Lagavulin","floor":13,"turns":5},{"damage":13,"enemies":"3 Louse","floor":14,"turns":3},{"damage":45,"enemies":"Hexaghost","floor":16,"turns":8}],"seed_played":"-6938932030555297416","potions_obtained":[{"floor":2,"key":"Explosive Potion"},{"floor":8,"key":"FearPotion"},{"floor":13,"key":"Strength Potion"},{"floor":14,"key":"EssenceOfSteel"}],"is_trial":false,"path_per_floor":["M","M","?","?","?","R","M","E","T","R","M","R","E","M","R","B"],"character_chosen":"IRONCLAD","items_purchased":[],"campfire_rested":2,"item_purchase_floors":[],"current_hp_per_floor":[78,80,73,73,73,73,77,44,51,51,29,55,26,19,45,0],"gold":581,"neow_bonus":"ONE_RANDOM_RARE_CARD","is_prod":false,"is_daily":false,"chose_seed":false,"campfire_upgraded":2,"win_rate":0,"timestamp":1557935626,"path_taken":["M","M","?","?","?","R","M","E","T","R","M","R","E","M","R","BOSS"],"build_version":"2019-01-23","purchased_purges":0,"victory":false,"max_hp_per_floor":[80,80,80,80,80,80,80,80,87,87,87,87,87,87,87,87],"card_choices":[{"not_picked":["Body Slam","Clothesline"],"picked":"Rampage","floor":1},{"not_picked":["Metallicize","True Grit"],"picked":"Wild Strike","floor":2},{"not_picked":["Dual Wield","Wild Strike"],"picked":"Seeing Red","floor":7},{"not_picked":["True Grit","Havoc"],"picked":"Bloodletting","floor":8},{"not_picked":["Twin Strike","Rampage"],"picked":"Perfected Strike","floor":11},{"not_picked":["Havoc","Wild Strike"],"picked":"Flame Barrier","floor":13},{"not_picked":["Dropkick","Blood for Blood"],"picked":"True Grit","floor":14}],"player_experience":616246,"relics_obtained":[{"floor":8,"key":"Letter Opener"},{"floor":9,"key":"Strawberry"},{"floor":13,"key":"StoneCalendar"}],"event_choices":[{"damage_healed":0,"gold_gain":0,"player_choice":"Success","damage_taken":7,"relics_obtained":["Ancient Tea Set"],"max_hp_gain":0,"max_hp_loss":0,"event_name":"Scrap Ooze","floor":3,"gold_loss":0},{"damage_healed":0,"gold_gain":0,"player_choice":"Take Wound","damage_taken":0,"relics_obtained":["Golden Idol"],"max_hp_gain":0,"max_hp_loss":0,"event_name":"Golden Idol","floor":4,"gold_loss":0,"cards_obtained":["Injury"]},{"damage_healed":0,"gold_gain":275,"player_choice":"Desecrate","damage_taken":0,"max_hp_gain":0,"max_hp_loss":0,"event_name":"Golden Shrine","floor":5,"gold_loss":0,"cards_obtained":["Regret"]}],"is_beta":false,"boss_relics":[],"items_purged_floors":[],"is_endless":false,"potions_floor_spawned":[2,8,13,14],"killed_by":"Hexaghost","ascension_level":5}