{"gold_per_floor":[119,194,209,209,219,53,53,71,71,71,136,148,160,160],"floor_reached":14,"playtime":677,"items_purged":[],"score":82,"play_id":"b7cb9836-db57-4794-9b99-7d40595f4cf1","local_time":"20190323004443","is_ascension_mode":false,"campfire_choices":[{"data":"Consume","floor":7,"key":"SMITH"},{"data":"Zap","floor":10,"key":"SMITH"}],"neow_cost":"NONE","seed_source_timestamp":9772273779630,"circlet_count":0,"master_deck":["Strike_B","Strike_B","Strike_B","Strike_B","Defend_B","Defend_B","Defend_B","Defend_B","Zap+1","Dualcast","Seek","Force Field","Beam Cell","Regret","Consume+1","Go for the Eyes","Turbo","Multi-Cast","Go for the Eyes","Cold Snap"],"relics":["Cracked Core","Pantograph","Blood Vial","Pear","Bag of Marbles"],"potions_floor_usage":[14,14],"damage_taken":[{"damage":1,"enemies":"Cultist","floor":1,"turns":3},{"damage":7,"enemies":"Small Slimes","floor":3,"turns":3},{"damage":9,"enemies":"Jaw Worm","floor":5,"turns":4},{"damage":10,"enemies":"Looter","floor":8,"turns":4},{"damage":32,"enemies":"3 Sentries","floor":11,"turns":7},{"damage":4,"enemies":"Blue Slaver","floor":12,"turns":2},{"damage":9,"enemies":"Red Slaver","floor":13,"turns":3},{"damage":15,"enemies":"3 Sentries","floor":14,"turns":2}],"seed_played":"867447244495766651","potions_obtained":[{"floor":3,"key":"Energy Potion"},{"floor":11,"key":"FearPotion"},{"floor":12,"key":"Explosive Potion"}],"is_trial":false,"path_per_floor":["M","?","M","?","M","$","R","M","T","R","?","M","M","E"],"character_chosen":"DEFECT","items_purchased":["Go for the Eyes","Blood Vial"],"campfire_rested":0,"item_purchase_floors":[6,6],"current_hp_per_floor":[74,63,56,56,47,47,47,39,49,49,19,17,10,0],"gold":160,"neow_bonus":"ONE_RANDOM_RARE_CARD","is_prod":false,"is_daily":false,"chose_seed":false,"campfire_upgraded":2,"win_rate":0.0,"timestamp":1553265883,"path_taken":["M","?","M","?","M","?","R","M","T","R","?","?","M","E"],"build_version":"2019-01-23","purchased_purges":0,"victory":false,"max_hp_per_floor":[75,75,75,75,75,75,75,75,85,85,85,85,85,85],"card_choices":[{"not_picked":["Barrage","Turbo"],"picked":"Force Field","floor":1},{"not_picked":["Chill","Streamline"],"picked":"Beam Cell","floor":3},{"not_picked":["Steam","Double Energy"],"picked":"Consume","floor":5},{"not_picked":["Hologram","Hello World"],"picked":"Turbo","floor":8},{"not_picked":["Rebound","Leap"],"picked":"Multi-Cast","floor":11},{"not_picked":["Turbo","Gash"],"picked":"Go for the Eyes","floor":12},{"not_picked":["Sweeping Beam","Leap"],"picked":"Cold Snap","floor":13}],"player_experience":46467,"relics_obtained":[{"floor":9,"key":"Pear"}],"event_choices":[{"damage_healed":0,"gold_gain":75,"player_choice":"Gather Gold","damage_taken":11,"max_hp_gain":0,"max_hp_loss":0,"event_name":"World of Goop","floor":2,"gold_loss":0},{"damage_healed":0,"gold_gain":0,"player_choice":"Box","damage_taken":0,"relics_obtained":["Pantograph"],"max_hp_gain":0,"max_hp_loss":0,"event_name":"Big Fish","floor":4,"gold_loss":0,"cards_obtained":["Regret"]},{"damage_healed":0,"gold_gain":30,"player_choice":"Searched \u00273\u0027 times","damage_taken":0,"relics_obtained":["Bag of Marbles"],"max_hp_gain":0,"max_hp_loss":0,"event_name":"Dead Adventurer","floor":11,"gold_loss":0}],"is_beta":false,"boss_relics":[],"items_purged_floors":[],"is_endless":false,"potions_floor_spawned":[3,11,12],"killed_by":"3 Sentries","ascension_level":0}