{"gold_per_floor":[117,93,18,31,46,46,59,87,114,214,227,227,244,279,279,279],"floor_reached":16,"playtime":734,"items_purged":["Strike_B"],"score":199,"play_id":"2be44cb2-a55e-41f1-b8e9-1660f1a159e1","local_time":"20181103024918","is_ascension_mode":true,"campfire_choices":[{"data":"Streamline","floor":6,"key":"SMITH"},{"data":"Reinforced Body","floor":12,"key":"SMITH"},{"floor":15,"key":"REST"}],"neow_cost":"NONE","seed_source_timestamp":540632143708006,"circlet_count":0,"master_deck":["Strike_B","Strike_B","Strike_B","Defend_B","Defend_B","Defend_B","Defend_B","Zap","Dualcast","Core Surge","Reinforced Body+1","Streamline+1","Darkness","Turbo","Fusion","BootSequence","Gash","Chill"],"relics":["Cracked Core","DataDisk","Omamori","Boot"],"potions_floor_usage":[8,14,16],"damage_taken":[{"damage":0,"enemies":"Cultist","floor":1,"turns":3},{"damage":2,"enemies":"Jaw Worm","floor":4,"turns":3},{"damage":0,"enemies":"Small Slimes","floor":5,"turns":3},{"damage":12,"enemies":"Exordium Wildlife","floor":7,"turns":3},{"damage":20,"enemies":"Gremlin Nob","floor":8,"turns":5},{"damage":1,"enemies":"2 Fungi Beasts","floor":11,"turns":3},{"damage":1,"enemies":"Looter","floor":13,"turns":2},{"damage":0,"enemies":"3 Sentries","floor":14,"turns":6},{"damage":57,"enemies":"Hexaghost","floor":16,"turns":9}],"seed_played":"4883531401545397698","potions_obtained":[{"floor":1,"key":"Swift Potion"},{"floor":11,"key":"FearPotion"},{"floor":13,"key":"SteroidPotion"}],"is_trial":false,"path_per_floor":["M","$","$","M","M","R","M","E","T","?","M","R","M","E","R","B"],"character_chosen":"DEFECT","items_purchased":["Streamline"],"campfire_rested":1,"item_purchase_floors":[2],"current_hp_per_floor":[68,68,68,66,66,66,54,34,34,34,33,33,32,32,54,0],"gold":279,"neow_bonus":"ONE_RANDOM_RARE_CARD","is_prod":false,"is_daily":false,"chose_seed":false,"campfire_upgraded":2,"win_rate":0,"timestamp":1541227758,"path_taken":["M","?","$","M","M","R","M","E","T","?","M","R","?","E","R","BOSS"],"build_version":"2018-11-01","purchased_purges":1,"victory":false,"max_hp_per_floor":[75,75,75,75,75,75,75,75,75,75,75,75,75,75,75,75],"card_choices":[{"not_picked":["Hello World","Chaos"],"picked":"Reinforced Body","floor":1},{"not_picked":["Static Discharge","Streamline"],"picked":"Darkness","floor":4},{"not_picked":["Compile Driver","Coolheaded"],"picked":"Turbo","floor":5},{"not_picked":["Undo","Leap"],"picked":"Fusion","floor":7},{"not_picked":["Compile Driver","Rip and Tear"],"picked":"BootSequence","floor":8},{"not_picked":["Stack","Barrage"],"picked":"Gash","floor":11},{"not_picked":["Ball Lightning","Tempest"],"picked":"Chill","floor":13},{"not_picked":["Melter","Meteor Strike","Sweeping Beam"],"picked":"SKIP","floor":14}],"player_experience":581267,"relics_obtained":[{"floor":8,"key":"DataDisk"},{"floor":9,"key":"Omamori"},{"floor":14,"key":"Boot"}],"event_choices":[{"damage_healed":0,"gold_gain":100,"player_choice":"Pray","damage_taken":0,"max_hp_gain":0,"max_hp_loss":0,"event_name":"Golden Shrine","floor":10,"gold_loss":0}],"is_beta":false,"boss_relics":[],"items_purged_floors":[3],"is_endless":false,"potions_floor_spawned":[1,11,13],"killed_by":"Hexaghost","ascension_level":9}