{"gold_per_floor":[116,41,52,66,31,31,44,44,70,95,11,36,36,53,53,128,128,139,156,156,169,69,69,81,81,81,81],"floor_reached":27,"playtime":1858,"items_purged":["Normality","Strike_G"],"score":424,"play_id":"2c70ae3c-2801-4875-b61d-b1c5aeaab3cc","local_time":"20181228175215","is_ascension_mode":true,"campfire_choices":[{"data":"Bullet Time","floor":6,"key":"SMITH"},{"data":"Backflip","floor":8,"key":"SMITH"},{"data":"Blur","floor":13,"key":"SMITH"},{"data":"Bouncing Flask","floor":15,"key":"SMITH"},{"floor":23,"key":"REST"},{"floor":25,"key":"REST"}],"neow_cost":"CURSE","seed_source_timestamp":663182495662722,"circlet_count":0,"master_deck":["AscendersBane","Defend_G","Defend_G","Defend_G","Defend_G","Defend_G","Strike_G","Strike_G","Strike_G","Strike_G","Survivor","Neutralize","Bullet Time+1","Well Laid Plans","Noxious Fumes","Backflip+1","Quick Slash","Blur+1","Bouncing Flask+1","Night Terror","Masterful Stab+1","Masterful Stab+1","Acrobatics"],"relics":["Ring of the Snake","Centennial Puzzle","Happy Flower","Lantern","Fusion Hammer","MutagenicStrength","Matryoshka"],"potions_floor_usage":[4,12,18,27],"damage_taken":[{"damage":35,"enemies":"Cultist","floor":1,"turns":8},{"damage":0,"enemies":"Small Slimes","floor":3,"turns":4},{"damage":2,"enemies":"Jaw Worm","floor":4,"turns":5},{"damage":1,"enemies":"2 Fungi Beasts","floor":7,"turns":5},{"damage":16,"enemies":"Lagavulin","floor":10,"turns":7},{"damage":14,"enemies":"3 Sentries","floor":12,"turns":10},{"damage":0,"enemies":"Looter","floor":14,"turns":4},{"damage":11,"enemies":"The Guardian","floor":16,"turns":9},{"damage":7,"enemies":"Chosen","floor":18,"turns":3},{"damage":14,"enemies":"3 Byrds","floor":19,"turns":5},{"damage":5,"enemies":"Centurion and Healer","floor":21,"turns":4},{"damage":20,"enemies":"Snecko","floor":24,"turns":5},{"damage":45,"enemies":"Book of Stabbing","floor":27,"turns":5}],"seed_played":"-3953011056707556210","potions_obtained":[{"floor":3,"key":"Weak Potion"},{"floor":12,"key":"Dexterity Potion"},{"floor":14,"key":"Weak Potion"},{"floor":16,"key":"Ancient Potion"}],"is_trial":false,"path_per_floor":["M","$","M","M","?","R","M","R","T","E","$","E","R","M","R","B",null,"M","M","?","M","$","R","M","R","T","E"],"character_chosen":"THE_SILENT","items_purchased":["Regen Potion"],"campfire_rested":2,"item_purchase_floors":[11],"current_hp_per_floor":[24,24,24,22,38,38,37,37,37,21,21,22,22,22,22,11,52,45,31,31,26,26,45,25,44,44,0],"gold":81,"neow_bonus":"THREE_RARE_CARDS","is_prod":false,"is_daily":false,"chose_seed":false,"campfire_upgraded":4,"win_rate":0,"timestamp":1546037535,"path_taken":["M","$","?","M","?","R","M","R","T","E","?","E","R","M","R","BOSS","M","M","?","M","$","R","M","R","T","E"],"build_version":"2018-12-20","purchased_purges":2,"victory":false,"max_hp_per_floor":[66,66,66,66,66,66,66,66,66,66,66,66,66,66,66,66,66,66,66,66,66,66,66,66,66,66,66],"card_choices":[{"not_picked":["Burst","Doppelganger"],"picked":"Bullet Time","floor":0},{"not_picked":["PiercingWail","Masterful Stab"],"picked":"Well Laid Plans","floor":1},{"not_picked":["Dagger Spray","Flechettes"],"picked":"Noxious Fumes","floor":3},{"not_picked":["Escape Plan","Slice"],"picked":"Backflip","floor":4},{"not_picked":["Slice","Phantasmal Killer"],"picked":"Quick Slash","floor":7},{"not_picked":["Backflip","Deflect","Sucker Punch"],"picked":"SKIP","floor":10},{"not_picked":["PiercingWail","Endless Agony"],"picked":"Blur","floor":12},{"not_picked":["All Out Attack","Expertise"],"picked":"Bouncing Flask","floor":14},{"not_picked":["Die Die Die","Storm of Steel"],"picked":"Night Terror","floor":16},{"not_picked":["Prepared","Bouncing Flask","Infinite Blades"],"picked":"SKIP","floor":18},{"not_picked":["Escape Plan+1","Dodge and Roll"],"picked":"Masterful Stab+1","floor":19},{"not_picked":["Underhanded Strike","Prepared"],"picked":"Masterful Stab+1","floor":21},{"not_picked":["Heel Hook","Tactician"],"picked":"Acrobatics","floor":24}],"player_experience":1061651,"relics_obtained":[{"floor":9,"key":"Centennial Puzzle"},{"floor":10,"key":"Happy Flower"},{"floor":12,"key":"Lantern"},{"floor":26,"key":"Matryoshka"}],"event_choices":[{"damage_healed":16,"gold_gain":0,"player_choice":"Healed","damage_taken":0,"max_hp_gain":0,"max_hp_loss":0,"event_name":"The Cleric","floor":5,"gold_loss":35},{"damage_healed":0,"gold_gain":0,"player_choice":"Inject Mutagens","damage_taken":0,"relics_obtained":["MutagenicStrength"],"max_hp_gain":0,"max_hp_loss":0,"event_name":"Drug Dealer","floor":20,"gold_loss":0}],"is_beta":false,"boss_relics":[{"not_picked":["White Beast Statue","Ring of the Serpent"],"picked":"Fusion Hammer"}],"items_purged_floors":[2,22],"is_endless":false,"potions_floor_spawned":[3,12,14,16],"killed_by":"Book of Stabbing","ascension_level":18}