{"gold_per_floor":[117,42,42,42,52,79,79,96,96,96,96,110,110,136,136,136],"floor_reached":16,"playtime":541,"items_purged":["Strike_R"],"score":193,"play_id":"8f729f6f-5987-41f1-a74a-166ed7a039f1","local_time":"20180904012432","is_ascension_mode":true,"campfire_choices":[{"data":"Pommel Strike","floor":7,"key":"SMITH"},{"data":"Body Slam","floor":11,"key":"SMITH"},{"data":"Rage","floor":13,"key":"SMITH"},{"data":"Seeing Red","floor":15,"key":"SMITH"}],"neow_cost":"NONE","seed_source_timestamp":1323626086967088,"circlet_count":0,"master_deck":["Strike_R","Strike_R","Strike_R","Defend_R","Defend_R","Defend_R","Bash","Dual Wield","Seeing Red+1","Pommel Strike+1","Body Slam+1","Shrug It Off","Rage+1","Exhume"],"relics":["Burning Blood","NeowsBlessing","Meat on the Bone","Boot","Bottled Flame","Prayer Wheel"],"potions_floor_usage":[12,16],"damage_taken":[{"damage":0,"enemies":"Cultist","floor":1,"turns":1},{"damage":0,"enemies":"Small Slimes","floor":5,"turns":1},{"damage":0,"enemies":"Gremlin Nob","floor":6,"turns":1},{"damage":9,"enemies":"2 Louse","floor":8,"turns":3},{"damage":0,"enemies":"Looter","floor":12,"turns":1},{"damage":14,"enemies":"3 Sentries","floor":14,"turns":8},{"damage":78,"enemies":"Slime Boss","floor":16,"turns":11}],"seed_played":"-9191174990289041204","potions_obtained":[{"floor":5,"key":"SkillPotion"},{"floor":8,"key":"Strength Potion"}],"is_trial":false,"path_per_floor":["M","$","?","?","M","E","R","M","T","T","R","M","R","E","R"],"character_chosen":"IRONCLAD","items_purchased":[],"campfire_rested":0,"item_purchase_floors":[],"current_hp_per_floor":[78,78,78,71,77,80,80,77,77,77,77,80,80,72,72,0],"gold":136,"neow_bonus":"THREE_ENEMY_KILL","is_prod":false,"is_daily":false,"chose_seed":false,"campfire_upgraded":4,"win_rate":0,"timestamp":1536038672,"path_taken":["M","$","?","?","M","E","R","?","T","?","R","?","R","E","R","BOSS"],"build_version":"2018-08-30","purchased_purges":1,"victory":false,"max_hp_per_floor":[80,80,80,80,80,80,80,80,80,80,80,80,80,80,80,80],"card_choices":[{"not_picked":["Armaments","Headbutt"],"picked":"Dual Wield","floor":1},{"not_picked":["True Grit","Corruption"],"picked":"Pommel Strike","floor":5},{"not_picked":["Corruption","Perfected Strike"],"picked":"Body Slam","floor":6},{"not_picked":["Juggernaut","Anger"],"picked":"Shrug It Off","floor":8},{"not_picked":["Perfected Strike","Carnage"],"picked":"Rage","floor":12},{"not_picked":["Wild Strike","Searing Blow"],"picked":"Exhume","floor":14}],"player_experience":517600,"relics_obtained":[{"floor":6,"key":"Meat on the Bone"},{"floor":9,"key":"Boot"},{"floor":10,"key":"Bottled Flame"},{"floor":14,"key":"Prayer Wheel"}],"event_choices":[{"event_name":"Transmorgrifier","player_choice":"Transform","floor":3,"damage_taken":0},{"event_name":"Golden Wing","player_choice":"Card Removal","floor":4,"damage_taken":0}],"is_beta":false,"boss_relics":[],"items_purged_floors":[2],"is_endless":false,"potions_floor_spawned":[5,8],"killed_by":"Slime Boss","ascension_level":9}