{"gold_per_floor":[113,113,130,144,69,98,98,98,122,134,164,178,208,228,228,302,302,322,333,333,360,372,372,397,397,397,412,424,424,456,471,471,548,548,564,564,575,595,269,269,287,313,361,390,409,409,123,140,140,140,140,140,15,41,41],"floor_reached":55,"playtime":6673,"items_purged":[],"score":1434,"play_id":"92954ed6-5d15-4fc1-bd78-a5f745115a01","local_time":"20190529073752","is_ascension_mode":true,"campfire_choices":[{"data":"Flame Barrier","floor":7.0,"key":"SMITH"},{"data":"Armaments","floor":15.0,"key":"SMITH"},{"data":"Feed","floor":23,"key":"SMITH"},{"data":"Corruption","floor":29,"key":"SMITH"},{"data":"Infernal Blade","floor":32,"key":"SMITH"},{"data":"Mind Blast","floor":40,"key":"SMITH"},{"data":"Bash","floor":46,"key":"SMITH"},{"floor":49,"key":"RECALL"},{"data":"Hemokinesis","floor":52,"key":"SMITH"}],"neow_cost":"NONE","seed_source_timestamp":811921703676888,"circlet_count":0,"master_deck":["AscendersBane","Defend_R+1","Defend_R","Defend_R","Defend_R","Bash+1","Immolate","Armaments+1","Flame Barrier+1","Hemokinesis+1","Corruption+1","True Grit","Armaments+1","Impervious","Battle Trance","Feed+1","Feel No Pain+1","Thunderclap","Bite","Bite","Bite","Bite","Bite","Burning Pact+1","Shrug It Off","Flame Barrier","Rage","Armaments","Infernal Blade+1","Body Slam","Feed","Shrug It Off","Dark Shackles","Mind Blast+1","Seeing Red","Flame Barrier+1","Disarm+1","Shrug It Off","Flame Barrier","Metallicize","Carnage"],"special_seed":0,"relics":["Burning Blood","Art of War","Smiling Mask","Meat on the Bone","Darkstone Periapt","Runic Dome","Bag of Marbles","Lantern","War Paint","Letter Opener","Coffee Dripper","Charon\u0027s Ashes","Boot","Pocketwatch","Pantograph","Bottled Flame"],"potions_floor_usage":[24,27,33,33,42,45,48,50,55],"damage_taken":[{"damage":0.0,"enemies":"2 Louse","floor":1.0,"turns":1.0},{"damage":2.0,"enemies":"Small Slimes","floor":3.0,"turns":4.0},{"damage":0.0,"enemies":"Jaw Worm","floor":4.0,"turns":3.0},{"damage":24.0,"enemies":"Lagavulin","floor":6.0,"turns":6.0},{"damage":13.0,"enemies":"Exordium Thugs","floor":10.0,"turns":4.0},{"damage":18.0,"enemies":"Gremlin Nob","floor":11.0,"turns":5.0},{"damage":7.0,"enemies":"Large Slime","floor":12.0,"turns":7.0},{"damage":22.0,"enemies":"Lagavulin","floor":13.0,"turns":7.0},{"damage":5.0,"enemies":"3 Louse","floor":14.0,"turns":4.0},{"damage":35.0,"enemies":"The Guardian","floor":16.0,"turns":12.0},{"damage":0.0,"enemies":"3 Byrds","floor":18.0,"turns":1.0},{"damage":26.0,"enemies":"Chosen","floor":19.0,"turns":8.0},{"damage":7,"enemies":"Snake Plant","floor":22,"turns":3},{"damage":51,"enemies":"Gremlin Leader","floor":24,"turns":8},{"damage":10,"enemies":"Cultist and Chosen","floor":27,"turns":10},{"damage":4,"enemies":"Centurion and Healer","floor":28,"turns":7},{"damage":18,"enemies":"Slavers","floor":30,"turns":5},{"damage":3,"enemies":"Chosen and Byrds","floor":31,"turns":8},{"damage":87,"enemies":"Collector","floor":33,"turns":14},{"damage":0,"enemies":"3 Shapes","floor":35,"turns":11},{"damage":11,"enemies":"3 Darklings","floor":37,"turns":7},{"damage":5,"enemies":"Jaw Worm Horde","floor":38,"turns":5},{"damage":3,"enemies":"4 Shapes","floor":41,"turns":4},{"damage":7,"enemies":"Reptomancer","floor":42,"turns":6},{"damage":49,"enemies":"Giant Head","floor":44,"turns":9},{"damage":0,"enemies":"Transient","floor":45,"turns":5},{"damage":43,"enemies":"Writhing Mass","floor":48,"turns":8},{"damage":97,"enemies":"Awakened One","floor":50,"turns":23},{"damage":16,"enemies":"Shield and Spear","floor":54,"turns":9},{"damage":144,"enemies":"The Heart","floor":55,"turns":6}],"seed_played":"-6211859256136950965","potions_obtained":[{"floor":1.0,"key":"Swift Potion"},{"floor":3.0,"key":"Poison Potion"},{"floor":10.0,"key":"SneckoOil"},{"floor":12.0,"key":"Dexterity Potion"},{"floor":13.0,"key":"SteroidPotion"},{"floor":14.0,"key":"FearPotion"},{"floor":18.0,"key":"Dexterity Potion"},{"floor":22,"key":"Energy Potion"},{"floor":24,"key":"Block Potion"},{"floor":30,"key":"SkillPotion"},{"floor":38,"key":"AttackPotion"},{"floor":41,"key":"Dexterity Potion"},{"floor":44,"key":"PowerPotion"},{"floor":45,"key":"GamblersBrew"}],"is_trial":false,"path_per_floor":["M","?","M","M","?","E","R","?","T","M","E","M","E","M","R","B",null,"M","M","?","T","M","R","E","?","T","M","M","R","E","M","R","B",null,"M","?","M","M","$","R","M","E","T","E","M","R","$","M","R","B",null,"R","$","E","B"],"character_chosen":"IRONCLAD","items_purchased":["Charon\u0027s Ashes","Pantograph","Metallicize","BloodPotion"],"campfire_rested":0,"item_purchase_floors":[39,47,53,53],"current_hp_per_floor":[74,74,75,75,75,57,57,62,62,55,43,54,50,51,51,34,69,75,59,58,58,60,60,47,47,47,65,73,73,67,77,77,29,65,84,79,87,91,91,91,95,99,99,62,76,76,76,62,62,58,92,92,92,99,0],"gold":41,"neow_bonus":"ONE_RANDOM_RARE_CARD","is_prod":false,"is_daily":false,"chose_seed":false,"campfire_upgraded":8,"win_rate":0,"timestamp":1559129872,"path_taken":["M","?","M","M","?","E","R","?","T","M","E","M","E","M","R","BOSS","M","M","?","?","M","R","E","?","T","?","M","R","E","M","R","BOSS","M","?","M","M","$","R","M","E","T","E","M","R","$","M","R","BOSS","R","$","E","BOSS"],"build_version":"2019-01-23","purchased_purges":0,"victory":false,"max_hp_per_floor":[75,75,75,75,75,75,75,80,80,80,80,80,80,80,80,80,80,80,84,58,58,61,61,65,65,65,69,73,73,77,77,77,77,77,84,84,87,91,91,91,95,99,99,99,99,99,99,99,99,103,103,103,103,106,106],"card_choices":[{"not_picked":["Searing Blow","Feel No Pain"],"picked":"Armaments","floor":1.0},{"not_picked":["Havoc","Warcry","Dropkick"],"picked":"SKIP","floor":3.0},{"not_picked":["Perfected Strike","Havoc"],"picked":"Flame Barrier","floor":4.0},{"not_picked":["Body Slam","Searing Blow"],"picked":"Hemokinesis","floor":6.0},{"not_picked":["True Grit","Sever Soul"],"picked":"Corruption","floor":10.0},{"not_picked":["Body Slam","Iron Wave"],"picked":"True Grit","floor":11.0},{"not_picked":["Uppercut","Sever Soul"],"picked":"Armaments","floor":12.0},{"not_picked":["Juggernaut","Seeing Red"],"picked":"Impervious","floor":13.0},{"not_picked":["Iron Wave","Heavy Blade"],"picked":"Battle Trance","floor":14.0},{"not_picked":["Bludgeon","Immolate"],"picked":"Feed","floor":16.0},{"not_picked":["Iron Wave","Clash"],"picked":"Feel No Pain+1","floor":18.0},{"not_picked":["Corruption","Inflame"],"picked":"Thunderclap","floor":19.0},{"not_picked":["Anger","Barricade"],"picked":"Burning Pact","floor":22},{"not_picked":["Inflame","Wild Strike"],"picked":"Shrug It Off","floor":24},{"not_picked":["Headbutt","Second Wind"],"picked":"Rage","floor":27},{"not_picked":["Thunderclap","True Grit"],"picked":"Armaments","floor":28},{"not_picked":["Hemokinesis","Reckless Charge"],"picked":"Infernal Blade","floor":30},{"not_picked":["Burning Pact","Rampage"],"picked":"Body Slam","floor":31},{"not_picked":["Berserk","Bludgeon"],"picked":"Feed","floor":33},{"not_picked":["Sword Boomerang","Twin Strike"],"picked":"Shrug It Off","floor":35},{"not_picked":["Finesse","Dramatic Entrance"],"picked":"Dark Shackles","floor":36},{"not_picked":["Thinking Ahead","Forethought"],"picked":"Mind Blast","floor":36},{"not_picked":["Clash","Burning Pact"],"picked":"Seeing Red","floor":37},{"not_picked":["Thunderclap+1","Iron Wave"],"picked":"Flame Barrier+1","floor":38},{"not_picked":["True Grit","Clothesline","Reckless Charge"],"picked":"SKIP","floor":41},{"not_picked":["Twin Strike","Havoc"],"picked":"Disarm+1","floor":42},{"not_picked":["Pommel Strike","Rupture","Dual Wield+1"],"picked":"SKIP","floor":44},{"not_picked":["Flame Barrier","Sword Boomerang"],"picked":"Shrug It Off","floor":45},{"not_picked":["Berserk","Flex"],"picked":"Flame Barrier","floor":48},{"not_picked":["Heavy Blade","Hemokinesis"],"picked":"Carnage","floor":54}],"player_experience":1549352,"relics_obtained":[{"floor":6.0,"key":"Art of War"},{"floor":9.0,"key":"Smiling Mask"},{"floor":11.0,"key":"Meat on the Bone"},{"floor":13.0,"key":"Darkstone Periapt"},{"floor":21.0,"key":"Bag of Marbles"},{"floor":24,"key":"Lantern"},{"floor":26,"key":"War Paint"},{"floor":30,"key":"Letter Opener"},{"floor":42,"key":"Boot"},{"floor":44,"key":"Pocketwatch"},{"floor":54,"key":"Bottled Flame"}],"event_choices":[{"damage_healed":0.0,"max_hp_gain":0.0,"max_hp_loss":0.0,"gold_gain":0.0,"event_name":"Living Wall","player_choice":"Grow","floor":2.0,"gold_loss":0.0,"damage_taken":0.0,"cards_upgraded":["Armaments"]},{"cards_removed":["Strike_R"],"damage_healed":0.0,"max_hp_gain":0.0,"max_hp_loss":0.0,"gold_gain":0.0,"event_name":"The Cleric","player_choice":"Card Removal","floor":5.0,"gold_loss":75.0,"damage_taken":0.0},{"damage_healed":0.0,"max_hp_gain":5.0,"max_hp_loss":0.0,"gold_gain":0.0,"event_name":"Big Fish","player_choice":"Donut","floor":8.0,"gold_loss":0.0,"damage_taken":0.0},{"damage_healed":0.0,"max_hp_gain":0.0,"max_hp_loss":26.0,"gold_gain":0.0,"event_name":"Vampires","player_choice":"Became a vampire","floor":20.0,"gold_loss":0.0,"damage_taken":0.0,"cards_obtained":["Bite","Bite","Bite","Bite","Bite"]},{"damage_healed":0,"gold_gain":0,"player_choice":"Read","damage_taken":0,"max_hp_gain":0,"max_hp_loss":0,"event_name":"The Library","floor":25,"gold_loss":0,"cards_obtained":["Flame Barrier"]},{"damage_healed":0,"gold_gain":0,"player_choice":"Memory 2","damage_taken":5,"max_hp_gain":0,"max_hp_loss":0,"event_name":"SensoryStone","floor":36,"gold_loss":0}],"is_beta":false,"boss_relics":[{"not_picked":["Empty Cage","Sozu"],"picked":"Runic Dome"},{"not_picked":["Snecko Eye","Mark of Pain"],"picked":"Coffee Dripper"}],"items_purged_floors":[],"is_endless":false,"potions_floor_spawned":[1,3,10,12,13,14,18,22,24,30,38,41,44,45],"killed_by":"The Heart","ascension_level":16}