{"gold_per_floor":[359,28,28,38,38,38,71,71,71,90,104,138,152,152,152,228,228,213,224,24,24,74,84,84,84],"floor_reached":25,"playtime":4615,"items_purged":["Strike_G"],"score":369,"play_id":"5ea9a1f0-a56c-4ba6-b7c4-d0ef2661f570","local_time":"20190718213922","is_ascension_mode":true,"campfire_choices":[{"data":"After Image","floor":6.0,"key":"SMITH"},{"data":"Neutralize","floor":8.0,"key":"SMITH"},{"floor":15,"key":"REST"},{"floor":24,"key":"REST"}],"neow_cost":"TEN_PERCENT_HP_LOSS","seed_source_timestamp":0,"circlet_count":0,"master_deck":["AscendersBane","Strike_G","Strike_G","Strike_G","Strike_G","Defend_G","Defend_G","Defend_G","Defend_G","Defend_G","Survivor","Neutralize+1","Deadly Poison","After Image+1","Crippling Poison","Bandage Up","Cloak And Dagger","Dagger Spray","Prepared","Backstab","Cloak And Dagger","Tools of the Trade","Backflip","Burst","Bouncing Flask","Dagger Throw","Decay","Predator+1"],"special_seed":0,"relics":["Ring of the Snake","Bag of Marbles","Mummified Hand","Shovel","Mercury Hourglass","Black Star"],"potions_floor_usage":[23],"damage_taken":[{"damage":3.0,"enemies":"2 Louse","floor":1.0,"turns":4.0},{"damage":0.0,"enemies":"Cultist","floor":4.0,"turns":4.0},{"damage":17.0,"enemies":"3 Sentries","floor":7.0,"turns":12.0},{"damage":0,"enemies":"Small Slimes","floor":10,"turns":3},{"damage":16,"enemies":"Exordium Thugs","floor":11,"turns":5},{"damage":15,"enemies":"Lagavulin","floor":12,"turns":7},{"damage":0,"enemies":"Lots of Slimes","floor":13,"turns":1},{"damage":3,"enemies":"The Guardian","floor":16,"turns":13},{"damage":18,"enemies":"2 Thieves","floor":18,"turns":4},{"damage":18,"enemies":"Spheric Guardian","floor":19,"turns":8},{"damage":21,"enemies":"Shelled Parasite and Fungi","floor":23,"turns":9},{"damage":46,"enemies":"Gremlin Leader","floor":25,"turns":8}],"seed_played":"4343605421793277641","potions_obtained":[{"floor":1.0,"key":"Explosive Potion"},{"floor":11,"key":"GhostInAJar"},{"floor":13,"key":"SteroidPotion"}],"is_trial":false,"path_per_floor":["M","$","?","M","$","R","E","R","T","M","M","E","M","?","R","B",null,"M","M","$","?","?","M","R","E"],"character_chosen":"THE_SILENT","items_purchased":["After Image","Crippling Poison","Bandage Up","Bouncing Flask","Dagger Throw"],"campfire_rested":2,"item_purchase_floors":[2,2,2,20,20],"current_hp_per_floor":[56,56,56,60,60,60,47,47,47,51,39,28,32,21,39,40,55,41,27,27,27,27,10,28,0],"gold":84,"neow_bonus":"TWO_FIFTY_GOLD","is_prod":false,"is_daily":false,"chose_seed":false,"campfire_upgraded":2,"win_rate":0,"timestamp":1563449962,"path_taken":["M","$","?","M","?","R","E","R","T","M","M","E","?","?","R","BOSS","M","M","$","?","?","?","R","E"],"build_version":"2019-07-17","purchased_purges":1,"victory":false,"max_hp_per_floor":[60,60,60,60,60,60,60,60,60,60,60,60,60,60,60,60,60,60,60,60,60,60,60,60,60],"card_choices":[{"not_picked":["Skewer","Blade Dance"],"picked":"Deadly Poison","floor":1.0},{"not_picked":["Flying Knee","Deflect"],"picked":"Cloak And Dagger","floor":4.0},{"not_picked":["Terror","Eviscerate"],"picked":"Dagger Spray","floor":7.0},{"not_picked":["Slice","Dagger Spray"],"picked":"Prepared","floor":10},{"not_picked":["Sucker Punch","Blade Dance"],"picked":"Backstab","floor":11},{"not_picked":["Blade Dance","Quick Slash","Reflex"],"picked":"SKIP","floor":12},{"not_picked":["Underhanded Strike","Terror"],"picked":"Cloak And Dagger","floor":13},{"not_picked":["After Image","Glass Knife"],"picked":"Tools of the Trade","floor":16},{"not_picked":["Poisoned Stab","Cloak And Dagger"],"picked":"Backflip","floor":18},{"not_picked":["Slice","PiercingWail"],"picked":"Burst","floor":19},{"not_picked":["Acrobatics","Poisoned Stab"],"picked":"Predator+1","floor":23}],"player_experience":1028194,"relics_obtained":[{"floor":7.0,"key":"Bag of Marbles"},{"floor":9.0,"key":"Mummified Hand"},{"floor":12,"key":"Shovel"}],"event_choices":[{"damage_healed":0.0,"max_hp_gain":0.0,"max_hp_loss":0.0,"gold_gain":0.0,"event_name":"FaceTrader","player_choice":"Leave","floor":3.0,"gold_loss":0.0,"damage_taken":0.0},{"damage_healed":0,"gold_gain":0,"player_choice":"Success","damage_taken":11,"relics_obtained":["Mercury Hourglass"],"max_hp_gain":0,"max_hp_loss":0,"event_name":"Scrap Ooze","floor":14,"gold_loss":0},{"damage_healed":0,"gold_gain":0,"player_choice":"Smashed Altar","damage_taken":0,"max_hp_gain":0,"max_hp_loss":0,"event_name":"Forgotten Altar","floor":21,"gold_loss":0,"cards_obtained":["Decay"]},{"damage_healed":0,"gold_gain":50,"player_choice":"Pray","damage_taken":0,"max_hp_gain":0,"max_hp_loss":0,"event_name":"Golden Shrine","floor":22,"gold_loss":0}],"is_beta":false,"boss_relics":[{"not_picked":["Empty Cage","White Beast Statue"],"picked":"Black Star"}],"items_purged_floors":[20],"is_endless":false,"potions_floor_spawned":[1,11,13,19],"killed_by":"Gremlin Leader","ascension_level":15}