{"gold_per_floor":[367,384,384,384,404,404,419,436,513,513,513,215,228,243,243,243],"floor_reached":16,"playtime":1261,"items_purged":[],"score":94,"play_id":"a504faa6-f6ea-4291-a390-616b769e5a12","local_time":"20190911113104","is_ascension_mode":false,"campfire_choices":[{"floor":6,"key":"REST"},{"data":"Machine Learning","floor":11,"key":"SMITH"},{"data":"Heatsinks","floor":15,"key":"SMITH"}],"neow_cost":"CURSE","seed_source_timestamp":77930601050980,"circlet_count":0,"master_deck":["Strike_B","Strike_B+1","Strike_B","Strike_B","Defend_B","Defend_B","Defend_B+1","Defend_B","Zap","Dualcast","Injury","Go for the Eyes","Rebound","Steam","Rebound","Skim","Machine Learning+1","Zap","Hologram","Self Repair","Leap","Coolheaded","Heatsinks+1"],"relics":["Cracked Core","Shuriken","PreservedInsect"],"potions_floor_usage":[],"damage_taken":[{"damage":2,"enemies":"Small Slimes","floor":1,"turns":4},{"damage":4,"enemies":"Cultist","floor":2,"turns":4},{"damage":0,"enemies":"2 Louse","floor":5,"turns":2},{"damage":5,"enemies":"Looter","floor":7,"turns":3},{"damage":9,"enemies":"Gremlin Gang","floor":8,"turns":5},{"damage":15,"enemies":"Large Slime","floor":13,"turns":7},{"damage":10,"enemies":"3 Louse","floor":14,"turns":5},{"damage":57,"enemies":"Hexaghost","floor":16,"turns":16}],"seed_played":"-7888227086665456235","potions_obtained":[{"floor":1,"key":"GamblersBrew"},{"floor":5,"key":"FearPotion"}],"is_trial":false,"path_per_floor":["M","M","?","?","M","R","M","M","T","?","R","$","M","M","R","B"],"character_chosen":"DEFECT","items_purchased":["Hologram","PreservedInsect","Self Repair","Leap"],"campfire_rested":1,"item_purchase_floors":[12,12,12,12],"current_hp_per_floor":[73,69,74,58,58,80,75,66,66,66,66,66,58,55,55,0],"gold":243,"neow_bonus":"TWO_FIFTY_GOLD","is_prod":false,"is_daily":false,"chose_seed":false,"campfire_upgraded":2,"win_rate":0,"timestamp":1568212264,"path_taken":["M","M","?","?","M","R","M","M","T","?","R","$","?","M","R","BOSS"],"build_version":"2019-07-17","purchased_purges":0,"victory":false,"max_hp_per_floor":[75,75,80,80,80,80,80,80,80,80,80,80,80,80,80,80],"card_choices":[{"not_picked":["Recycle","Ball Lightning"],"picked":"Go for the Eyes","floor":1},{"not_picked":["Tempest","Double Energy"],"picked":"Rebound","floor":2},{"not_picked":["Barrage","Darkness"],"picked":"Steam","floor":5},{"not_picked":["Recycle","Aggregate"],"picked":"Rebound","floor":7},{"not_picked":["BootSequence","Rebound"],"picked":"Skim","floor":8},{"not_picked":["Skim","Sweeping Beam"],"picked":"Coolheaded","floor":13},{"not_picked":["Rebound","Lockon"],"picked":"Heatsinks","floor":14}],"player_experience":143641,"relics_obtained":[{"floor":9,"key":"Shuriken"}],"event_choices":[{"damage_healed":0,"gold_gain":0,"player_choice":"Donut","damage_taken":0,"max_hp_gain":5,"max_hp_loss":0,"event_name":"Big Fish","floor":3,"gold_loss":0},{"damage_healed":0,"gold_gain":0,"player_choice":"Entered Light","damage_taken":16,"max_hp_gain":0,"max_hp_loss":0,"event_name":"Shining Light","floor":4,"gold_loss":0,"cards_upgraded":["Defend_B","Strike_B"]},{"damage_healed":0,"gold_gain":0,"player_choice":"2 cards matched","damage_taken":0,"max_hp_gain":0,"max_hp_loss":0,"event_name":"Match and Keep!","floor":10,"gold_loss":0,"cards_obtained":["Machine Learning","Zap"]}],"is_beta":false,"boss_relics":[],"items_purged_floors":[],"is_endless":false,"potions_floor_spawned":[1,5],"killed_by":"Hexaghost","ascension_level":0}