{"gold_per_floor":[112,132,148,423,435,435,435,435,435,769,786,796,796,831,831,908,908,922,940,855,855,870,870,896,896,922,237,255,255,268,302,302,373,373,393,410,29,47,147,147,172,172,172,172,23,57,77,102,102,102],"floor_reached":50,"playtime":3466,"items_purged":["Regret","Pain","Shame"],"score":1360,"play_id":"878df142-621b-4f67-9838-1d00cd6f89e2","local_time":"20190504100720","is_ascension_mode":true,"campfire_choices":[{"data":"Glass Knife","floor":6.0,"key":"SMITH"},{"data":"Terror","floor":8.0,"key":"SMITH"},{"floor":15.0,"key":"REST"},{"floor":23.0,"key":"REST"},{"floor":25.0,"key":"REST"},{"floor":32.0,"key":"REST"},{"data":"After Image","floor":40.0,"key":"SMITH"},{"floor":42,"key":"REST"},{"floor":49,"key":"RECALL"}],"neow_cost":"NONE","seed_source_timestamp":860266440143537,"circlet_count":0,"master_deck":["AscendersBane","Survivor","Neutralize","Dagger Spray","Terror+1","Glass Knife+1","Predator","Well Laid Plans","Backstab","PiercingWail","Phantasmal Killer","Endless Agony+1","Envenom","All Out Attack+1","Accuracy+1","Choke+1","Cloak And Dagger","Storm of Steel","Accuracy","Storm of Steel","Backstab+1","Leg Sweep","Deflect","Acrobatics","After Image+1","Backstab+1","PiercingWail","PiercingWail","Malaise","Clumsy","Blur","Blade Dance+1","Calculated Gamble+1","Flechettes+1","Mind Blast+1"],"special_seed":0,"relics":["Ring of the Snake","Question Card","Old Coin","Dodecahedron","Molten Egg 2","Pandora\u0027s Box","Pocketwatch","Darkstone Periapt","Bag of Preparation","Pantograph","Ninja Scroll","Strawberry","Orichalcum","Calling Bell","Smiling Mask","Matryoshka","Ginger","Incense Burner","The Specimen","Boot","Blood Vial","Turnip","Juzu Bracelet"],"potions_floor_usage":[41,41,50],"damage_taken":[{"damage":0.0,"enemies":"Jaw Worm","floor":1.0,"turns":7.0},{"damage":1.0,"enemies":"Cultist","floor":2.0,"turns":4.0},{"damage":1.0,"enemies":"2 Louse","floor":3.0,"turns":3.0},{"damage":1.0,"enemies":"Looter","floor":5.0,"turns":3.0},{"damage":8.0,"enemies":"Gremlin Nob","floor":10.0,"turns":3.0},{"damage":0.0,"enemies":"2 Fungi Beasts","floor":11.0,"turns":1.0},{"damage":0.0,"enemies":"Exordium Thugs","floor":12.0,"turns":4.0},{"damage":7.0,"enemies":"3 Sentries","floor":14.0,"turns":8.0},{"damage":30.0,"enemies":"Hexaghost","floor":16.0,"turns":9.0},{"damage":6.0,"enemies":"Chosen","floor":18.0,"turns":4.0},{"damage":0.0,"enemies":"Spheric Guardian","floor":19.0,"turns":1.0},{"damage":21.0,"enemies":"Snake Plant","floor":22.0,"turns":3.0},{"damage":30.0,"enemies":"Slavers","floor":24.0,"turns":4.0},{"damage":37.0,"enemies":"Cultist and Chosen","floor":28.0,"turns":6.0},{"damage":11.0,"enemies":"Sentry and Sphere","floor":30.0,"turns":3.0},{"damage":0.0,"enemies":"Gremlin Leader","floor":31.0,"turns":4.0},{"damage":25.0,"enemies":"Champ","floor":33.0,"turns":8.0},{"damage":14.0,"enemies":"3 Shapes","floor":35.0,"turns":10.0},{"damage":12.0,"enemies":"Orb Walker","floor":36.0,"turns":3.0},{"damage":19.0,"enemies":"Maw","floor":38.0,"turns":8.0},{"damage":9.0,"enemies":"Mind Bloom Boss Battle","floor":39.0,"turns":7.0},{"damage":33,"enemies":"Reptomancer","floor":41,"turns":8},{"damage":18,"enemies":"Nemesis","floor":46,"turns":3},{"damage":0,"enemies":"Sphere and 2 Shapes","floor":47,"turns":9},{"damage":55,"enemies":"Reptomancer","floor":48,"turns":6},{"damage":45,"enemies":"Donu and Deca","floor":50,"turns":3}],"seed_played":"7196282702576103489","potions_obtained":[{"floor":3.0,"key":"SkillPotion"},{"floor":11.0,"key":"SneckoOil"},{"floor":12.0,"key":"Block Potion"},{"floor":14.0,"key":"Poison Potion"},{"floor":24.0,"key":"Poison Potion"},{"floor":38.0,"key":"Regen Potion"},{"floor":39.0,"key":"Block Potion"},{"floor":41,"key":"Ancient Potion"},{"floor":47,"key":"Strength Potion"}],"is_trial":false,"path_per_floor":["M","M","M","?","M","R","?","R","T","E","M","M","?","E","R","B",null,"M","M","?","?","M","R","E","R","T","$","M","T","M","E","R","B",null,"M","M","$","M","?","R","E","R","T","?","$","E","M","E","R","B"],"character_chosen":"THE_SILENT","items_purchased":["Pantograph","Ninja Scroll","Dexterity Potion","Incense Burner","Mind Blast+1"],"campfire_rested":5,"item_purchase_floors":[27,27,27,37,45],"current_hp_per_floor":[65,64,63,63,62,62,67,67,67,59,59,59,24,17,40,10,60,54,54,54,54,33,56,26,49,49,49,12,19,8,8,33,33,89,75,63,63,44,60,60,42,72,72,72,72,56,58,5,5,0],"gold":102,"neow_bonus":"TEN_PERCENT_HP_BONUS","is_prod":false,"is_daily":false,"chose_seed":false,"campfire_upgraded":3,"win_rate":0,"timestamp":1556978840,"path_taken":["M","M","M","?","?","R","?","R","T","E","M","M","?","E","R","BOSS","M","M","?","?","?","R","E","R","T","$","M","?","?","E","R","BOSS","M","M","$","M","?","R","E","R","T","?","$","E","M","E","R","BOSS"],"build_version":"2019-01-23","purchased_purges":3,"victory":false,"max_hp_per_floor":[72,72,72,72,72,72,77,77,77,77,77,77,77,77,77,77,77,77,77,77,77,77,77,77,77,77,77,77,84,84,84,84,84,102,102,102,102,102,102,102,102,102,102,102,102,102,102,102,102,102],"card_choices":[{"not_picked":["PiercingWail","Bouncing Flask"],"picked":"Dagger Spray","floor":1.0},{"not_picked":["Blade Dance","Quick Slash"],"picked":"Terror","floor":2.0},{"not_picked":["Cloak And Dagger","Flying Knee"],"picked":"Glass Knife","floor":3.0},{"not_picked":["Slice","Quick Slash"],"picked":"Predator","floor":5.0},{"not_picked":["Poisoned Stab","Cloak And Dagger","Dagger Spray"],"picked":"Well Laid Plans","floor":10.0},{"not_picked":["Cloak And Dagger","Well Laid Plans","Acrobatics"],"picked":"Backstab","floor":11.0},{"not_picked":["Sucker Punch","Choke","Poisoned Stab"],"picked":"PiercingWail","floor":12.0},{"not_picked":["PiercingWail","Corpse Explosion","Outmaneuver","Blade Dance"],"picked":"SKIP","floor":14.0},{"not_picked":["Storm of Steel","Corpse Explosion","Grand Finale+1"],"picked":"Phantasmal Killer","floor":16.0},{"not_picked":["Acrobatics","Concentrate+1","Underhanded Strike+1"],"picked":"Leg Sweep","floor":18.0},{"not_picked":["Dagger Throw+1","Deadly Poison","Dagger Spray+1"],"picked":"Deflect","floor":19.0},{"not_picked":["Deadly Poison","Deflect","Bane+1"],"picked":"Acrobatics","floor":22.0},{"not_picked":["Concentrate","Tactician","Well Laid Plans"],"picked":"After Image","floor":24.0},{"not_picked":["Deadly Poison","Outmaneuver","Accuracy"],"picked":"Backstab+1","floor":28.0},{"not_picked":["Sucker Punch+1","Skewer+1","Choke+1"],"picked":"PiercingWail","floor":30.0},{"not_picked":["Acrobatics","Dodge and Roll","Dagger Spray+1"],"picked":"PiercingWail","floor":31.0},{"not_picked":["Unload+1","Envenom","Corpse Explosion"],"picked":"Malaise","floor":33.0},{"not_picked":["Dash+1","Distraction","Deadly Poison+1"],"picked":"Blur","floor":35.0},{"not_picked":["Prepared+1","Setup+1","Dagger Spray+1"],"picked":"Blade Dance+1","floor":36.0},{"not_picked":["Poisoned Stab+1","Deflect","Deadly Poison","Eviscerate+1"],"picked":"SKIP","floor":38.0},{"not_picked":["Backflip","Sucker Punch+1","Underhanded Strike+1"],"picked":"Calculated Gamble+1","floor":39.0},{"not_picked":["Dagger Throw+1","Infinite Blades","Underhanded Strike+1"],"picked":"Flechettes+1","floor":41},{"not_picked":["Skewer+1","Backflip","Choke+1","PiercingWail"],"picked":"SKIP","floor":46},{"not_picked":["Deflect","Well Laid Plans","Prepared+1","Bane+1"],"picked":"SKIP","floor":47},{"not_picked":["Deflect","Well Laid Plans","Prepared+1","Bane+1"],"picked":"SKIP","floor":47},{"not_picked":["Endless Agony+1","Sucker Punch+1","Caltrops","Infinite Blades+1"],"picked":"SKIP","floor":48}],"player_experience":1402766,"relics_obtained":[{"floor":9.0,"key":"Question Card"},{"floor":10.0,"key":"Old Coin"},{"floor":14.0,"key":"Molten Egg 2"},{"floor":24.0,"key":"Darkstone Periapt"},{"floor":26.0,"key":"Bag of Preparation"},{"floor":29.0,"key":"Strawberry"},{"floor":31.0,"key":"Orichalcum"},{"floor":34.0,"key":"Smiling Mask"},{"floor":34.0,"key":"Matryoshka"},{"floor":34.0,"key":"Ginger"},{"floor":39.0,"key":"The Specimen"},{"floor":41,"key":"Boot"},{"floor":43,"key":"Blood Vial"},{"floor":46,"key":"Turnip"},{"floor":48,"key":"Juzu Bracelet"}],"event_choices":[{"damage_healed":0.0,"max_hp_gain":0.0,"max_hp_loss":0.0,"gold_gain":275.0,"event_name":"Golden Shrine","player_choice":"Desecrate","floor":4.0,"gold_loss":0.0,"damage_taken":0.0,"cards_obtained":["Regret"]},{"damage_healed":0.0,"max_hp_gain":5.0,"max_hp_loss":0.0,"gold_gain":0.0,"event_name":"Big Fish","player_choice":"Donut","floor":7.0,"gold_loss":0.0,"damage_taken":0.0},{"damage_healed":0.0,"max_hp_gain":0.0,"max_hp_loss":0.0,"gold_gain":0.0,"event_name":"Scrap Ooze","player_choice":"Success","floor":13.0,"gold_loss":0.0,"damage_taken":35.0,"relics_obtained":["Dodecahedron"]},{"damage_healed":0.0,"max_hp_gain":0.0,"max_hp_loss":0.0,"gold_gain":0.0,"event_name":"Addict","player_choice":"Obtained Relic","floor":20.0,"gold_loss":85.0,"damage_taken":0.0,"relics_obtained":["Pocketwatch"]},{"damage_healed":0.0,"max_hp_gain":0.0,"max_hp_loss":0.0,"gold_gain":0.0,"event_name":"Accursed Blacksmith","player_choice":"Forge","floor":21.0,"gold_loss":0.0,"damage_taken":0.0,"cards_upgraded":["Accuracy"]},{"damage_healed":0.0,"max_hp_gain":0.0,"max_hp_loss":0.0,"gold_gain":0.0,"event_name":"MindBloom","player_choice":"Fight","floor":39.0,"gold_loss":0.0,"damage_taken":0.0},{"damage_healed":0,"gold_gain":0,"player_choice":"Memory 1","damage_taken":0,"max_hp_gain":0,"max_hp_loss":0,"event_name":"SensoryStone","floor":44,"gold_loss":0}],"is_beta":false,"boss_relics":[{"not_picked":["Runic Pyramid","Busted Crown"],"picked":"Pandora\u0027s Box"},{"not_picked":["Orrery","Tiny House"],"picked":"Calling Bell"}],"items_purged_floors":[27,37,45],"is_endless":false,"potions_floor_spawned":[3,11,12,14,24,31,38,39,41,47],"killed_by":"Donu and Deca","ascension_level":20}