{"gold_per_floor":[114,132,152,152,152,181,181,198,223,235,274,296,326,372,384,467,479,511,536,548,574,601,613,625,562,574,606,634,125,125,139,139,139],"floor_reached":33,"playtime":1575,"items_purged":["Strike_G"],"score":542,"play_id":"e1f89b47-a24f-4566-b62a-8b348f86b441","local_time":"20181231102635","is_ascension_mode":true,"campfire_choices":[{"data":"Dagger Spray","floor":7.0,"key":"SMITH"},{"floor":10.0,"key":"REST"},{"data":"Phantasmal Killer","floor":15.0,"key":"SMITH"},{"floor":23,"key":"REST"},{"floor":32,"key":"REST"}],"neow_cost":"NONE","seed_source_timestamp":895771018465465,"circlet_count":0,"master_deck":["AscendersBane","Defend_G","Defend_G","Defend_G","Defend_G","Defend_G","Strike_G","Strike_G+1","Strike_G","Survivor","Neutralize+1","Caltrops+1","Dagger Spray+1","Slice","Dagger Throw","Dash","Phantasmal Killer+1","Deflect","Blur","Die Die Die","Backstab","PiercingWail","Bouncing Flask","Deflect","Crippling Poison","Tactician"],"special_seed":0,"relics":["Ring of the Snake","NeowsBlessing","Pen Nib","MawBank","Bag of Marbles","Tingsha","Runic Pyramid","Happy Flower","Anchor","Tiny Chest","Shuriken"],"potions_floor_usage":[22,28,28,33],"damage_taken":[{"damage":0.0,"enemies":"Cultist","floor":1.0,"turns":1.0},{"damage":0.0,"enemies":"Small Slimes","floor":2.0,"turns":1.0},{"damage":0.0,"enemies":"2 Louse","floor":3.0,"turns":1.0},{"damage":38.0,"enemies":"Lagavulin","floor":6.0,"turns":9.0},{"damage":1.0,"enemies":"Looter","floor":8.0,"turns":3.0},{"damage":6.0,"enemies":"Gremlin Nob","floor":11.0,"turns":3.0},{"damage":0.0,"enemies":"Blue Slaver","floor":12.0,"turns":3.0},{"damage":0.0,"enemies":"Exordium Wildlife","floor":13.0,"turns":3.0},{"damage":3.0,"enemies":"3 Sentries","floor":14.0,"turns":4.0},{"damage":14.0,"enemies":"Hexaghost","floor":16.0,"turns":10.0},{"damage":20.0,"enemies":"2 Thieves","floor":18.0,"turns":3.0},{"damage":0.0,"enemies":"Chosen","floor":19.0,"turns":2.0},{"damage":0.0,"enemies":"Centurion and Healer","floor":21.0,"turns":3.0},{"damage":28,"enemies":"Sentry and Sphere","floor":22,"turns":6},{"damage":14,"enemies":"Snake Plant","floor":27,"turns":3},{"damage":0,"enemies":"Centurion and Healer","floor":28,"turns":7},{"damage":7,"enemies":"Snecko","floor":31,"turns":4},{"damage":25,"enemies":"Automaton","floor":33,"turns":10}],"seed_played":"5545262493812745232","potions_obtained":[{"floor":1.0,"key":"Regen Potion"},{"floor":6.0,"key":"AttackPotion"},{"floor":8.0,"key":"PowerPotion"},{"floor":12.0,"key":"LiquidBronze"},{"floor":13.0,"key":"PowerPotion"},{"floor":18.0,"key":"Dexterity Potion"},{"floor":22,"key":"Dexterity Potion"},{"floor":27,"key":"PowerPotion"}],"is_trial":false,"path_per_floor":["M","M","M","?","?","E","R","M","T","R","E","M","M","E","R","B",null,"M","M","?","M","M","R","?","?","T","M","M","$","T","M","R","B"],"character_chosen":"THE_SILENT","items_purchased":["Anchor","Tiny Chest","Tactician","Dexterity Potion"],"campfire_rested":3,"item_purchase_floors":[29,29,29,29],"current_hp_per_floor":[59,59,59,39,39,16,16,15,15,34,28,28,28,25,25,11,52,32,32,32,32,4,23,23,23,23,9,9,9,9,2,21,0],"gold":139,"neow_bonus":"THREE_ENEMY_KILL","is_prod":false,"is_daily":false,"chose_seed":false,"campfire_upgraded":2,"win_rate":0,"timestamp":1546269995,"path_taken":["M","?","?","?","?","E","R","M","T","R","E","M","M","E","R","BOSS","M","M","?","M","M","R","?","?","T","M","M","$","?","M","R","BOSS"],"build_version":"2018-12-20","purchased_purges":1,"victory":false,"max_hp_per_floor":[66,66,66,66,66,66,66,66,66,66,66,66,66,66,66,66,66,66,66,66,66,66,66,66,66,66,66,66,66,66,66,66,66],"card_choices":[{"not_picked":["Setup","PiercingWail"],"picked":"Caltrops","floor":1.0},{"not_picked":["Distraction","Well Laid Plans"],"picked":"Dagger Spray","floor":2.0},{"not_picked":["Caltrops","Well Laid Plans"],"picked":"Slice","floor":3.0},{"not_picked":["Acrobatics","Slice"],"picked":"Dagger Throw","floor":6.0},{"not_picked":["Dagger Spray","Flying Knee"],"picked":"Dash","floor":8.0},{"not_picked":["Distraction","Flechettes"],"picked":"Phantasmal Killer","floor":11.0},{"not_picked":["Flying Knee","Bane"],"picked":"Deflect","floor":12.0},{"not_picked":["Blade Dance","Prepared","Expertise"],"picked":"SKIP","floor":13.0},{"not_picked":["Outmaneuver","Heel Hook"],"picked":"Blur","floor":14.0},{"not_picked":["Doppelganger","Venomology"],"picked":"Die Die Die","floor":16.0},{"not_picked":["Dash","Backflip"],"picked":"Backstab","floor":18.0},{"not_picked":["Calculated Gamble","Quick Slash"],"picked":"PiercingWail","floor":19.0},{"not_picked":["Skewer","Well Laid Plans","Catalyst"],"picked":"SKIP","floor":21.0},{"not_picked":["Deflect","PiercingWail"],"picked":"Bouncing Flask","floor":22},{"not_picked":["Flying Knee","Predator"],"picked":"Deflect","floor":27},{"not_picked":["Acrobatics","Bane"],"picked":"Crippling Poison","floor":28},{"not_picked":["Deadly Poison","Dagger Spray","PiercingWail"],"picked":"SKIP","floor":31}],"player_experience":1135925,"relics_obtained":[{"floor":6.0,"key":"Pen Nib"},{"floor":9.0,"key":"MawBank"},{"floor":11.0,"key":"Bag of Marbles"},{"floor":14.0,"key":"Tingsha"},{"floor":26,"key":"Happy Flower"},{"floor":30,"key":"Shuriken"}],"event_choices":[{"damage_healed":0.0,"max_hp_gain":0.0,"max_hp_loss":0.0,"gold_gain":0.0,"event_name":"Shining Light","player_choice":"Entered Light","floor":4.0,"gold_loss":0.0,"damage_taken":20.0,"cards_upgraded":["Caltrops","Strike_G"]},{"damage_healed":0.0,"max_hp_gain":0.0,"max_hp_loss":0.0,"gold_gain":0.0,"event_name":"Living Wall","player_choice":"Grow","floor":5.0,"gold_loss":0.0,"damage_taken":0.0,"cards_upgraded":["Neutralize"]},{"damage_healed":0.0,"max_hp_gain":0.0,"max_hp_loss":0.0,"gold_gain":0.0,"event_name":"Ghosts","player_choice":"Ignored","floor":20.0,"gold_loss":0.0,"damage_taken":0.0},{"damage_healed":0,"gold_gain":0,"player_choice":"Ignored","damage_taken":0,"max_hp_gain":0,"max_hp_loss":0,"event_name":"Vampires","floor":24,"gold_loss":0},{"cards_removed":["Strike_G"],"damage_healed":0,"gold_gain":0,"player_choice":"Gave Gold","damage_taken":0,"max_hp_gain":0,"max_hp_loss":0,"event_name":"Beggar","floor":25,"gold_loss":75}],"is_beta":false,"boss_relics":[{"not_picked":["Tiny House","Sozu"],"picked":"Runic Pyramid"}],"items_purged_floors":[29],"is_endless":false,"potions_floor_spawned":[1,6,8,12,13,18,22,27],"killed_by":"Automaton","ascension_level":20}