{"gold_per_floor":[12,28,39,189,189,189,217,236,236,236,286,321,321,335,335,407,407,425,36,36,52,52],"floor_reached":22,"playtime":797,"items_purged":[],"score":365,"play_id":"5d234845-6b4f-4e68-b924-7626fd11f0c6","local_time":"20190722030420","is_ascension_mode":true,"campfire_choices":[{"data":"Machine Learning","floor":6,"key":"SMITH"},{"floor":10,"key":"REST"},{"floor":13,"key":"REST"},{"floor":15,"key":"REST"}],"neow_cost":"NO_GOLD","seed_source_timestamp":50285030615494,"circlet_count":0,"master_deck":["AscendersBane","Defend_B","Defend_B","Defend_B","Defend_B","Zap","Dualcast","Machine Learning+1","Beam Cell","Hologram","Cold Snap","Doubt","Regret","Consume","Ball Lightning","Conserve Battery","Ball Lightning","Creative AI","Stack","Bite","Bite","Bite","Bite","Bite","Reprogram+1"],"relics":["Cracked Core","Bag of Marbles","FossilizedHelix","The Courier","WingedGreaves","Runic Pyramid","Letter Opener","Toxic Egg 2"],"potions_floor_usage":[7,7,12,14,18,21,22],"damage_taken":[{"damage":6,"enemies":"Cultist","floor":1,"turns":4},{"damage":0,"enemies":"Small Slimes","floor":2,"turns":3},{"damage":7,"enemies":"Jaw Worm","floor":3,"turns":2},{"damage":25,"enemies":"Lagavulin","floor":7,"turns":6},{"damage":10,"enemies":"Large Slime","floor":8,"turns":5},{"damage":26,"enemies":"Gremlin Nob","floor":12,"turns":4},{"damage":0,"enemies":"Exordium Thugs","floor":14,"turns":4},{"damage":33,"enemies":"Slime Boss","floor":16,"turns":9},{"damage":0,"enemies":"Spheric Guardian","floor":18,"turns":3},{"damage":15,"enemies":"3 Byrds","floor":21,"turns":3},{"damage":36,"enemies":"Snake Plant","floor":22,"turns":3}],"seed_played":"5865278095215303882","potions_obtained":[{"floor":1,"key":"EntropicBrew"},{"floor":7,"key":"Poison Potion"},{"floor":8,"key":"GamblersBrew"},{"floor":14,"key":"LiquidBronze"},{"floor":16,"key":"Energy Potion"},{"floor":21,"key":"AttackPotion"}],"is_trial":false,"path_per_floor":["M","M","M","?","?","R","E","M","T","R","?","E","R","M","R","B",null,"M","$","?","M","M"],"character_chosen":"DEFECT","items_purchased":["Letter Opener","Toxic Egg 2"],"campfire_rested":3,"item_purchase_floors":[19,19],"current_hp_per_floor":[58,58,51,51,51,51,26,16,16,37,37,11,32,32,53,20,58,58,58,49,36,0],"gold":52,"neow_bonus":"THREE_RARE_CARDS","is_prod":false,"is_daily":false,"chose_seed":false,"campfire_upgraded":1,"win_rate":0,"timestamp":1563728660,"path_taken":["M","?","M","?","?","R","E","M","T","R","?","E","R","?","R","BOSS","M","$","?","M","M"],"build_version":"2019-07-17","purchased_purges":0,"victory":false,"max_hp_per_floor":[71,71,71,71,71,71,71,71,71,71,71,71,71,71,71,71,71,71,71,49,49,49],"card_choices":[{"not_picked":["Fission","All For One"],"picked":"Machine Learning","floor":0},{"not_picked":["Scrape","Barrage"],"picked":"Beam Cell","floor":1},{"not_picked":["Go for the Eyes","Rainbow"],"picked":"Hologram","floor":2},{"not_picked":["Melter","Stack"],"picked":"Cold Snap","floor":3},{"not_picked":["Turbo","Rebound"],"picked":"Consume","floor":7},{"not_picked":["Turbo","Redo"],"picked":"Ball Lightning","floor":8},{"not_picked":["Rebound","Static Discharge"],"picked":"Conserve Battery","floor":12},{"not_picked":["Double Energy","Stack"],"picked":"Ball Lightning","floor":14},{"not_picked":["Buffer","Reboot"],"picked":"Creative AI","floor":16},{"not_picked":["Blizzard","Steam"],"picked":"Stack","floor":18},{"not_picked":["Redo+1","Steam+1"],"picked":"Reprogram+1","floor":21}],"player_experience":1046795,"relics_obtained":[{"floor":7,"key":"FossilizedHelix"},{"floor":9,"key":"The Courier"},{"floor":12,"key":"WingedGreaves"}],"event_choices":[{"damage_healed":0,"gold_gain":150,"player_choice":"AGREE","damage_taken":0,"max_hp_gain":0,"max_hp_loss":0,"event_name":"Liars Game","floor":4,"gold_loss":0,"cards_obtained":["Doubt"]},{"damage_healed":0,"gold_gain":0,"player_choice":"Box","damage_taken":0,"relics_obtained":["Bag of Marbles"],"max_hp_gain":0,"max_hp_loss":0,"event_name":"Big Fish","floor":5,"gold_loss":0,"cards_obtained":["Regret"]},{"damage_healed":0,"gold_gain":50,"player_choice":"Pray","damage_taken":0,"max_hp_gain":0,"max_hp_loss":0,"event_name":"Golden Shrine","floor":11,"gold_loss":0},{"damage_healed":0,"gold_gain":0,"player_choice":"Became a vampire","damage_taken":0,"max_hp_gain":0,"max_hp_loss":22,"event_name":"Vampires","floor":20,"gold_loss":0,"cards_obtained":["Bite","Bite","Bite","Bite","Bite"]}],"is_beta":false,"boss_relics":[{"not_picked":["Philosopher\u0027s Stone","Lizard Tail"],"picked":"Runic Pyramid"}],"items_purged_floors":[],"is_endless":false,"potions_floor_spawned":[1,7,8,14,16,21],"killed_by":"Snake Plant","ascension_level":15}