{"path_per_floor":["M","M","?","$","M","E","R","?","T","M","?","?","M","E","R","B",null,"M","M","M","M","M"],"character_chosen":"IRONCLAD","items_purchased":["Disarm","Thunderclap"],"gold_per_floor":[114,128,128,30,48,79,79,79,79,89,139,139,150,184,184,283,283,295,309,319,336,356,356],"floor_reached":23,"campfire_rested":1,"playtime":1998,"current_hp_per_floor":[79,80,68,68,68,69,69,69,69,56,56,56,62,55,79,48,80,69,63,61,58,39,0],"items_purged":[],"gold":356,"score":246,"play_id":"1ad8428b-cd48-465e-adcf-2854054406b5","local_time":"20180407175452","is_prod":false,"is_daily":false,"is_ascension_mode":true,"campfire_upgraded":1,"timestamp":1523138092,"path_taken":["M","M","?","$","M","E","R","?","T","M","?","?","M","E","R","BOSS","M","M","M","M","M","E"],"build_version":"2018-04-05v2","purchased_purges":0,"victory":false,"master_deck":["Strike_R","Strike_R","Strike_R","Strike_R","Strike_R","Defend_R+1","Defend_R","Defend_R","Defend_R+1","Bash","Anger","Flame Barrier+1","Disarm","Thunderclap","Shockwave","Whirlwind+1","Carnage","Sentinel","Iron Wave","Body Slam","Demon Form","Metallicize","Armaments","Flex","Anger"],"max_hp_per_floor":[80,80,80,80,80,80,80,80,80,80,80,80,80,80,80,80,80,80,80,80,80,80,80],"relics":["Black Blood","War Paint","Matryoshka","Prayer Wheel","Vajra","Unceasing Top","Orichalcum"],"card_choices":[{"not_picked":["Sentinel","Sword Boomerang"],"picked":"Anger","floor":1},{"not_picked":["Flex","Body Slam"],"picked":"Flame Barrier","floor":2},{"not_picked":["Sword Boomerang","Wild Strike"],"picked":"Shockwave","floor":5},{"not_picked":["Headbutt","Flex"],"picked":"Whirlwind","floor":6},{"not_picked":["Sword Boomerang","Anger"],"picked":"Sentinel","floor":9},{"not_picked":["Dark Embrace","Pommel Strike"],"picked":"Iron Wave","floor":10},{"not_picked":["Warcry","Pommel Strike"],"picked":"Body Slam","floor":14},{"not_picked":["Impervious","Offering"],"picked":"Demon Form","floor":16},{"not_picked":["Blood for Blood","Battle Trance"],"picked":"Metallicize","floor":19},{"not_picked":["Reckless Charge","Sever Soul"],"picked":"Armaments","floor":20},{"not_picked":["Cleave","Infernal Blade"],"picked":"Flex","floor":21},{"not_picked":["Sword Boomerang","Havoc"],"picked":"Anger","floor":22}],"player_experience":190771,"potions_floor_usage":[6,10,14,22,23],"damage_taken":[{"damage":7,"enemies":"Jaw Worm","floor":1,"turns":4},{"damage":2,"enemies":"2 Louse","floor":2,"turns":3},{"damage":6,"enemies":"Small Slimes","floor":5,"turns":3},{"damage":20,"enemies":"3 Sentries","floor":6,"turns":8},{"damage":19,"enemies":"Exordium Thugs","floor":10,"turns":4},{"damage":0,"enemies":"3 Louse","floor":13,"turns":2},{"damage":13,"enemies":"Lagavulin","floor":14,"turns":8},{"damage":37,"enemies":"The Guardian","floor":16,"turns":12},{"damage":21,"enemies":"3 Byrds","floor":18,"turns":5},{"damage":16,"enemies":"Shell Parasite","floor":19,"turns":5},{"damage":12,"enemies":"Snake Plant","floor":20,"turns":4},{"damage":13,"enemies":"Snecko","floor":21,"turns":5},{"damage":29,"enemies":"Slaver and Parasite","floor":22,"turns":7},{"damage":43,"enemies":"Book of Stabbing","floor":23,"turns":6}],"event_choices":[{"event_name":"Scrap Ooze","player_choice":"success","floor":3,"damage_taken":12},{"event_name":"Match and Keep!","player_choice":"1 cards matched","floor":8,"damage_taken":0},{"event_name":"Match and Keep!","player_choice":"1 cards matched","floor":8,"damage_taken":0},{"event_name":"Golden Wing","player_choice":"Gained Gold","floor":11,"damage_taken":0},{"event_name":"Living Wall","player_choice":"Grow","floor":12,"damage_taken":0}],"boss_relics":[{"not_picked":["Runic Dome","Ectoplasm"],"picked":"Black Blood"}],"potions_floor_spawned":[1,5,13,16,18],"seed_played":"4179460129477636095","killed_by":"Book of Stabbing","ascension_level":4,"is_trial":false}