{"gold_per_floor":[115,40,55,27,102,102,131,131,131,160,160,178,62,75,75,153,153,164,179,199,210,210,210,210,210,261,261,290,290,25,38,38,112,112,128,138,184,195,205,205,205,205,253,279,279,298,298,298,298,298,298,298,298,58,90,90],"floor_reached":56,"playtime":4767,"items_purged":["Strike_G","Writhe"],"score":1881,"play_id":"b836ab25-15f4-40ed-8f4b-bb65242b977a","local_time":"20190106223434","is_ascension_mode":true,"campfire_choices":[{"data":"Neutralize","floor":6.0,"key":"SMITH"},{"data":"Poisoned Stab","floor":8.0,"key":"SMITH"},{"data":"Leg Sweep","floor":15.0,"key":"SMITH"},{"floor":23.0,"key":"REST"},{"data":"Corpse Explosion","floor":25.0,"key":"SMITH"},{"data":"Bane","floor":27.0,"key":"SMITH"},{"floor":32.0,"key":"REST"},{"floor":40.0,"key":"REST"},{"floor":42.0,"key":"REST"},{"floor":45.0,"key":"RECALL"},{"data":"After Image","floor":49.0,"key":"SMITH"},{"floor":53.0,"key":"REST"}],"neow_cost":"NONE","seed_source_timestamp":1022815306517278,"circlet_count":0,"master_deck":["AscendersBane","Survivor","Neutralize+1","Poisoned Stab+1","Flying Knee","Bane+1","Backstab","Footwork+1","Cloak And Dagger","Heel Hook","Leg Sweep+1","Cloak And Dagger","Corpse Explosion+1","Reflex+1","Concentrate","Slice","Prepared+1","Underhanded Strike","After Image+1","Doppelganger","Quick Slash","Heel Hook","Accuracy","Wraith Form v2","Prepared","Escape Plan","Distraction","Reflex","Dagger Spray+1","Cloak And Dagger+1","PiercingWail","Tactician","PiercingWail+1","Acrobatics+1","Choke","Backflip","Footwork","Blade Dance"],"special_seed":0,"relics":["Ring of the Snake","NeowsBlessing","Blood Vial","Centennial Puzzle","Tingsha","Runic Pyramid","Enchiridion","Bag of Marbles","Pen Nib","Ancient Tea Set","Vajra","Art of War","Pandora\u0027s Box","The Specimen","Question Card","Oddly Smooth Stone"],"potions_floor_usage":[56],"damage_taken":[{"damage":0.0,"enemies":"Cultist","floor":1.0,"turns":1.0},{"damage":0.0,"enemies":"Small Slimes","floor":3.0,"turns":1.0},{"damage":0.0,"enemies":"3 Sentries","floor":7.0,"turns":1.0},{"damage":6.0,"enemies":"Gremlin Nob","floor":10.0,"turns":3.0},{"damage":2.0,"enemies":"Jaw Worm","floor":12.0,"turns":3.0},{"damage":0.0,"enemies":"Looter","floor":14.0,"turns":1.0},{"damage":37.0,"enemies":"Hexaghost","floor":16.0,"turns":13.0},{"damage":0.0,"enemies":"Chosen","floor":18.0,"turns":6.0},{"damage":4.0,"enemies":"Spheric Guardian","floor":19.0,"turns":9.0},{"damage":7.0,"enemies":"Cultist and Chosen","floor":20.0,"turns":6.0},{"damage":8.0,"enemies":"3 Cultists","floor":21.0,"turns":3.0},{"damage":18.0,"enemies":"Slavers","floor":28.0,"turns":4.0},{"damage":0.0,"enemies":"Shelled Parasite and Fungi","floor":31.0,"turns":3.0},{"damage":32.0,"enemies":"Champ","floor":33.0,"turns":10.0},{"damage":0.0,"enemies":"3 Darklings","floor":35.0,"turns":3.0},{"damage":9.0,"enemies":"3 Shapes","floor":36.0,"turns":3.0},{"damage":12.0,"enemies":"2 Orb Walkers","floor":37.0,"turns":3.0},{"damage":5.0,"enemies":"3 Darklings","floor":38.0,"turns":3.0},{"damage":19.0,"enemies":"Transient","floor":39.0,"turns":6.0},{"damage":3.0,"enemies":"Nemesis","floor":44.0,"turns":5.0},{"damage":2.0,"enemies":"Jaw Worm Horde","floor":46.0,"turns":3.0},{"damage":48.0,"enemies":"Donu and Deca","floor":50.0,"turns":8.0},{"damage":7.0,"enemies":"Awakened One","floor":51.0,"turns":13.0},{"damage":48,"enemies":"Shield and Spear","floor":55,"turns":4},{"damage":21,"enemies":"The Heart","floor":56,"turns":3}],"seed_played":"-1730916040474278205","potions_obtained":[{"floor":3.0,"key":"Swift Potion"},{"floor":12.0,"key":"Fire Potion"},{"floor":16.0,"key":"Swift Potion"},{"floor":20.0,"key":"Explosive Potion"},{"floor":28.0,"key":"Energy Potion"},{"floor":33.0,"key":"Ancient Potion"},{"floor":37.0,"key":"Explosive Potion"},{"floor":38.0,"key":"Swift Potion"},{"floor":44.0,"key":"EssenceOfSteel"},{"floor":48.0,"key":"SpeedPotion"},{"floor":55,"key":"Energy Potion"}],"is_trial":false,"path_per_floor":["M","$","M","$","?","R","E","R","T","E","?","M","$","M","R","B",null,"M","M","M","M","?","R","?","R","T","R","E","T","$","M","R","B",null,"M","M","?","M","M","R","?","R","T","E","R","M","?","?","R","B","B",null,"R","$","E","B"],"character_chosen":"THE_SILENT","items_purchased":["Bane","Heel Hook","Leg Sweep","Art of War","Choke","Backflip","Footwork","Blade Dance"],"campfire_rested":5,"item_purchase_floors":[4,13,13,30,54,54,54,54],"current_hp_per_floor":[59,59,59,59,48,48,48,48,48,44,44,44,44,46,46,11,52,54,52,47,41,20,39,39,39,39,39,23,23,23,25,44,14,53,55,48,38,35,18,37,37,56,56,55,55,55,55,55,55,9,4,51,66,66,18,0],"gold":90,"neow_bonus":"THREE_ENEMY_KILL","is_prod":false,"is_daily":false,"chose_seed":false,"campfire_upgraded":6,"win_rate":0,"timestamp":1546832074,"path_taken":["M","$","M","?","?","R","E","R","T","E","?","M","?","M","R","BOSS","M","M","M","M","?","R","?","R","T","R","E","?","$","M","R","BOSS","M","M","?","M","M","R","?","R","T","E","R","M","?","?","R","BOSS","BOSS","R","$","E","BOSS"],"build_version":"2019-01-03v4","purchased_purges":2,"victory":false,"max_hp_per_floor":[66,66,66,66,66,66,66,66,66,66,66,66,66,66,66,66,66,66,66,66,66,66,66,66,66,66,66,66,66,66,66,66,66,66,66,66,66,66,66,66,66,66,66,66,66,66,66,66,66,66,66,66,66,66,66,66],"card_choices":[{"not_picked":["Accuracy","Blade Dance"],"picked":"Poisoned Stab","floor":1.0},{"not_picked":["Deadly Poison","Reflex"],"picked":"Flying Knee","floor":3.0},{"not_picked":["Finisher","Dodge and Roll"],"picked":"Backstab","floor":7.0},{"not_picked":["Underhanded Strike","Acrobatics"],"picked":"Footwork","floor":10.0},{"not_picked":["Sucker Punch","Infinite Blades"],"picked":"Cloak And Dagger","floor":12.0},{"not_picked":["Flying Knee","Outmaneuver"],"picked":"Cloak And Dagger","floor":14.0},{"not_picked":["Venomology","Unload"],"picked":"Corpse Explosion","floor":16.0},{"not_picked":["Dagger Spray","Deadly Poison"],"picked":"Reflex+1","floor":18.0},{"not_picked":["Sucker Punch","Finisher"],"picked":"Concentrate","floor":19.0},{"not_picked":["Accuracy","Cloak And Dagger"],"picked":"Slice","floor":20.0},{"not_picked":["Leg Sweep","Dagger Throw"],"picked":"Prepared+1","floor":21.0},{"not_picked":["Reflex","Heel Hook"],"picked":"Underhanded Strike","floor":28.0},{"not_picked":["All Out Attack","Slice","Leg Sweep"],"picked":"SKIP","floor":31.0},{"not_picked":["Unload","Night Terror"],"picked":"After Image","floor":33.0},{"not_picked":["Quick Slash","Crippling Poison"],"picked":"Reflex","floor":35.0},{"not_picked":["Underhanded Strike+1","Poisoned Stab+1"],"picked":"Dagger Spray+1","floor":36.0},{"not_picked":["Concentrate","PiercingWail"],"picked":"Cloak And Dagger+1","floor":37.0},{"not_picked":["Dagger Spray","Slice"],"picked":"PiercingWail","floor":38.0},{"not_picked":["Dagger Throw","Prepared"],"picked":"Tactician","floor":39.0},{"not_picked":["Sucker Punch","Acrobatics+1"],"picked":"PiercingWail+1","floor":44.0},{"not_picked":["Eviscerate","Poisoned Stab","Endless Agony"],"picked":"Acrobatics+1","floor":46.0},{"not_picked":["Venomology","Flying Knee","Quick Slash","Sucker Punch"],"picked":"SKIP","floor":55}],"player_experience":1164625,"relics_obtained":[{"floor":7.0,"key":"Blood Vial"},{"floor":9.0,"key":"Centennial Puzzle"},{"floor":10.0,"key":"Tingsha"},{"floor":22.0,"key":"Enchiridion"},{"floor":26.0,"key":"Pen Nib"},{"floor":28.0,"key":"Ancient Tea Set"},{"floor":29.0,"key":"Vajra"},{"floor":37.0,"key":"The Specimen"},{"floor":44.0,"key":"Question Card"},{"floor":55,"key":"Oddly Smooth Stone"}],"event_choices":[{"damage_healed":0.0,"max_hp_gain":0.0,"max_hp_loss":0.0,"gold_gain":75.0,"event_name":"World of Goop","player_choice":"Gather Gold","floor":5.0,"gold_loss":0.0,"damage_taken":11.0},{"damage_healed":0.0,"max_hp_gain":0.0,"max_hp_loss":0.0,"gold_gain":0.0,"event_name":"Living Wall","player_choice":"Grow","floor":11.0,"gold_loss":0.0,"damage_taken":0.0,"cards_upgraded":["Footwork"]},{"damage_healed":0.0,"max_hp_gain":0.0,"max_hp_loss":0.0,"gold_gain":0.0,"event_name":"Cursed Tome","player_choice":"Obtained Book","floor":22.0,"gold_loss":0.0,"damage_taken":21.0},{"damage_healed":0.0,"max_hp_gain":0.0,"max_hp_loss":0.0,"gold_gain":0.0,"event_name":"The Mausoleum","player_choice":"Opened","floor":24.0,"gold_loss":0.0,"damage_taken":0.0,"relics_obtained":["Bag of Marbles"],"cards_obtained":["Writhe"]},{"damage_healed":0.0,"max_hp_gain":0.0,"max_hp_loss":0.0,"gold_gain":0.0,"event_name":"Mysterious Sphere","player_choice":"Fight","floor":37.0,"gold_loss":0.0,"damage_taken":0.0},{"cards_removed":["Accuracy"],"damage_healed":0.0,"max_hp_gain":0.0,"max_hp_loss":0.0,"gold_gain":0.0,"event_name":"Falling","player_choice":"Removed Power","floor":41.0,"gold_loss":0.0,"damage_taken":0.0},{"damage_healed":0.0,"max_hp_gain":0.0,"max_hp_loss":0.0,"gold_gain":0.0,"event_name":"Tomb of Lord Red Mask","player_choice":"Ignored","floor":47.0,"gold_loss":0.0,"damage_taken":0.0},{"damage_healed":0.0,"max_hp_gain":0.0,"max_hp_loss":0.0,"gold_gain":0.0,"event_name":"Lab","player_choice":"Got Potions","floor":48.0,"gold_loss":0.0,"damage_taken":0.0}],"is_beta":false,"boss_relics":[{"not_picked":["Astrolabe","Philosopher\u0027s Stone"],"picked":"Runic Pyramid"},{"not_picked":["Tiny House","Black Star"],"picked":"Pandora\u0027s Box"}],"items_purged_floors":[2,30],"is_endless":false,"potions_floor_spawned":[3,12,16,20,28,33,37,38,44,46,55],"killed_by":"The Heart","ascension_level":20}