{"path_per_floor":["M","$","?","?","?","E","$","E","T","M","M","R","M","M","R","B",null,"M","?","T","$","M","R"],"character_chosen":"THE_SILENT","items_purchased":["Finisher","Blade Dance"],"gold_per_floor":[109,34,34,34,34,59,26,57,57,76,91,91,111,128,128,230,230,247,247,271,99,116,116,116],"floor_reached":24,"campfire_rested":3,"playtime":1927,"current_hp_per_floor":[33,33,33,56,56,38,38,9,9,5,5,26,26,15,36,1,70,62,62,62,62,42,63,0],"items_purged":["Strike_G","Defend_G"],"gold":116,"score":224,"play_id":"e9dba2d5-e41a-4687-b077-80bdbe038c12","local_time":"20180327031624","is_prod":false,"is_daily":false,"is_ascension_mode":true,"campfire_upgraded":0,"timestamp":1522134984,"path_taken":["M","$","?","?","?","E","$","E","T","M","?","R","M","M","R","BOSS","M","?","?","$","?","R","E"],"build_version":"2018-03-22v2","purchased_purges":3,"victory":false,"master_deck":["Defend_G","Defend_G","Defend_G","Strike_G","Strike_G","Strike_G","Survivor","Neutralize","Masterful Stab","Backflip","Finisher","Underhanded Strike","Acrobatics","Backflip","Backstab","Clumsy","Regret","Decay","Riddle With Holes","Footwork","Blade Dance","Blade Dance"],"max_hp_per_floor":[70,70,70,70,70,70,70,70,70,70,70,70,70,70,70,70,70,70,70,70,70,70,70,70],"relics":["Ring of the Snake","Sundial","Blue Candle","Dead Branch","Calling Bell","Toolbox","Ninja Scroll","Art of War","Bag of Preparation"],"card_choices":[{"not_picked":["Footwork","Escape Plan"],"picked":"Masterful Stab","floor":1},{"not_picked":["Backstab","Dash"],"picked":"Backflip","floor":6},{"not_picked":["Deflect","Venomology"],"picked":"Underhanded Strike","floor":8},{"not_picked":["Cloak And Dagger","Backflip"],"picked":"Acrobatics","floor":10},{"not_picked":["Poisoned Stab","Bane"],"picked":"Backflip","floor":11},{"not_picked":["Choke","Heel Hook"],"picked":"Backstab","floor":14},{"not_picked":["Catalyst","Setup"],"picked":"Riddle With Holes","floor":18},{"not_picked":["Acrobatics","Backstab"],"picked":"Blade Dance","floor":22}],"player_experience":118154,"potions_floor_usage":[6,16,16,24,24],"damage_taken":[{"damage":2,"enemies":"Small Slimes","floor":1,"turns":4},{"damage":18,"enemies":"Gremlin Nob","floor":6,"turns":5},{"damage":29,"enemies":"3 Sentries","floor":8,"turns":11},{"damage":4,"enemies":"2 Louse","floor":10,"turns":3},{"damage":0,"enemies":"Jaw Worm","floor":11,"turns":3},{"damage":0,"enemies":"Exordium Wildlife","floor":13,"turns":4},{"damage":11,"enemies":"Lots of Slimes","floor":14,"turns":7},{"damage":35,"enemies":"The Guardian","floor":16,"turns":20},{"damage":8,"enemies":"2 Thieves","floor":18,"turns":4},{"damage":20,"enemies":"Shell Parasite","floor":22,"turns":8},{"damage":64,"enemies":"Slavers","floor":24,"turns":6}],"event_choices":[{"event_name":"The Cleric","player_choice":"Leave","floor":3,"damage_taken":0},{"event_name":"Big Fish","player_choice":"Banana","floor":4,"damage_taken":0},{"event_name":"Liars Game","player_choice":"disagreed","floor":5,"damage_taken":0},{"event_name":"The Library","player_choice":"Read","floor":19,"damage_taken":0}],"boss_relics":[{"not_picked":["White Beast Statue","Cursed Key"],"picked":"Calling Bell"}],"potions_floor_spawned":[1,8,13,22],"seed_played":"4759497163334188311","killed_by":"Slavers","ascension_level":2,"is_trial":false}