{"path_per_floor":["M","$","M","M","?","E","R","E","T","M","M","?","?","M","R"],"character_chosen":"IRONCLAD","items_purchased":["Burning Pact","Shockwave","Prayer Wheel"],"gold_per_floor":[366,67,78,92,92,119,119,151,151,161,171,171,121,137,137],"floor_reached":16,"campfire_rested":2,"playtime":1345,"current_hp_per_floor":[73,73,65,71,71,33,57,39,39,42,27,27,27,33,57],"items_purged":[],"gold":137,"score":112,"play_id":"eb36888c-16df-4bfa-adbd-4a859b346b22","local_time":"20180321011951","is_prod":false,"is_daily":false,"is_ascension_mode":false,"campfire_upgraded":0,"timestamp":1521609591,"path_taken":["M","$","M","M","?","E","R","E","T","M","M","?","?","M","R","BOSS"],"build_version":"2018-03-15v3","purchased_purges":0,"victory":false,"master_deck":["Strike_R","Strike_R","Strike_R","Strike_R","Strike_R","Defend_R","Defend_R","Defend_R","Defend_R","Bash","Burning Pact+1","Shockwave","Dark Embrace","Burning Pact","Wild Strike","Flame Barrier","Flex+1","True Grit+1","Body Slam","Second Wind+1"],"max_hp_per_floor":[80,80,80,80,80,80,80,80,80,80,80,80,80,80,80],"relics":["Burning Blood","Prayer Wheel","Bottled Flame","Anchor","Toxic Egg 2"],"card_choices":[{"not_picked":["Thunderclap","Infernal Blade"],"picked":"Evolve"},{"not_picked":["Pommel Strike","Body Slam"],"picked":"Dark Embrace"},{"not_picked":["Body Slam","Twin Strike"],"picked":"Burning Pact"},{"not_picked":["Flex","Sword Boomerang"],"picked":"Wild Strike"},{"not_picked":["Armaments","Thunderclap"],"picked":"Flame Barrier"},{"not_picked":["Rage","Headbutt"],"picked":"Flex"},{"not_picked":["Cleave","Thunderclap"],"picked":"True Grit"},{"not_picked":["Fiend Fire","Perfected Strike"],"picked":"Second Wind"}],"player_experience":43441,"potions_floor_usage":[6,8,16],"damage_taken":[{"damage":13,"enemies":"Cultist","floor":1,"turns":5},{"damage":14,"enemies":"2 Louse","floor":3,"turns":5},{"damage":0,"enemies":"Small Slimes","floor":4,"turns":5},{"damage":44,"enemies":"Gremlin Nob","floor":6,"turns":8},{"damage":39,"enemies":"3 Sentries","floor":8,"turns":10},{"damage":3,"enemies":"2 Fungi Beasts","floor":10,"turns":5},{"damage":21,"enemies":"Large Slime","floor":11,"turns":12},{"damage":0,"enemies":"3 Louse","floor":14,"turns":3},{"damage":73,"enemies":"The Guardian","floor":16,"turns":20}],"event_choices":[{"event_name":"Accursed Blacksmith","player_choice":"Forge","floor":5,"damage_taken":0},{"event_name":"Transmorgrifier","player_choice":"Transform","floor":12,"damage_taken":0},{"event_name":"The Cleric","player_choice":"Card Removal","floor":13,"damage_taken":0}],"boss_relics":[],"potions_floor_spawned":[3,4,8,11,14],"seed_played":"-3892099189540104077","killed_by":"The Guardian","ascension_level":0,"is_trial":false}