{"gold_per_floor":[119,134,134,5,25,25,50,50,50,70,70,70,100,111,111,206,206,226,226,151,3,3,3,3,30,90,102,148,172,184,208,220,329,341,363,375,467,579,606,674,686,698,710,741,753,778,805,836,848,860,872,884,17,52,52],"floor_reached":56,"playtime":7142,"items_purged":["Strike_G","Strike_G","Expertise"],"score":1198,"play_id":"4ff66ffe-d191-4339-8547-135f4b9b293a","local_time":"20190830232826","is_ascension_mode":false,"campfire_choices":[{"data":"Neutralize","floor":6,"key":"SMITH"},{"data":"Survivor","floor":8,"key":"SMITH"},{"floor":15,"key":"REST"},{"floor":23,"key":"RECALL"},{"data":"Neutralize","floor":27,"key":"SMITH"},{"floor":32,"key":"REST"},{"floor":42,"key":"REST"},{"floor":45,"key":"REST"},{"data":"Catalyst","floor":49,"key":"SMITH"},{"data":"Catalyst","floor":52,"key":"SMITH"}],"neow_cost":"NONE","seed_source_timestamp":13228463719600,"circlet_count":0,"master_deck":["Strike_G+1","Strike_G+1","Defend_G+1","Defend_G+1","Defend_G+1","Defend_G+1","Defend_G+1","Survivor+1","Neutralize+1","Well Laid Plans","Crippling Poison+1","Noxious Fumes","Swift Strike","Neutralize+1","Poisoned Stab","Dagger Throw","Flying Knee","Adrenaline","Noxious Fumes","Acrobatics","Dagger Spray","Dagger Throw+1","Catalyst+1","Envenom","Panacea","Catalyst+1","Backstab+1","PiercingWail","Terror+1","PiercingWail+1"],"relics":["Ring of the Serpent","NeowsBlessing","Dodecahedron","Bottled Tornado","Bag of Marbles","Velvet Choker","Kunai","MawBank","Pen Nib","Paper Crane","Incense Burner","Tiny Chest","Toxic Egg 2","Pantograph","Shuriken","Ornamental Fan","ClockworkSouvenir","Thread and Needle"],"potions_floor_usage":[13,25,28,29,33,38,40,44,46,50,55,55],"damage_taken":[{"damage":0,"enemies":"Small Slimes","floor":1,"turns":1},{"damage":0,"enemies":"Cultist","floor":2,"turns":1},{"damage":0,"enemies":"Jaw Worm","floor":5,"turns":1},{"damage":10,"enemies":"Lagavulin","floor":7,"turns":7},{"damage":5,"enemies":"3 Louse","floor":10,"turns":4},{"damage":10,"enemies":"3 Sentries","floor":13,"turns":9},{"damage":0,"enemies":"Red Slaver","floor":14,"turns":2},{"damage":14,"enemies":"Hexaghost","floor":16,"turns":10},{"damage":0,"enemies":"Chosen","floor":18,"turns":4},{"damage":6,"enemies":"Book of Stabbing","floor":25,"turns":6},{"damage":16,"enemies":"Slavers","floor":28,"turns":4},{"damage":0,"enemies":"2 Thieves","floor":29,"turns":2},{"damage":0,"enemies":"Snake Plant","floor":31,"turns":4},{"damage":14,"enemies":"Automaton","floor":33,"turns":9},{"damage":13,"enemies":"3 Shapes","floor":35,"turns":4},{"damage":0,"enemies":"Mind Bloom Boss Battle","floor":38,"turns":8},{"damage":2,"enemies":"Orb Walker","floor":39,"turns":3},{"damage":23,"enemies":"Nemesis","floor":40,"turns":7},{"damage":0,"enemies":"Jaw Worm Horde","floor":44,"turns":4},{"damage":0,"enemies":"Maw","floor":46,"turns":6},{"damage":1,"enemies":"Transient","floor":47,"turns":5},{"damage":9,"enemies":"Spire Growth","floor":48,"turns":3},{"damage":47,"enemies":"Time Eater","floor":50,"turns":15},{"damage":42,"enemies":"Shield and Spear","floor":54,"turns":6},{"damage":49,"enemies":"The Heart","floor":55,"turns":9}],"seed_played":"5691367389206224885","potions_obtained":[{"floor":1,"key":"PowerPotion"},{"floor":5,"key":"EssenceOfSteel"},{"floor":7,"key":"EntropicBrew"},{"floor":12,"key":"Weak Potion"},{"floor":12,"key":"Energy Potion"},{"floor":18,"key":"Swift Potion"},{"floor":28,"key":"Explosive Potion"},{"floor":29,"key":"SteroidPotion"},{"floor":31,"key":"Strength Potion"},{"floor":38,"key":"Block Potion"},{"floor":39,"key":"PowerPotion"},{"floor":44,"key":"SpeedPotion"},{"floor":46,"key":"Fire Potion"}],"is_trial":false,"path_per_floor":["M","M","?","$","M","R","E","R","T","M","?","?","E","M","R","B",null,"M","T","?","$","?","R","$","E","T","R","E","M","$","M","R","B",null,"M","?","T","?","M","E","T","R","T","M","R","M","M","M","R","B",null,"R","$","E","B",null],"character_chosen":"THE_SILENT","items_purchased":["Poisoned Stab","Acrobatics","Shuriken","Ornamental Fan","ClockworkSouvenir","Weak Potion"],"campfire_rested":4,"item_purchase_floors":[4,21,53,53,53,53],"current_hp_per_floor":[70,70,70,70,70,70,60,60,60,55,41,41,31,31,52,38,70,70,70,70,70,70,70,70,64,64,64,48,48,48,48,69,55,70,57,57,57,57,55,32,32,53,53,53,70,70,69,60,60,23,70,70,70,28,4],"gold":52,"neow_bonus":"THREE_ENEMY_KILL","is_prod":false,"is_daily":false,"chose_seed":false,"campfire_upgraded":5,"win_rate":0,"timestamp":1567204106,"path_taken":["M","M","?","$","?","R","E","R","T","M","?","?","E","M","R","BOSS","M","?","?","$","?","R","?","E","T","R","E","M","$","M","R","BOSS","M","?","?","?","M","E","?","R","T","M","R","M","M","M","R","BOSS","R","$","E","BOSS"],"build_version":"2019-07-17","purchased_purges":3,"victory":true,"max_hp_per_floor":[70,70,70,70,70,70,70,70,70,70,70,70,70,70,70,70,70,70,70,70,70,70,70,70,70,70,70,70,70,70,70,70,70,70,70,70,70,70,70,70,70,70,70,70,70,70,70,70,70,70,70,70,70,70,70],"card_choices":[{"not_picked":["Slice","Prepared"],"picked":"Well Laid Plans","floor":1},{"not_picked":["Deflect","Prepared"],"picked":"Crippling Poison","floor":2},{"not_picked":["Bane","Eviscerate","Choke"],"picked":"SKIP","floor":5},{"not_picked":["Cloak And Dagger","Masterful Stab"],"picked":"Dagger Throw","floor":7},{"not_picked":["Flying Knee","Prepared"],"picked":"Expertise","floor":10},{"not_picked":["Blade Dance","Cloak And Dagger"],"picked":"Flying Knee","floor":13},{"not_picked":["Bane","Tactician","Slice"],"picked":"SKIP","floor":14},{"not_picked":["Unload","Die Die Die"],"picked":"Adrenaline","floor":16},{"not_picked":["Flechettes+1","Slice"],"picked":"Noxious Fumes","floor":18},{"not_picked":["Deadly Poison","Cloak And Dagger"],"picked":"Dagger Spray","floor":25},{"not_picked":["Predator","Deflect"],"picked":"Dagger Throw+1","floor":28},{"not_picked":["Slice","Well Laid Plans+1","Endless Agony+1"],"picked":"SKIP","floor":29},{"not_picked":["Dodge and Roll","Dash"],"picked":"Catalyst","floor":31},{"not_picked":["Night Terror","Bullet Time"],"picked":"Envenom","floor":33},{"not_picked":["Deadly Poison+1","Heel Hook","Infinite Blades+1"],"picked":"SKIP","floor":35},{"not_picked":["Thinking Ahead","Flash of Steel"],"picked":"Panacea","floor":36},{"not_picked":["Dash","Well Laid Plans+1"],"picked":"Catalyst","floor":38},{"not_picked":["Masterful Stab+1","Flying Knee+1"],"picked":"Backstab+1","floor":39},{"not_picked":["Dodge and Roll","Infinite Blades"],"picked":"PiercingWail","floor":40},{"not_picked":["Quick Slash+1","Eviscerate+1"],"picked":"Terror+1","floor":44},{"not_picked":["Poisoned Stab+1","Flying Knee","Well Laid Plans"],"picked":"SKIP","floor":46},{"not_picked":["Accuracy+1","Sucker Punch+1"],"picked":"PiercingWail+1","floor":47},{"not_picked":["Endless Agony","Cloak And Dagger+1","Sucker Punch"],"picked":"SKIP","floor":48},{"not_picked":["Flying Knee","Choke","Sucker Punch+1"],"picked":"SKIP","floor":54}],"player_experience":120114,"relics_obtained":[{"floor":7,"key":"Dodecahedron"},{"floor":9,"key":"Bottled Tornado"},{"floor":13,"key":"Bag of Marbles"},{"floor":19,"key":"Kunai"},{"floor":25,"key":"MawBank"},{"floor":26,"key":"Pen Nib"},{"floor":28,"key":"Paper Crane"},{"floor":38,"key":"Incense Burner"},{"floor":40,"key":"Tiny Chest"},{"floor":41,"key":"Toxic Egg 2"},{"floor":43,"key":"Pantograph"},{"floor":54,"key":"Thread and Needle"}],"event_choices":[{"damage_healed":0,"gold_gain":0,"player_choice":"3 cards matched","damage_taken":0,"max_hp_gain":0,"max_hp_loss":0,"event_name":"Match and Keep!","floor":3,"gold_loss":0,"cards_obtained":["Noxious Fumes","Swift Strike","Neutralize"]},{"damage_healed":0,"gold_gain":0,"player_choice":"Entered Light","damage_taken":14,"max_hp_gain":0,"max_hp_loss":0,"event_name":"Shining Light","floor":11,"gold_loss":0,"cards_upgraded":["Defend_G","Crippling Poison"]},{"damage_healed":0,"gold_gain":0,"player_choice":"Got Potions","damage_taken":0,"max_hp_gain":0,"max_hp_loss":0,"event_name":"Lab","floor":12,"gold_loss":0},{"cards_removed":["Strike_G"],"damage_healed":0,"gold_gain":0,"player_choice":"Gave Gold","damage_taken":0,"max_hp_gain":0,"max_hp_loss":0,"event_name":"Beggar","floor":20,"gold_loss":75},{"damage_healed":0,"gold_gain":0,"player_choice":"Simplicity","damage_taken":0,"max_hp_gain":0,"max_hp_loss":0,"event_name":"Back to Basics","floor":22,"gold_loss":0,"cards_upgraded":["Strike_G","Strike_G","Defend_G","Defend_G","Defend_G","Defend_G"]},{"damage_healed":0,"gold_gain":0,"player_choice":"Memory 1","damage_taken":0,"max_hp_gain":0,"max_hp_loss":0,"event_name":"SensoryStone","floor":36,"gold_loss":0},{"damage_healed":0,"gold_gain":0,"player_choice":"Fight","damage_taken":0,"max_hp_gain":0,"max_hp_loss":0,"event_name":"MindBloom","floor":38,"gold_loss":0}],"is_beta":false,"boss_relics":[{"not_picked":["Cursed Key","Tiny House"],"picked":"Velvet Choker"},{"not_picked":["Astrolabe","Philosopher\u0027s Stone"],"picked":"Ring of the Serpent"}],"items_purged_floors":[4,21,53],"is_endless":false,"potions_floor_spawned":[1,5,7,18,28,29,31,38,39,44,46],"ascension_level":0}