{"gold_per_floor":[111,129,304,321,321,333,333,347,347,347,336,2,20,39,39,39],"floor_reached":16,"playtime":705,"items_purged":["Strike_B"],"score":144,"play_id":"473bd83d-f42b-467d-89a2-4dc292521fa2","local_time":"20181106013358","is_ascension_mode":true,"campfire_choices":[{"data":"Zap","floor":10,"key":"SMITH"},{"floor":15,"key":"REST"}],"neow_cost":"NONE","seed_source_timestamp":798946298959230,"circlet_count":0,"master_deck":["AscendersBane","Strike_B","Strike_B","Defend_B","Defend_B","Defend_B","Defend_B","Zap+1","Dualcast","Redo","Reprogram","Auto Shields","Coolheaded","Capacitor","Heatsinks","Defragment","Loop","Aggregate"],"relics":["Cracked Core","Centennial Puzzle","Gremlin Horn"],"potions_floor_usage":[11,14,16],"damage_taken":[{"damage":3,"enemies":"2 Louse","floor":1,"turns":3},{"damage":10,"enemies":"Small Slimes","floor":2,"turns":3},{"damage":0,"enemies":"Cultist","floor":4,"turns":4},{"damage":8,"enemies":"Blue Slaver","floor":6,"turns":4},{"damage":1,"enemies":"Red Slaver","floor":8,"turns":5},{"damage":15,"enemies":"Exordium Thugs","floor":11,"turns":5},{"damage":0,"enemies":"Large Slime","floor":13,"turns":7},{"damage":1,"enemies":"3 Louse","floor":14,"turns":3},{"damage":59,"enemies":"Slime Boss","floor":16,"turns":8}],"seed_played":"7398717486014606960","potions_obtained":[{"floor":2,"key":"Swift Potion"},{"floor":6,"key":"Weak Potion"},{"floor":8,"key":"Swift Potion"}],"is_trial":false,"path_per_floor":["M","M","?","M","?","M","?","M","T","R","M","$","M","M","R","B"],"character_chosen":"DEFECT","items_purchased":["Gremlin Horn"],"campfire_rested":1,"item_purchase_floors":[12],"current_hp_per_floor":[72,62,62,62,55,47,47,46,46,46,31,31,31,30,54,0],"gold":39,"neow_bonus":"TEN_PERCENT_HP_BONUS","is_prod":false,"is_daily":false,"chose_seed":false,"campfire_upgraded":1,"win_rate":0,"timestamp":1541486038,"path_taken":["M","M","?","M","?","M","?","M","T","R","M","$","M","M","R","BOSS"],"build_version":"2018-11-01","purchased_purges":1,"victory":false,"max_hp_per_floor":[82,82,82,82,82,82,82,82,82,82,82,82,82,82,82,82],"card_choices":[{"not_picked":["Go for the Eyes","Hello World"],"picked":"Redo","floor":1},{"not_picked":["Rebound","Aggregate"],"picked":"Reprogram","floor":2},{"not_picked":["Steam","Blizzard"],"picked":"Auto Shields","floor":4},{"not_picked":["Turbo","Gash"],"picked":"Coolheaded","floor":6},{"not_picked":["Redo","Hologram"],"picked":"Heatsinks","floor":8},{"not_picked":["Ball Lightning","Barrage"],"picked":"Defragment","floor":11},{"not_picked":["Ball Lightning","Rebound"],"picked":"Loop","floor":13},{"not_picked":["Darkness","Static Discharge"],"picked":"Aggregate","floor":14}],"player_experience":630760,"relics_obtained":[{"floor":9,"key":"Centennial Puzzle"}],"event_choices":[{"damage_healed":0,"gold_gain":175,"player_choice":"AGREE","damage_taken":0,"max_hp_gain":0,"max_hp_loss":0,"event_name":"Liars Game","floor":3,"gold_loss":0,"cards_obtained":["Doubt"]},{"cards_removed":["Doubt"],"damage_healed":0,"gold_gain":0,"player_choice":"Card Removal","damage_taken":7,"max_hp_gain":0,"max_hp_loss":0,"event_name":"Golden Wing","floor":5,"gold_loss":0},{"damage_healed":0,"gold_gain":0,"cards_transformed":["Strike_B"],"player_choice":"Change","damage_taken":0,"max_hp_gain":0,"max_hp_loss":0,"event_name":"Living Wall","floor":7,"gold_loss":0,"cards_obtained":["Capacitor"]}],"is_beta":false,"boss_relics":[],"items_purged_floors":[12],"is_endless":false,"potions_floor_spawned":[2,6,8],"killed_by":"Slime Boss","ascension_level":10}