{"gold_per_floor":[218,218,146,157,232,258,270,270,270,285,315,332,350,380,380,477,477,494,505,505,517,96,96,96],"floor_reached":24,"playtime":2350,"items_purged":["Strike_G"],"score":233,"play_id":"d1cc59ff-3572-440a-824d-4ddb428b1732","local_time":"20190830194558","is_ascension_mode":false,"campfire_choices":[{"floor":8,"key":"REST"},{"floor":15,"key":"REST"},{"floor":23,"key":"REST"}],"neow_cost":"NONE","seed_source_timestamp":4731773895900,"circlet_count":0,"master_deck":["Strike_G","Strike_G","Strike_G","Strike_G","Defend_G","Defend_G","Defend_G","Defend_G","Defend_G","Survivor","Neutralize","Deflect","Footwork","Flying Knee","Flechettes","Poisoned Stab","Quick Slash","Dagger Spray","Well Laid Plans","Backflip","All Out Attack","Corpse Explosion","Footwork+1","Sucker Punch","Terror","Footwork","Panache"],"relics":["Ring of the Snake","Gremlin Horn","Odd Mushroom","Strawberry","Eternal Feather"],"potions_floor_usage":[6,6,16,24],"damage_taken":[{"damage":0,"enemies":"Cultist","floor":1,"turns":4},{"damage":0,"enemies":"2 Louse","floor":4,"turns":3},{"damage":13,"enemies":"Lagavulin","floor":6,"turns":14},{"damage":0,"enemies":"Small Slimes","floor":7,"turns":3},{"damage":0,"enemies":"Blue Slaver","floor":10,"turns":5},{"damage":20,"enemies":"The Mushroom Lair","floor":11,"turns":5},{"damage":3,"enemies":"Exordium Wildlife","floor":12,"turns":2},{"damage":5,"enemies":"2 Fungi Beasts","floor":13,"turns":3},{"damage":4,"enemies":"3 Sentries","floor":14,"turns":6},{"damage":68,"enemies":"Hexaghost","floor":16,"turns":15},{"damage":23,"enemies":"Chosen","floor":18,"turns":6},{"damage":9,"enemies":"Shell Parasite","floor":19,"turns":8},{"damage":26,"enemies":"Centurion and Healer","floor":21,"turns":6},{"damage":63,"enemies":"Book of Stabbing","floor":24,"turns":9}],"seed_played":"2923389855819052862","potions_obtained":[{"floor":1,"key":"Block Potion"},{"floor":4,"key":"LiquidBronze"},{"floor":13,"key":"FearPotion"},{"floor":14,"key":"SkillPotion"},{"floor":19,"key":"SpeedPotion"}],"is_trial":false,"path_per_floor":["M","?","$","M","?","E","M","R","T","M","?","M","M","E","R","B",null,"M","M","?","M","$","R","E"],"character_chosen":"THE_SILENT","items_purchased":["Footwork","Terror","Footwork","Panache"],"campfire_rested":3,"item_purchase_floors":[3,22,22,22],"current_hp_per_floor":[70,75,75,75,64,51,51,73,73,73,53,50,45,48,72,4,82,59,50,50,24,24,63,0],"gold":96,"neow_bonus":"HUNDRED_GOLD","is_prod":false,"is_daily":false,"chose_seed":false,"campfire_upgraded":0,"win_rate":0,"timestamp":1567190758,"path_taken":["M","?","$","M","?","E","M","R","T","M","?","M","M","E","R","BOSS","M","M","?","M","$","R","E"],"build_version":"2019-07-17","purchased_purges":1,"victory":false,"max_hp_per_floor":[70,75,75,75,75,75,75,75,75,75,75,75,75,82,82,82,82,82,82,82,82,82,82,82],"card_choices":[{"not_picked":["Choke","Slice"],"picked":"Deflect","floor":1},{"not_picked":["Accuracy","PiercingWail"],"picked":"Flying Knee","floor":4},{"not_picked":["Distraction","Prepared"],"picked":"Flechettes","floor":6},{"not_picked":["Blur","Deflect"],"picked":"Poisoned Stab","floor":7},{"not_picked":["Sucker Punch","Escape Plan"],"picked":"Quick Slash","floor":10},{"not_picked":["Endless Agony","Sucker Punch"],"picked":"Dagger Spray","floor":11},{"not_picked":["Accuracy","Bullet Time"],"picked":"Well Laid Plans","floor":12},{"not_picked":["Deadly Poison","Deflect"],"picked":"Backflip","floor":13},{"not_picked":["Predator","Outmaneuver"],"picked":"All Out Attack","floor":14},{"not_picked":["Doppelganger","Night Terror"],"picked":"Corpse Explosion","floor":16},{"not_picked":["Bouncing Flask","All Out Attack"],"picked":"Footwork+1","floor":18},{"not_picked":["Skewer","Infinite Blades","Predator"],"picked":"SKIP","floor":19},{"not_picked":["Backstab+1","Endless Agony"],"picked":"Sucker Punch","floor":21}],"player_experience":117764,"relics_obtained":[{"floor":6,"key":"Gremlin Horn"},{"floor":11,"key":"Odd Mushroom"},{"floor":14,"key":"Strawberry"}],"event_choices":[{"damage_healed":0,"gold_gain":0,"player_choice":"Donut","damage_taken":0,"max_hp_gain":5,"max_hp_loss":0,"event_name":"Big Fish","floor":2,"gold_loss":0},{"damage_healed":0,"gold_gain":75,"player_choice":"Gather Gold","damage_taken":11,"max_hp_gain":0,"max_hp_loss":0,"event_name":"World of Goop","floor":5,"gold_loss":0},{"damage_healed":0,"gold_gain":0,"player_choice":"Fought Mushrooms","damage_taken":0,"max_hp_gain":0,"max_hp_loss":0,"event_name":"Mushrooms","floor":11,"gold_loss":0},{"damage_healed":0,"gold_gain":0,"player_choice":"Ignored","damage_taken":0,"max_hp_gain":0,"max_hp_loss":0,"event_name":"Ghosts","floor":20,"gold_loss":0}],"is_beta":false,"boss_relics":[{"not_picked":["White Beast Statue","Pandora\u0027s Box"],"picked":"Eternal Feather"}],"items_purged_floors":[22],"is_endless":false,"potions_floor_spawned":[1,4,13,14,19],"killed_by":"Book of Stabbing","ascension_level":0}