{"gold_per_floor":[219,235,251,9,9,9,9,37,85,85,104,104,104,120,120,224,224,237,252,252,262,17,17,42,42,69,88,8,8,8,41,41,144,144,162,182,182,282,296,311,343,9,33,33,33,48,24,40,40,40],"floor_reached":51,"playtime":10414,"items_purged":[],"score":989,"play_id":"be33c695-9c7b-4ddb-afe1-8ac43c0f092f","local_time":"20190603015056","is_ascension_mode":true,"campfire_choices":[{"floor":6.0,"key":"REST"},{"floor":10.0,"key":"REST"},{"data":"Dualcast","floor":12.0,"key":"SMITH"},{"floor":15.0,"key":"REST"},{"floor":23.0,"key":"REST"},{"floor":25,"key":"REST"},{"data":"Consume","floor":30,"key":"SMITH"},{"floor":32,"key":"REST"},{"data":"Recycle","floor":45,"key":"SMITH"},{"floor":49,"key":"REST"}],"neow_cost":"NONE","seed_source_timestamp":0,"circlet_count":0,"master_deck":["Strike_B","Defend_B","Defend_B","Defend_B","Zap","Dualcast+1","Ball Lightning","Turbo","Rebound","Biased Cognition+1","Streamline","Genetic Algorithm","Defragment+1","Core Surge","Recycle+1","BootSequence","Coolheaded","Self Repair+1","Consume+1","Self Repair+1","Redo","Loop+1","Hologram+1","Electrodynamics+1","Turbo","Cold Snap","Ball Lightning+1","Undo+1","Parasite","Stack","Loop+1","Force Field","Heatsinks+1","Conserve Battery","Machine Learning+1","Double Energy"],"special_seed":0,"relics":["Cracked Core","Frozen Egg 2","Orichalcum","Happy Flower","Inserter","Regal Pillow","Bottled Tornado","Lantern","Meat on the Bone","Nuclear Battery","Unceasing Top","Mummified Hand","Symbiotic Virus","Dream Catcher"],"potions_floor_usage":[24,24,31,40,41],"damage_taken":[{"damage":3.0,"enemies":"Small Slimes","floor":1.0,"turns":3.0},{"damage":15.0,"enemies":"2 Louse","floor":2.0,"turns":2.0},{"damage":1.0,"enemies":"Cultist","floor":3.0,"turns":3.0},{"damage":41.0,"enemies":"Gremlin Nob","floor":8.0,"turns":5.0},{"damage":6.0,"enemies":"Looter","floor":11.0,"turns":2.0},{"damage":10.0,"enemies":"Exordium Thugs","floor":14.0,"turns":3.0},{"damage":31.0,"enemies":"Hexaghost","floor":16.0,"turns":9.0},{"damage":33.0,"enemies":"3 Byrds","floor":18.0,"turns":4.0},{"damage":8.0,"enemies":"Chosen","floor":19.0,"turns":5.0},{"damage":8.0,"enemies":"Shelled Parasite and Fungi","floor":21.0,"turns":4.0},{"damage":29,"enemies":"Book of Stabbing","floor":24,"turns":5},{"damage":18,"enemies":"Sentry and Sphere","floor":27,"turns":6},{"damage":42,"enemies":"Gremlin Leader","floor":31,"turns":10},{"damage":42,"enemies":"Champ","floor":33,"turns":11},{"damage":14,"enemies":"Orb Walker","floor":35,"turns":4},{"damage":14,"enemies":"3 Darklings","floor":36,"turns":4},{"damage":0,"enemies":"Mind Bloom Boss Battle","floor":38,"turns":7},{"damage":0,"enemies":"Sphere and 2 Shapes","floor":39,"turns":3},{"damage":29,"enemies":"Writhing Mass","floor":40,"turns":4},{"damage":51,"enemies":"Giant Head","floor":41,"turns":7},{"damage":37,"enemies":"Spire Growth","floor":46,"turns":5},{"damage":0,"enemies":"Sphere and 2 Shapes","floor":48,"turns":2},{"damage":33,"enemies":"Time Eater","floor":50,"turns":11}],"seed_played":"5009575489027628902","potions_obtained":[{"floor":2.0,"key":"Swift Potion"},{"floor":8.0,"key":"Dexterity Potion"},{"floor":21.0,"key":"Poison Potion"},{"floor":24,"key":"FearPotion"},{"floor":33,"key":"Dexterity Potion"},{"floor":36,"key":"FearPotion"},{"floor":38,"key":"Weak Potion"},{"floor":39,"key":"Block Potion"}],"is_trial":false,"path_per_floor":["M","M","M","$","?","R","?","E","T","R","M","R","?","M","R","B",null,"M","M","?","M","$","R","E","R","T","M","$","$","R","E","R","B",null,"M","M","?","?","M","M","E","$","T","?","R","M","$","M","R","B",null],"character_chosen":"DEFECT","items_purchased":["Frozen Egg 2","Regal Pillow","Consume","Weak Potion","Loop+1","Symbiotic Virus","Force Field","Conserve Battery"],"campfire_rested":7,"item_purchase_floors":[4,22,22,22,28,42,42,47],"current_hp_per_floor":[65,50,49,49,42,64,64,23,23,45,39,39,39,29,51,20,61,28,20,20,12,12,49,20,57,57,59,59,59,59,37,74,64,72,75,75,75,75,75,66,47,47,47,47,47,22,22,34,71,58],"gold":40,"neow_bonus":"HUNDRED_GOLD","is_prod":false,"is_daily":false,"chose_seed":false,"campfire_upgraded":3,"win_rate":0,"timestamp":1559490656,"path_taken":["M","M","M","$","?","R","?","E","T","R","M","R","?","?","R","BOSS","M","M","?","M","?","R","E","R","T","M","?","$","R","E","R","BOSS","M","M","?","?","M","M","E","?","T","?","R","?","?","M","R","BOSS"],"build_version":"2019-01-23","purchased_purges":0,"victory":true,"max_hp_per_floor":[75,75,75,75,75,75,75,75,75,75,75,75,75,75,75,75,75,75,75,75,75,75,75,75,75,75,75,75,75,75,75,75,75,75,75,75,75,75,75,75,75,75,75,75,75,75,75,75,75,75],"card_choices":[{"not_picked":["Hologram","Go for the Eyes"],"picked":"Ball Lightning","floor":1.0},{"not_picked":["Gash","Lockon"],"picked":"Turbo","floor":2.0},{"not_picked":["Gash","Steam"],"picked":"Rebound","floor":3.0},{"not_picked":["Compile Driver","Loop+1"],"picked":"Biased Cognition+1","floor":8.0},{"not_picked":["Conserve Battery","Sweeping Beam"],"picked":"Streamline","floor":11.0},{"not_picked":["Rebound","Cold Snap"],"picked":"Defragment+1","floor":14.0},{"not_picked":["Creative AI+1","Fission"],"picked":"Core Surge","floor":16.0},{"not_picked":["Compile Driver","Storm+1"],"picked":"Recycle","floor":18.0},{"not_picked":["Barrage","Gash"],"picked":"BootSequence","floor":19.0},{"not_picked":["Rebound","Go for the Eyes"],"picked":"Self Repair+1","floor":21.0},{"not_picked":["Cold Snap","Coolheaded+1"],"picked":"Self Repair+1","floor":24},{"not_picked":["Conserve Battery","Rebound"],"picked":"Redo","floor":27},{"not_picked":["Conserve Battery+1","Thunder Strike"],"picked":"Hologram+1","floor":31},{"not_picked":["Fission","All For One"],"picked":"Electrodynamics+1","floor":33},{"not_picked":["Capacitor+1","Beam Cell+1"],"picked":"Turbo","floor":35},{"not_picked":["Chaos","Lockon"],"picked":"Cold Snap","floor":36},{"not_picked":["Conserve Battery","Hologram+1"],"picked":"Ball Lightning+1","floor":38},{"not_picked":["Rebound+1","Hologram"],"picked":"Undo+1","floor":39},{"not_picked":["Ball Lightning+1","Melter+1"],"picked":"Stack","floor":40},{"not_picked":["Storm+1","Sunder+1"],"picked":"Loop+1","floor":41},{"not_picked":["Lockon","Hologram"],"picked":"Heatsinks+1","floor":46},{"not_picked":["Coolheaded","Storm+1"],"picked":"Machine Learning+1","floor":48},{"not_picked":["Sunder+1","Coolheaded"],"picked":"Double Energy","floor":49}],"player_experience":791671,"relics_obtained":[{"floor":8.0,"key":"Orichalcum"},{"floor":9.0,"key":"Happy Flower"},{"floor":24,"key":"Bottled Tornado"},{"floor":26,"key":"Lantern"},{"floor":31,"key":"Meat on the Bone"},{"floor":38,"key":"Unceasing Top"},{"floor":41,"key":"Mummified Hand"},{"floor":43,"key":"Dream Catcher"}],"event_choices":[{"cards_removed":["Strike_B"],"damage_healed":0.0,"max_hp_gain":0.0,"max_hp_loss":0.0,"gold_gain":0.0,"event_name":"Golden Wing","player_choice":"Card Removal","floor":5.0,"gold_loss":0.0,"damage_taken":7.0},{"damage_healed":0.0,"max_hp_gain":0.0,"max_hp_loss":0.0,"gold_gain":0.0,"event_name":"Liars Game","player_choice":"Ignored","floor":7.0,"gold_loss":0.0,"damage_taken":0.0},{"damage_healed":0.0,"max_hp_gain":0.0,"max_hp_loss":0.0,"gold_gain":0.0,"cards_transformed":["Strike_B"],"event_name":"Transmorgrifier","player_choice":"Transformed","floor":13.0,"gold_loss":0.0,"damage_taken":0.0,"cards_obtained":["Genetic Algorithm"]},{"damage_healed":0.0,"max_hp_gain":0.0,"max_hp_loss":0.0,"gold_gain":0.0,"cards_transformed":["Strike_B"],"event_name":"Transmorgrifier","player_choice":"Transformed","floor":20.0,"gold_loss":0.0,"damage_taken":0.0,"cards_obtained":["Coolheaded"]},{"cards_removed":["Defend_B"],"damage_healed":0,"gold_gain":0,"player_choice":"Removed Skill","damage_taken":0,"max_hp_gain":0,"max_hp_loss":0,"event_name":"Falling","floor":37,"gold_loss":0},{"damage_healed":0,"gold_gain":0,"player_choice":"Fight","damage_taken":0,"max_hp_gain":0,"max_hp_loss":0,"event_name":"MindBloom","floor":38,"gold_loss":0},{"damage_healed":0,"gold_gain":0,"player_choice":"Ignored","damage_taken":0,"max_hp_gain":0,"max_hp_loss":0,"event_name":"SecretPortal","floor":44,"gold_loss":0}],"is_beta":false,"boss_relics":[{"not_picked":["White Beast Statue","Runic Dome"],"picked":"Inserter"},{"not_picked":["Tiny House","Calling Bell"],"picked":"Nuclear Battery"}],"items_purged_floors":[],"is_endless":false,"potions_floor_spawned":[2,8,21,24,33,36,38,39],"ascension_level":9}