{"gold_per_floor":[110,120,420,595,595,629,629,659,659,670,670,688,718,39,39,136,136,150,150,168,181,181,181,200,200,270,285,312,324],"floor_reached":29,"playtime":1185,"items_purged":["Strike_G"],"score":266,"play_id":"04b0f960-90b8-4d82-9775-84b5fa33f1eb","local_time":"20190421013201","is_ascension_mode":true,"campfire_choices":[{"floor":7,"key":"REST"},{"floor":11,"key":"REST"},{"floor":15,"key":"REST"},{"floor":23,"key":"REST"},{"floor":25,"key":"REST"}],"neow_cost":"NONE","seed_source_timestamp":41073098357449,"circlet_count":0,"master_deck":["Defend_G","Defend_G+1","Defend_G+1","Defend_G","Defend_G","Strike_G","Strike_G","Strike_G","Strike_G","Survivor","Neutralize+1","Poisoned Stab","Deflect","Dagger Spray","Dagger Throw","Dagger Throw","Envenom","Poisoned Stab","Corpse Explosion","Envenom","Deflect+1","Distraction","Noxious Fumes","Cloak And Dagger+1","Backflip+1"],"relics":["Ring of the Snake","Old Coin","Happy Flower","War Paint","Odd Mushroom","Membership Card","Ginger","Mummified Hand","Black Star","Toxic Egg 2","MawBank","Shuriken"],"potions_floor_usage":[12,13,16,16,20,27,27],"damage_taken":[{"damage":0,"enemies":"Small Slimes","floor":1,"turns":5},{"damage":0,"enemies":"Cultist","floor":2,"turns":3},{"damage":38,"enemies":"3 Sentries","floor":6,"turns":17},{"damage":25,"enemies":"Gremlin Nob","floor":8,"turns":5},{"damage":0,"enemies":"Jaw Worm","floor":10,"turns":4},{"damage":0,"enemies":"2 Fungi Beasts","floor":12,"turns":3},{"damage":3,"enemies":"The Mushroom Lair","floor":13,"turns":4},{"damage":38,"enemies":"Hexaghost","floor":16,"turns":8},{"damage":0,"enemies":"Chosen","floor":18,"turns":5},{"damage":20,"enemies":"Colosseum Slavers","floor":19,"turns":3},{"damage":8,"enemies":"Shell Parasite","floor":20,"turns":5},{"damage":16,"enemies":"Snake Plant","floor":21,"turns":5},{"damage":12,"enemies":"Cultist and Chosen","floor":24,"turns":5},{"damage":10,"enemies":"Centurion and Healer","floor":27,"turns":7},{"damage":45,"enemies":"Book of Stabbing","floor":28,"turns":6},{"damage":2,"enemies":"Snake Plant","floor":29,"turns":2}],"seed_played":"4616943742912853010","potions_obtained":[{"floor":6,"key":"Energy Potion"},{"floor":10,"key":"Fire Potion"},{"floor":12,"key":"FearPotion"},{"floor":13,"key":"SteroidPotion"},{"floor":18,"key":"Weak Potion"},{"floor":21,"key":"Swift Potion"},{"floor":24,"key":"GhostInAJar"}],"is_trial":false,"path_per_floor":["M","M","?","?","?","E","R","E","T","M","R","M","?","$","R","B",null,"M","?","M","M","?","R","M","R","T","M","E","M"],"character_chosen":"THE_SILENT","items_purchased":["Membership Card","Ginger","Envenom","Poisoned Stab","Corpse Explosion","Mummified Hand"],"campfire_rested":5,"item_purchase_floors":[14,14,14,14,14,14],"current_hp_per_floor":[70,70,63,63,63,25,46,21,21,21,42,42,39,39,60,22,70,70,50,42,26,26,47,35,56,56,46,1,0],"gold":324,"neow_bonus":"UPGRADE_CARD","is_prod":false,"is_daily":false,"chose_seed":false,"campfire_upgraded":0,"win_rate":0,"timestamp":1555774321,"path_taken":["M","M","?","?","?","E","R","E","T","?","R","M","?","?","R","BOSS","M","?","M","M","?","R","M","R","T","M","E","M"],"build_version":"2019-01-23","purchased_purges":1,"victory":false,"max_hp_per_floor":[70,70,70,70,70,70,70,70,70,70,70,70,70,70,70,70,70,70,70,70,70,70,70,70,70,70,70,70,70],"card_choices":[{"not_picked":["Deadly Poison","Masterful Stab"],"picked":"Poisoned Stab","floor":1},{"not_picked":["PiercingWail","Sucker Punch","Dash"],"picked":"SKIP","floor":2},{"not_picked":["Masterful Stab","Phantasmal Killer"],"picked":"Deflect","floor":6},{"not_picked":["Outmaneuver","Underhanded Strike","Masterful Stab"],"picked":"SKIP","floor":8},{"not_picked":["Quick Slash","Dodge and Roll"],"picked":"Dagger Spray","floor":10},{"not_picked":["Backflip","Underhanded Strike"],"picked":"Dagger Throw","floor":12},{"not_picked":["Outmaneuver","Slice"],"picked":"Dagger Throw","floor":13},{"not_picked":["Burst","Storm of Steel"],"picked":"Envenom","floor":16},{"not_picked":["Outmaneuver+1","Infinite Blades"],"picked":"Deflect+1","floor":18},{"not_picked":["Eviscerate","Outmaneuver"],"picked":"Distraction","floor":20},{"not_picked":["Bane","Blade Dance+1"],"picked":"Noxious Fumes","floor":21},{"not_picked":["Outmaneuver","Dodge and Roll+1"],"picked":"Cloak And Dagger+1","floor":24},{"not_picked":["Riddle With Holes+1","Flying Knee+1","Calculated Gamble+1"],"picked":"SKIP","floor":27},{"not_picked":["Calculated Gamble+1","Acrobatics+1"],"picked":"Backflip+1","floor":28}],"player_experience":371801,"relics_obtained":[{"floor":6,"key":"Happy Flower"},{"floor":8,"key":"War Paint"},{"floor":13,"key":"Odd Mushroom"},{"floor":26,"key":"Toxic Egg 2"},{"floor":28,"key":"MawBank"},{"floor":28,"key":"Shuriken"}],"event_choices":[{"damage_healed":0,"gold_gain":0,"player_choice":"Success","damage_taken":7,"relics_obtained":["Old Coin"],"max_hp_gain":0,"max_hp_loss":0,"event_name":"Scrap Ooze","floor":3,"gold_loss":0},{"damage_healed":0,"gold_gain":175,"player_choice":"AGREE","damage_taken":0,"max_hp_gain":0,"max_hp_loss":0,"event_name":"Liars Game","floor":4,"gold_loss":0,"cards_obtained":["Doubt"]},{"cards_removed":["Doubt"],"damage_healed":0,"gold_gain":0,"player_choice":"Purged","damage_taken":0,"max_hp_gain":0,"max_hp_loss":0,"event_name":"Purifier","floor":5,"gold_loss":0},{"damage_healed":0,"gold_gain":0,"player_choice":"Fought Mushrooms","damage_taken":0,"max_hp_gain":0,"max_hp_loss":0,"event_name":"Mushrooms","floor":13,"gold_loss":0},{"damage_healed":0,"gold_gain":0,"player_choice":"Fight","damage_taken":0,"max_hp_gain":0,"max_hp_loss":0,"event_name":"Colosseum","floor":19,"gold_loss":0},{"damage_healed":0,"gold_gain":0,"player_choice":"Fled From Nobs","damage_taken":0,"max_hp_gain":0,"max_hp_loss":0,"event_name":"Colosseum","floor":19,"gold_loss":0},{"damage_healed":0,"gold_gain":0,"player_choice":"Ignored","damage_taken":0,"max_hp_gain":0,"max_hp_loss":0,"event_name":"Cursed Tome","floor":22,"gold_loss":0}],"is_beta":false,"boss_relics":[{"not_picked":["Philosopher\u0027s Stone","Snecko Eye"],"picked":"Black Star"}],"items_purged_floors":[14],"is_endless":false,"potions_floor_spawned":[6,10,12,13,18,21,24],"killed_by":"Snake Plant","ascension_level":1}