{"gold_per_floor":[109,122,122,134,134,168,184,184,184,210,222,297,29,47,47,125,125,140,151,32,44,44,44,44],"floor_reached":24,"playtime":1720,"items_purged":["Defend_B"],"score":570,"play_id":"991a731b-3456-4146-84b5-e20d0176e928","local_time":"20190726031335","is_ascension_mode":true,"campfire_choices":[{"floor":8.0,"key":"REST"},{"floor":15.0,"key":"REST"},{"floor":23.0,"key":"REST"}],"neow_cost":"NONE","seed_source_timestamp":86661684339464,"circlet_count":0,"master_deck":["AscendersBane","Strike_B+1","Defend_B","Defend_B","Defend_B","Zap","Dualcast","Panacea","Barrage+1","Ball Lightning","Redo+1","Rainbow","Scrape","Machine Learning","Beam Cell","White Noise","Biased Cognition","Fusion+1","Steam+1","Reinforced Body+1","Genetic Algorithm","Capacitor","Chaos+1"],"special_seed":0,"relics":["Cracked Core","Whetstone","Singing Bowl","FossilizedHelix","Mummified Hand","Astrolabe"],"potions_floor_usage":[24],"damage_taken":[{"damage":0.0,"enemies":"2 Louse","floor":1.0,"turns":2.0},{"damage":1.0,"enemies":"Cultist","floor":2.0,"turns":3.0},{"damage":9.0,"enemies":"Small Slimes","floor":4.0,"turns":4.0},{"damage":20.0,"enemies":"3 Sentries","floor":6.0,"turns":6.0},{"damage":0.0,"enemies":"2 Fungi Beasts","floor":7.0,"turns":2.0},{"damage":16.0,"enemies":"Gremlin Nob","floor":10.0,"turns":3.0},{"damage":8.0,"enemies":"Blue Slaver","floor":11.0,"turns":3.0},{"damage":0.0,"enemies":"Exordium Wildlife","floor":14.0,"turns":2.0},{"damage":1.0,"enemies":"Slime Boss","floor":16.0,"turns":6.0},{"damage":7.0,"enemies":"2 Thieves","floor":18.0,"turns":3.0},{"damage":21.0,"enemies":"Chosen","floor":19.0,"turns":6.0},{"damage":18.0,"enemies":"Snake Plant","floor":21.0,"turns":5.0},{"damage":47,"enemies":"Slavers","floor":24,"turns":3}],"seed_played":"5433129912817310349","potions_obtained":[{"floor":1.0,"key":"Dexterity Potion"},{"floor":2.0,"key":"Fire Potion"},{"floor":6.0,"key":"Swift Potion"},{"floor":11.0,"key":"Explosive Potion"},{"floor":14.0,"key":"PowerPotion"},{"floor":19.0,"key":"AttackPotion"},{"floor":21.0,"key":"Swift Potion"}],"is_trial":false,"path_per_floor":["M","M","?","M","?","E","M","R","T","E","M","?","$","M","R","B",null,"M","M","$","M","?","R","E"],"character_chosen":"DEFECT","items_purchased":["Mummified Hand","Capacitor"],"campfire_rested":3,"item_purchase_floors":[13,20],"current_hp_per_floor":[64,63,63,54,54,34,34,55,55,39,31,20,20,20,41,40,63,58,37,37,19,19,40,0],"gold":44,"neow_bonus":"RANDOM_COLORLESS","is_prod":false,"is_daily":false,"chose_seed":false,"campfire_upgraded":0,"win_rate":0,"timestamp":1564125215,"path_taken":["M","M","?","?","?","E","M","R","T","E","M","?","$","M","R","BOSS","M","M","$","M","?","R","E"],"build_version":"2019-07-17","purchased_purges":1,"victory":false,"max_hp_per_floor":[71,71,71,71,71,71,71,71,71,71,71,71,71,71,71,71,71,73,73,73,73,73,73,73],"card_choices":[{"not_picked":["Leap","Turbo"],"picked":"Barrage","floor":1.0},{"not_picked":["Glacier","Aggregate"],"picked":"Ball Lightning","floor":2.0},{"not_picked":["Leap","Hologram"],"picked":"Redo","floor":4.0},{"not_picked":["Chaos","Streamline"],"picked":"Rainbow","floor":6.0},{"not_picked":["Hologram","Barrage"],"picked":"Scrape","floor":7.0},{"not_picked":["Fusion","Sunder"],"picked":"Machine Learning","floor":10.0},{"not_picked":["Redo","Barrage"],"picked":"Beam Cell","floor":11.0},{"not_picked":["Fusion","Self Repair"],"picked":"White Noise","floor":14.0},{"not_picked":["Machine Learning","Meteor Strike"],"picked":"Biased Cognition","floor":16.0},{"not_picked":["FTL","Skim+1","BootSequence"],"picked":"Singing Bowl","floor":18.0},{"not_picked":["Cold Snap","Consume"],"picked":"Genetic Algorithm","floor":19.0},{"not_picked":["Redo+1","Gash"],"picked":"Chaos+1","floor":21.0}],"player_experience":1625196,"relics_obtained":[{"floor":6.0,"key":"Whetstone"},{"floor":9.0,"key":"Singing Bowl"},{"floor":10.0,"key":"FossilizedHelix"}],"event_choices":[{"damage_healed":0.0,"max_hp_gain":0.0,"max_hp_loss":0.0,"gold_gain":0.0,"event_name":"Lab","player_choice":"Got Potions","floor":3.0,"gold_loss":0.0,"damage_taken":0.0},{"damage_healed":0.0,"max_hp_gain":0.0,"max_hp_loss":0.0,"gold_gain":0.0,"event_name":"Living Wall","player_choice":"Grow","floor":5.0,"gold_loss":0.0,"damage_taken":0.0,"cards_upgraded":["Redo"]},{"damage_healed":0.0,"max_hp_gain":0.0,"max_hp_loss":0.0,"gold_gain":75.0,"event_name":"World of Goop","player_choice":"Gather Gold","floor":12.0,"gold_loss":0.0,"damage_taken":11.0}],"is_beta":false,"boss_relics":[{"not_picked":["Lizard Tail","Eternal Feather"],"picked":"Astrolabe"}],"items_purged_floors":[20],"is_endless":false,"potions_floor_spawned":[1,2,6,11,14,19,21],"killed_by":"Slavers","ascension_level":17}