{"gold_per_floor":[115,115,115,80,155,155,190,203,203,232,232,248,248,258,258,335,335,354,33,0],"floor_reached":20,"playtime":495,"items_purged":[],"score":390,"play_id":"913fb789-110c-430d-b789-69bceaaf0a8e","local_time":"20190906053620","is_ascension_mode":true,"campfire_choices":[{"data":"Gash","floor":6,"key":"SMITH"},{"floor":11,"key":"REST"},{"data":"Zap","floor":13,"key":"SMITH"},{"floor":15,"key":"REST"}],"neow_cost":"NONE","seed_source_timestamp":62886576961358,"circlet_count":0,"master_deck":["AscendersBane","Strike_B","Strike_B","Strike_B+1","Defend_B","Defend_B","Defend_B","Defend_B+1","Zap+1","Dualcast","Gash+1","Gash","Reinforced Body","Creative AI","Ball Lightning","Go for the Eyes","All For One","Undo","Panacea"],"relics":["Cracked Core","NeowsBlessing","Orichalcum","Mango","Calipers","Cursed Key","OrangePellets"],"potions_floor_usage":[10,10,20],"damage_taken":[{"damage":0,"enemies":"Cultist","floor":1,"turns":1},{"damage":0,"enemies":"3 Sentries","floor":7,"turns":1},{"damage":0,"enemies":"Small Slimes","floor":8,"turns":1},{"damage":25,"enemies":"Lagavulin","floor":10,"turns":6},{"damage":6,"enemies":"Jaw Worm","floor":12,"turns":5},{"damage":6,"enemies":"2 Fungi Beasts","floor":14,"turns":4},{"damage":32,"enemies":"The Guardian","floor":16,"turns":9},{"damage":46,"enemies":"3 Byrds","floor":18,"turns":6},{"damage":40,"enemies":"2 Thieves","floor":20,"turns":3}],"seed_played":"2107609094011634068","potions_obtained":[{"floor":1,"key":"EntropicBrew"},{"floor":14,"key":"SteroidPotion"},{"floor":16,"key":"FearPotion"}],"is_trial":false,"path_per_floor":["M","?","?","?","?","R","E","M","T","E","R","M","R","M","R","B",null,"M","$","M"],"character_chosen":"DEFECT","items_purchased":["OrangePellets","Panacea"],"campfire_rested":2,"item_purchase_floors":[19,19],"current_hp_per_floor":[64,43,36,53,42,42,42,42,56,31,56,50,50,44,69,37,73,27,27,0],"gold":0,"neow_bonus":"THREE_ENEMY_KILL","is_prod":false,"is_daily":false,"chose_seed":false,"campfire_upgraded":2,"win_rate":0,"timestamp":1567712180,"path_taken":["M","?","?","?","?","R","E","M","T","E","R","M","R","M","R","BOSS","M","$","M"],"build_version":"2019-07-17","purchased_purges":0,"victory":false,"max_hp_per_floor":[71,71,71,71,71,71,71,71,85,85,85,85,85,85,85,85,85,85,85,85],"card_choices":[{"not_picked":["Darkness","Barrage"],"picked":"Gash","floor":1},{"not_picked":["Steam","Ball Lightning"],"picked":"Gash","floor":7},{"not_picked":["Leap","Redo"],"picked":"Reinforced Body","floor":8},{"not_picked":["Cold Snap","Turbo"],"picked":"Creative AI","floor":10},{"not_picked":["Steam Power","Aggregate"],"picked":"Ball Lightning","floor":12},{"not_picked":["Compile Driver","Rebound"],"picked":"Go for the Eyes","floor":14},{"not_picked":["Seek","Rainbow"],"picked":"All For One","floor":16},{"not_picked":["Sweeping Beam","Compile Driver"],"picked":"Undo","floor":18}],"player_experience":1252715,"relics_obtained":[{"floor":7,"key":"Orichalcum"},{"floor":9,"key":"Mango"},{"floor":10,"key":"Calipers"}],"event_choices":[{"damage_healed":0,"gold_gain":0,"player_choice":"Entered Light","damage_taken":21,"max_hp_gain":0,"max_hp_loss":0,"event_name":"Shining Light","floor":2,"gold_loss":0,"cards_upgraded":["Defend_B","Strike_B"]},{"cards_removed":["Strike_B"],"damage_healed":0,"gold_gain":0,"player_choice":"Card Removal","damage_taken":7,"max_hp_gain":0,"max_hp_loss":0,"event_name":"Golden Wing","floor":3,"gold_loss":0},{"damage_healed":17,"gold_gain":0,"player_choice":"Healed","damage_taken":0,"max_hp_gain":0,"max_hp_loss":0,"event_name":"The Cleric","floor":4,"gold_loss":35},{"damage_healed":0,"gold_gain":75,"player_choice":"Gather Gold","damage_taken":11,"max_hp_gain":0,"max_hp_loss":0,"event_name":"World of Goop","floor":5,"gold_loss":0}],"is_beta":false,"boss_relics":[{"not_picked":["Philosopher\u0027s Stone","White Beast Statue"],"picked":"Cursed Key"}],"items_purged_floors":[],"is_endless":false,"potions_floor_spawned":[1,14,16,18],"killed_by":"2 Thieves","ascension_level":18}