{"gold_per_floor":[111,122,122,47,72,72,113,113,140,140,159,178,213,225,237,249],"floor_reached":16,"playtime":1056,"items_purged":["Injury"],"score":220,"play_id":"cc41bc9b-f46d-4bdc-a116-941bf51540ba","local_time":"20190506043843","is_ascension_mode":true,"campfire_choices":[{"data":"Neutralize","floor":6.0,"key":"SMITH"},{"data":"Skewer","floor":8.0,"key":"SMITH"},{"data":"Dash","floor":10.0,"key":"SMITH"},{"floor":15,"key":"REST"}],"neow_cost":"TEN_PERCENT_HP_LOSS","seed_source_timestamp":1015925870336443,"circlet_count":0,"master_deck":["AscendersBane","Defend_G","Defend_G","Defend_G","Defend_G","Defend_G","Strike_G","Strike_G","Strike_G","Strike_G","Strike_G","Survivor","Neutralize+1","Adrenaline","Dash+1","Skewer+1","Dagger Spray","Slice","PiercingWail","Flying Knee","Poisoned Stab"],"special_seed":0,"relics":["Ring of the Snake","Golden Idol","Omamori","Dream Catcher","MawBank"],"potions_floor_usage":[16],"damage_taken":[{"damage":2.0,"enemies":"2 Louse","floor":1.0,"turns":3.0},{"damage":0.0,"enemies":"Small Slimes","floor":2.0,"turns":4.0},{"damage":0.0,"enemies":"Cultist","floor":5.0,"turns":3.0},{"damage":10.0,"enemies":"3 Sentries","floor":7.0,"turns":4.0},{"damage":9.0,"enemies":"Lots of Slimes","floor":11.0,"turns":3.0},{"damage":0.0,"enemies":"Gremlin Gang","floor":12.0,"turns":2.0},{"damage":16.0,"enemies":"Lagavulin","floor":13.0,"turns":7.0},{"damage":24,"enemies":"Hexaghost","floor":16,"turns":11}],"seed_played":"-4347606482171666557","potions_obtained":[{"floor":5.0,"key":"Strength Potion"},{"floor":11.0,"key":"Strength Potion"},{"floor":12.0,"key":"FairyPotion"},{"floor":13.0,"key":"GamblersBrew"}],"is_trial":false,"path_per_floor":["M","M","?","$","M","R","E","R","T","R","M","M","E","?","R","B"],"character_chosen":"THE_SILENT","items_purchased":[],"campfire_rested":1,"item_purchase_floors":[],"current_hp_per_floor":[57,57,57,57,57,57,47,47,47,47,38,38,22,6,24,0],"gold":249,"neow_bonus":"THREE_RARE_CARDS","is_prod":false,"is_daily":false,"chose_seed":false,"campfire_upgraded":3,"win_rate":0,"timestamp":1557131923,"path_taken":["M","M","?","$","M","R","E","R","T","R","M","M","E","?","R","BOSS"],"build_version":"2019-01-23","purchased_purges":1,"victory":false,"max_hp_per_floor":[60,60,60,60,60,60,60,60,60,60,60,60,60,60,60,60],"card_choices":[{"not_picked":["Corpse Explosion","Grand Finale"],"picked":"Adrenaline","floor":0.0},{"not_picked":["Backflip","Setup"],"picked":"Dash","floor":1.0},{"not_picked":["Eviscerate","Dagger Throw"],"picked":"Skewer","floor":2.0},{"not_picked":["Underhanded Strike","Choke"],"picked":"Dagger Spray","floor":5.0},{"not_picked":["Heel Hook","PiercingWail"],"picked":"Slice","floor":7.0},{"not_picked":["Deadly Poison","Skewer"],"picked":"PiercingWail","floor":11.0},{"not_picked":["Blade Dance","Reflex"],"picked":"Flying Knee","floor":12.0},{"not_picked":["Underhanded Strike","Reflex","Slice"],"picked":"SKIP","floor":13.0},{"not_picked":["Acrobatics","Quick Slash"],"picked":"Poisoned Stab","floor":15}],"player_experience":1444400,"relics_obtained":[{"floor":7.0,"key":"Omamori"},{"floor":9.0,"key":"Dream Catcher"},{"floor":13.0,"key":"MawBank"}],"event_choices":[{"damage_healed":0.0,"max_hp_gain":0.0,"max_hp_loss":0.0,"gold_gain":0.0,"event_name":"Golden Idol","player_choice":"Take Wound","floor":3.0,"gold_loss":0.0,"damage_taken":0.0,"relics_obtained":["Golden Idol"],"cards_obtained":["Injury"]},{"damage_healed":0,"gold_gain":0,"player_choice":"Fled","damage_taken":26,"max_hp_gain":0,"max_hp_loss":0,"event_name":"Scrap Ooze","floor":14,"gold_loss":0}],"is_beta":false,"boss_relics":[],"items_purged_floors":[4],"is_endless":false,"potions_floor_spawned":[5,11,12,13],"killed_by":"Hexaghost","ascension_level":20}