{"gold_per_floor":[118,118,134,134,134,134,172,191,248,262,282,296,296,320,320,451,451,472,487,215,236,260,260,294,319,319,319,333,364,364,377,377,377],"floor_reached":33,"playtime":1445,"items_purged":["Strike_G"],"score":378,"play_id":"3c978600-191a-4f88-842a-690f6d1019d1","local_time":"20180802164106","is_ascension_mode":true,"campfire_choices":[{"data":"All Out Attack","floor":6,"key":"SMITH"},{"floor":15,"key":"REST"},{"floor":23,"key":"REST"},{"floor":27,"key":"REST"},{"floor":30,"key":"REST"},{"floor":32,"key":"REST"}],"neow_cost":"","seed_source_timestamp":1891069936016254,"circlet_count":0,"master_deck":["Defend_G","Defend_G","Defend_G","Defend_G","Defend_G","Strike_G","Strike_G+1","Strike_G","Strike_G","Survivor","Neutralize","All Out Attack+1","Poisoned Stab+1","Noxious Fumes","Deadly Poison","Backflip","Catalyst","Die Die Die+1","Backflip","Slice+1"],"relics":["Ring of the Snake","Golden Idol","Anchor","Tiny Chest","Bag of Preparation","Busted Crown","ClockworkSouvenir","Ninja Scroll","Whetstone","Ornamental Fan"],"potions_floor_usage":[7,12,16,16,22,24,25,29,33],"damage_taken":[{"damage":1,"enemies":"Small Slimes","floor":1,"turns":4},{"damage":0,"enemies":"Cultist","floor":3,"turns":3},{"damage":15,"enemies":"Lagavulin","floor":7,"turns":5},{"damage":0,"enemies":"Jaw Worm","floor":8,"turns":3},{"damage":0,"enemies":"2 Fungi Beasts","floor":10,"turns":2},{"damage":5,"enemies":"Gremlin Gang","floor":11,"turns":3},{"damage":2,"enemies":"Large Slime","floor":12,"turns":6},{"damage":30,"enemies":"Hexaghost","floor":16,"turns":7},{"damage":0,"enemies":"Chosen","floor":18,"turns":4},{"damage":12,"enemies":"3 Byrds","floor":19,"turns":4},{"damage":0,"enemies":"3 Cultists","floor":21,"turns":4},{"damage":9,"enemies":"Snake Plant","floor":22,"turns":3},{"damage":36,"enemies":"Book of Stabbing","floor":24,"turns":5},{"damage":16,"enemies":"Sentry and Sphere","floor":25,"turns":4},{"damage":2,"enemies":"3 Cultists","floor":28,"turns":3},{"damage":4,"enemies":"Slavers","floor":29,"turns":4},{"damage":0,"enemies":"Cultist and Chosen","floor":31,"turns":4},{"damage":56,"enemies":"Collector","floor":33,"turns":7}],"seed_played":"2948327985461222290","potions_obtained":[{"floor":1,"key":"GhostInAJar"},{"floor":2,"key":"LiquidBronze"},{"floor":2,"key":"Fire Potion"},{"floor":7,"key":"AttackPotion"},{"floor":8,"key":"PowerPotion"},{"floor":19,"key":"SkillPotion"},{"floor":21,"key":"AttackPotion"},{"floor":24,"key":"AttackPotion"},{"floor":25,"key":"Block Potion"},{"floor":28,"key":"Swift Potion"}],"is_trial":false,"path_per_floor":["M","?","M","?","?","R","E","M","T","M","M","M","?","T","R","B",null,"M","M","$","M","M","R","E","M","T","R","M","E","R","M","R"],"character_chosen":"THE_SILENT","items_purchased":["ClockworkSouvenir"],"campfire_rested":5,"item_purchase_floors":[20],"current_hp_per_floor":[62,62,62,62,62,62,47,47,47,47,42,40,40,40,59,29,56,56,44,44,44,35,54,18,2,2,21,19,15,34,34,53,0],"gold":377,"neow_bonus":"","is_prod":false,"is_daily":false,"chose_seed":false,"campfire_upgraded":1,"win_rate":0,"timestamp":1533242466,"path_taken":["M","?","M","?","?","R","E","?","T","M","?","M","?","?","R","BOSS","M","M","$","M","M","R","E","M","T","R","M","E","R","?","R","BOSS"],"build_version":"2018-07-26","purchased_purges":1,"victory":false,"max_hp_per_floor":[70,70,70,65,65,65,65,65,65,65,65,65,65,65,65,65,65,65,65,65,65,65,65,65,65,65,65,65,65,65,65,65,65],"card_choices":[{"not_picked":["Blur","Footwork"],"picked":"All Out Attack","floor":1},{"not_picked":["Terror","Catalyst"],"picked":"Poisoned Stab","floor":3},{"not_picked":["Quick Slash","Dagger Spray"],"picked":"Noxious Fumes","floor":7},{"not_picked":["Choke","Reflex","Prepared"],"picked":"SKIP","floor":8},{"not_picked":["Infinite Blades","Slice"],"picked":"Deadly Poison","floor":10},{"not_picked":["Tactician","Riddle With Holes"],"picked":"Backflip","floor":11},{"not_picked":["Escape Plan","Dagger Spray"],"picked":"Catalyst","floor":12},{"not_picked":["Wraith Form v2","Storm of Steel"],"picked":"Die Die Die","floor":16},{"not_picked":["Flechettes"],"picked":"SKIP","floor":18},{"not_picked":["Infinite Blades"],"picked":"SKIP","floor":19},{"not_picked":["Deflect"],"picked":"SKIP","floor":21},{"not_picked":["Footwork"],"picked":"SKIP","floor":22},{"not_picked":["Concentrate+1"],"picked":"SKIP","floor":24},{"not_picked":[],"picked":"Backflip","floor":25},{"not_picked":["Underhanded Strike"],"picked":"SKIP","floor":28},{"not_picked":[],"picked":"Slice+1","floor":29},{"not_picked":["Burst"],"picked":"SKIP","floor":31}],"player_experience":362569,"relics_obtained":[{"floor":7,"key":"Anchor"},{"floor":9,"key":"Tiny Chest"},{"floor":14,"key":"Bag of Preparation"},{"floor":24,"key":"Ninja Scroll"},{"floor":26,"key":"Whetstone"},{"floor":29,"key":"Ornamental Fan"}],"event_choices":[{"event_name":"The Lab","player_choice":"Got Potions","floor":2,"damage_taken":0},{"event_name":"Golden Idol","player_choice":"Lose Max HP","floor":4,"damage_taken":0},{"event_name":"Accursed Blacksmith","player_choice":"Forge","floor":5,"damage_taken":0},{"event_name":"Living Wall","player_choice":"Forget","floor":13,"damage_taken":0}],"is_beta":false,"boss_relics":[{"not_picked":["Pandora\u0027s Box","Snecko Eye"],"picked":"Busted Crown"}],"items_purged_floors":[20],"is_endless":false,"potions_floor_spawned":[1,7,8,10,11,19,21,24,25,28],"killed_by":"Collector","ascension_level":6}