{"path_per_floor":["M","?","$","?","M","E","$","M","T","E","?","R","M","M","R","B",null,"M","?","$","M","M","R"],"character_chosen":"IRONCLAD","items_purchased":["Inflame","Shrug It Off","Energy Potion","Dexterity Potion","Warcry"],"gold_per_floor":[116,116,0,0,20,49,0,10,33,60,160,160,180,196,196,296,296,284,284,131,147,157,157],"floor_reached":24,"campfire_rested":2,"playtime":2338,"current_hp_per_floor":[80,80,80,80,79,65,65,69,69,61,61,61,32,34,58,18,80,71,71,71,48,11,35],"items_purged":["Strike_R"],"gold":157,"score":206,"play_id":"ea937e38-508e-4e0c-821a-f2110b396b91","local_time":"20180319222648","is_prod":false,"is_daily":false,"is_ascension_mode":false,"campfire_upgraded":1,"timestamp":1521512808,"path_taken":["M","?","$","?","M","E","$","M","T","E","?","R","M","M","R","BOSS","M","?","$","M","M","R","E"],"build_version":"2018-03-15v3","purchased_purges":2,"victory":false,"master_deck":["Strike_R","Strike_R","Strike_R","Defend_R","Defend_R+1","Defend_R","Bash","True Grit","Power Through","Inflame+1","Shrug It Off+1","Clothesline","Entrench","Dropkick","Cleave","Uppercut","Fiend Fire","Impervious","Iron Wave","Warcry","Iron Wave"],"max_hp_per_floor":[80,80,80,80,80,80,80,80,80,80,80,80,80,80,80,80,80,80,80,80,80,80,80],"relics":["Burning Blood","Kunai","War Paint","Self Forming Clay","Black Star"],"card_choices":[{"not_picked":["Pommel Strike","Warcry"],"picked":"True Grit"},{"not_picked":["Perfected Strike","Pommel Strike"],"picked":"Clothesline"},{"not_picked":["Feel No Pain","Blood for Blood"],"picked":"Entrench"},{"not_picked":["Sword Boomerang","True Grit"],"picked":"Dropkick"},{"not_picked":["Anger","Seeing Red"],"picked":"Cleave"},{"not_picked":["Feel No Pain","Burning Pact"],"picked":"Uppercut"},{"not_picked":["Thunderclap","Burning Pact"],"picked":"Fiend Fire"},{"not_picked":["Limit Break","Double Tap"],"picked":"Impervious"},{"not_picked":["Warcry","Clash"],"picked":"Iron Wave"},{"not_picked":["Disarm","Dropkick"],"picked":"Iron Wave"}],"player_experience":9117,"potions_floor_usage":[6,16,16,24,24,24],"damage_taken":[{"damage":0,"enemies":"2 Louse","floor":1,"turns":2},{"damage":7,"enemies":"Small Slimes","floor":5,"turns":4},{"damage":20,"enemies":"Lagavulin","floor":6,"turns":10},{"damage":2,"enemies":"Jaw Worm","floor":8,"turns":4},{"damage":14,"enemies":"Gremlin Nob","floor":10,"turns":5},{"damage":35,"enemies":"Gremlin Gang","floor":13,"turns":5},{"damage":4,"enemies":"Blue Slaver","floor":14,"turns":4},{"damage":46,"enemies":"The Guardian","floor":16,"turns":17},{"damage":15,"enemies":"2 Thieves","floor":18,"turns":4},{"damage":29,"enemies":"3 Byrds","floor":21,"turns":10},{"damage":43,"enemies":"3 Cultists","floor":22,"turns":7},{"damage":37,"enemies":"Book of Stabbing","floor":24,"turns":10}],"event_choices":[{"event_name":"Living Wall","player_choice":"Change","floor":2,"damage_taken":0},{"event_name":"Wheel of Change","player_choice":"Full Heal","floor":4,"damage_taken":0},{"event_name":"Golden Shrine","player_choice":"Pray","floor":11,"damage_taken":0},{"event_name":"Back to Basics","player_choice":"Elegance","floor":19,"damage_taken":0}],"boss_relics":[{"not_picked":["Philosopher\u0027s Stone","Runic Dome"],"picked":"Black Star"}],"potions_floor_spawned":[5,10,13,22],"seed_played":"-9060770703156993870","killed_by":"Book of Stabbing","ascension_level":0,"is_trial":false}