{"gold_per_floor":[169,22,34,34,52,87,87,97,97,113,128,148,205,205,205,205],"floor_reached":16,"playtime":1031,"items_purged":[],"score":125,"play_id":"83d818ad-7fc3-4366-a0d7-9164a5bf8feb","local_time":"20190912134656","is_ascension_mode":true,"campfire_choices":[{"floor":7,"key":"REST"},{"floor":15,"key":"REST"}],"neow_cost":"NONE","seed_source_timestamp":77401820941100,"circlet_count":0,"master_deck":["Strike_G","Strike_G","Strike_G+1","Strike_G","Strike_G","Defend_G","Defend_G","Defend_G","Defend_G","Defend_G","Survivor","Neutralize","Slice","Escape Plan","Endless Agony","Choke","Accuracy","Tactician","Skewer","Night Terror","Backflip"],"relics":["Tiny House","Bronze Scales","Du-Vu Doll","Tiny Chest"],"potions_floor_usage":[1,6,16,16,16],"damage_taken":[{"damage":0,"enemies":"Cultist","floor":1,"turns":5},{"damage":0,"enemies":"Jaw Worm","floor":3,"turns":3},{"damage":0,"enemies":"2 Louse","floor":5,"turns":2},{"damage":29,"enemies":"3 Sentries","floor":6,"turns":12},{"damage":8,"enemies":"2 Fungi Beasts","floor":8,"turns":4},{"damage":7,"enemies":"Large Slime","floor":10,"turns":6},{"damage":18,"enemies":"Exordium Wildlife","floor":11,"turns":4},{"damage":31,"enemies":"Gremlin Gang","floor":12,"turns":3},{"damage":28,"enemies":"The Guardian","floor":16,"turns":6}],"seed_played":"-6721793037242832855","potions_obtained":[{"floor":0,"key":"Block Potion"},{"floor":5,"key":"SkillPotion"},{"floor":8,"key":"Strength Potion"},{"floor":10,"key":"LiquidBronze"},{"floor":12,"key":"AttackPotion"}],"is_trial":false,"path_per_floor":["M","$","M","$","M","E","R","M","T","M","M","M","T","?","R","B"],"character_chosen":"THE_SILENT","items_purchased":["Bronze Scales"],"campfire_rested":2,"item_purchase_floors":[2],"current_hp_per_floor":[75,75,75,75,75,46,68,60,60,53,35,4,4,4,26,0],"gold":205,"neow_bonus":"BOSS_RELIC","is_prod":false,"is_daily":false,"chose_seed":false,"campfire_upgraded":0,"win_rate":0,"timestamp":1568314016,"path_taken":["M","$","?","?","?","E","R","M","T","M","M","M","?","?","R","BOSS"],"build_version":"2019-07-17","purchased_purges":0,"victory":false,"max_hp_per_floor":[75,75,75,75,75,75,75,75,75,75,75,75,75,75,75,75],"card_choices":[{"not_picked":["Poisoned Stab","Outmaneuver"],"picked":"Slice","floor":0},{"not_picked":["Finisher","Acrobatics"],"picked":"Escape Plan","floor":1},{"not_picked":["Blade Dance","Terror"],"picked":"Endless Agony","floor":3},{"not_picked":["Dagger Throw","All Out Attack"],"picked":"Choke","floor":5},{"not_picked":["Storm of Steel","Bane"],"picked":"Accuracy","floor":6},{"not_picked":["Underhanded Strike","Dodge and Roll"],"picked":"Tactician","floor":8},{"not_picked":["Dagger Throw","Finisher"],"picked":"Skewer","floor":10},{"not_picked":["Noxious Fumes","Distraction"],"picked":"Night Terror","floor":11},{"not_picked":["Prepared","Well Laid Plans"],"picked":"Backflip","floor":12}],"player_experience":356008,"relics_obtained":[{"floor":6,"key":"Du-Vu Doll"},{"floor":13,"key":"Tiny Chest"}],"event_choices":[{"damage_healed":0,"gold_gain":0,"player_choice":"Ignored","damage_taken":0,"max_hp_gain":0,"max_hp_loss":0,"event_name":"Shining Light","floor":14,"gold_loss":0}],"is_beta":false,"boss_relics":[],"items_purged_floors":[],"is_endless":false,"potions_floor_spawned":[5,8,10,12],"killed_by":"The Guardian","ascension_level":4}