{"gold_per_floor":[210,210,226,246,246,246,281,65,118,152,35,35,52,86,86,86],"floor_reached":16,"playtime":746,"items_purged":["Strike_B"],"score":236,"play_id":"8f2fa872-0dac-44ef-bb62-4dbc021bf13a","local_time":"20190908233804","is_ascension_mode":true,"campfire_choices":[{"data":"Sweeping Beam","floor":6,"key":"SMITH"},{"floor":12,"key":"REST"},{"floor":15,"key":"REST"}],"neow_cost":"NONE","seed_source_timestamp":10099819136800,"circlet_count":0,"master_deck":["AscendersBane","Strike_B","Strike_B","Strike_B","Defend_B","Defend_B","Defend_B","Defend_B","Zap+1","Dualcast","Cold Snap","Sweeping Beam+1","Coolheaded","Echo Form","Beam Cell","Self Repair","Genetic Algorithm","Leap"],"relics":["Cracked Core","Blood Vial","Peace Pipe","OrangePellets","Boot","Bag of Preparation","Gambling Chip"],"potions_floor_usage":[10,14,16,16],"damage_taken":[{"damage":4,"enemies":"Jaw Worm","floor":1,"turns":4},{"damage":0,"enemies":"Cultist","floor":3,"turns":3},{"damage":0,"enemies":"Small Slimes","floor":4,"turns":2},{"damage":34,"enemies":"3 Sentries","floor":7,"turns":10},{"damage":4,"enemies":"Lagavulin","floor":10,"turns":9},{"damage":8,"enemies":"3 Louse","floor":13,"turns":3},{"damage":38,"enemies":"Gremlin Nob","floor":14,"turns":4},{"damage":26,"enemies":"Hexaghost","floor":16,"turns":10}],"seed_played":"-4874753798961118672","potions_obtained":[{"floor":1,"key":"LiquidBronze"},{"floor":7,"key":"Dexterity Potion"},{"floor":13,"key":"FocusPotion"},{"floor":14,"key":"SkillPotion"}],"is_trial":false,"path_per_floor":["M","?","M","M","?","R","E","$","T","E","$","R","M","E","R","B"],"character_chosen":"DEFECT","items_purchased":["OrangePellets","Self Repair"],"campfire_rested":2,"item_purchase_floors":[8,11],"current_hp_per_floor":[60,60,60,60,49,49,17,17,17,15,15,36,37,1,22,0],"gold":86,"neow_bonus":"HUNDRED_GOLD","is_prod":false,"is_daily":false,"chose_seed":false,"campfire_upgraded":1,"win_rate":0,"timestamp":1568000284,"path_taken":["M","?","?","M","?","R","E","$","T","E","$","R","M","E","R","BOSS"],"build_version":"2019-07-17","purchased_purges":1,"victory":false,"max_hp_per_floor":[71,71,71,71,71,71,71,71,71,71,71,71,71,71,71,71],"card_choices":[{"not_picked":["Rip and Tear","Coolheaded"],"picked":"Cold Snap","floor":1},{"not_picked":["Reinforced Body","Coolheaded"],"picked":"Sweeping Beam","floor":3},{"not_picked":["Skim","Hologram"],"picked":"Coolheaded","floor":4},{"not_picked":["Chaos","Conserve Battery"],"picked":"Echo Form","floor":7},{"not_picked":["Gash","Stack"],"picked":"Beam Cell","floor":10},{"not_picked":["Rip and Tear","Scrape"],"picked":"Genetic Algorithm","floor":13},{"not_picked":["FTL","Redo"],"picked":"Leap","floor":14}],"player_experience":1950432,"relics_obtained":[{"floor":7,"key":"Peace Pipe"},{"floor":9,"key":"Boot"},{"floor":10,"key":"Bag of Preparation"},{"floor":14,"key":"Gambling Chip"}],"event_choices":[{"damage_healed":0,"gold_gain":0,"player_choice":"Upgraded","damage_taken":0,"max_hp_gain":0,"max_hp_loss":0,"event_name":"Upgrade Shrine","floor":2,"gold_loss":0,"cards_upgraded":["Zap"]},{"damage_healed":0,"gold_gain":0,"player_choice":"Success","damage_taken":11,"relics_obtained":["Blood Vial"],"max_hp_gain":0,"max_hp_loss":0,"event_name":"Scrap Ooze","floor":5,"gold_loss":0}],"is_beta":false,"boss_relics":[],"items_purged_floors":[11],"is_endless":false,"potions_floor_spawned":[1,7,13,14],"killed_by":"Hexaghost","ascension_level":20}