{"path_per_floor":["M","$","M","M","?","R","?","M","T","T","M","E","R","M","R"],"character_chosen":"IRONCLAD","items_purchased":["Shrug It Off"],"gold_per_floor":[119,19,39,59,59,59,309,322,322,348,364,395,395,413,413,413],"floor_reached":16,"campfire_rested":1,"playtime":642,"current_hp_per_floor":[72,72,65,64,61,61,61,60,60,60,66,39,60,60,60,0],"items_purged":["Strike_R"],"gold":413,"score":117,"play_id":"04992675-f20b-49f8-aae4-5cc1cc3bc12c","local_time":"20180330233818","is_prod":false,"is_daily":false,"is_ascension_mode":true,"campfire_upgraded":2,"timestamp":1522467498,"path_taken":["M","?","M","M","?","R","?","M","T","?","M","E","R","?","R","BOSS"],"build_version":"2018-03-29v2","purchased_purges":1,"victory":false,"master_deck":["Strike_R","Strike_R","Strike_R","Strike_R","Defend_R","Defend_R","Defend_R","Defend_R","Bash","Juggernaut+1","Shrug It Off","True Grit","Flex","Regret","Sword Boomerang","Flame Barrier+1","Offering","Ghostly Armor"],"max_hp_per_floor":[72,72,72,72,72,72,72,72,72,72,72,72,72,72,72,72],"relics":["Burning Blood","Unceasing Top","Du-Vu Doll","Anchor","Omamori","Champion Belt"],"card_choices":[{"not_picked":["Battle Trance","Clothesline"],"picked":"Juggernaut","floor":1},{"not_picked":["Infernal Blade","Warcry"],"picked":"True Grit","floor":3},{"not_picked":["Perfected Strike","Anger"],"picked":"Flex","floor":4},{"not_picked":["Clash","Infernal Blade"],"picked":"Sword Boomerang","floor":8},{"not_picked":["True Grit","Sword Boomerang"],"picked":"Flame Barrier","floor":11},{"not_picked":["Anger","Perfected Strike"],"picked":"Offering","floor":12},{"not_picked":["Inflame","Clothesline"],"picked":"Ghostly Armor","floor":14}],"player_experience":164372,"potions_floor_usage":[8,12,16],"damage_taken":[{"damage":1,"enemies":"Cultist","floor":1,"turns":3},{"damage":13,"enemies":"Small Slimes","floor":3,"turns":4},{"damage":7,"enemies":"2 Louse","floor":4,"turns":4},{"damage":7,"enemies":"Large Slime","floor":8,"turns":7},{"damage":0,"enemies":"3 Louse","floor":11,"turns":3},{"damage":33,"enemies":"3 Sentries","floor":12,"turns":9},{"damage":6,"enemies":"Red Slaver","floor":14,"turns":3},{"damage":60,"enemies":"Hexaghost","floor":16,"turns":14}],"event_choices":[{"event_name":"Scrap Ooze","player_choice":"success","floor":5,"damage_taken":3},{"event_name":"Golden Shrine","player_choice":"Desecrate","floor":7,"damage_taken":0}],"boss_relics":[],"potions_floor_spawned":[1,8,11],"seed_played":"5949891992942775270","killed_by":"Hexaghost","ascension_level":3,"is_trial":false}