{"gold_per_floor":[114,126,126,146,71,98,98,133,133,145,145,27,54,69,69,140,140,156,166,184,184,203,203,203],"floor_reached":24,"playtime":38138,"items_purged":["Strike_B"],"score":436,"play_id":"ff9193c7-9ff7-4382-945d-b7f237db31d7","local_time":"20190810031305","is_ascension_mode":true,"campfire_choices":[{"floor":7,"key":"REST"},{"floor":11,"key":"REST"},{"data":"Buffer","floor":15,"key":"SMITH"},{"data":"Fission","floor":23,"key":"SMITH"}],"neow_cost":"NONE","seed_source_timestamp":1128537411972463,"circlet_count":0,"master_deck":["AscendersBane","Strike_B","Strike_B","Defend_B","Defend_B","Defend_B","Defend_B","Zap","Dualcast","Defragment+1","Beam Cell","Barrage","Ball Lightning","Doom and Gloom","Cold Snap","Glacier","Redo","Loop","Buffer+1","BootSequence","Fission+1","Go for the Eyes+1","Sunder"],"relics":["Cracked Core","Dream Catcher","Emotion Chip","Ornamental Fan","Orichalcum","Eternal Feather"],"potions_floor_usage":[8,10,10,16,16,24],"damage_taken":[{"damage":1,"enemies":"2 Louse","floor":1,"turns":3},{"damage":0,"enemies":"Small Slimes","floor":2,"turns":2},{"damage":2,"enemies":"Jaw Worm","floor":4,"turns":3},{"damage":45,"enemies":"3 Sentries","floor":6,"turns":10},{"damage":15,"enemies":"Lagavulin","floor":8,"turns":4},{"damage":6,"enemies":"Exordium Thugs","floor":10,"turns":3},{"damage":20,"enemies":"3 Sentries","floor":13,"turns":7},{"damage":0,"enemies":"Large Slime","floor":14,"turns":4},{"damage":15,"enemies":"Slime Boss","floor":16,"turns":8},{"damage":0,"enemies":"Spheric Guardian","floor":18,"turns":7},{"damage":12,"enemies":"Chosen","floor":19,"turns":6},{"damage":23,"enemies":"Snake Plant","floor":20,"turns":4},{"damage":0,"enemies":"Centurion and Healer","floor":22,"turns":9},{"damage":40,"enemies":"Slavers","floor":24,"turns":5}],"seed_played":"-5559030122424102968","potions_obtained":[{"floor":1,"key":"FearPotion"},{"floor":4,"key":"SpeedPotion"},{"floor":8,"key":"Explosive Potion"},{"floor":10,"key":"FearPotion"},{"floor":14,"key":"AttackPotion"},{"floor":22,"key":"LiquidBronze"}],"is_trial":false,"path_per_floor":["M","M","?","M","?","E","R","E","T","M","R","$","E","M","R","B",null,"M","M","M","?","M","R","E"],"character_chosen":"DEFECT","items_purchased":["Loop"],"campfire_rested":2,"item_purchase_floors":[12],"current_hp_per_floor":[70,70,70,68,68,23,46,31,31,25,48,48,28,28,28,13,62,62,50,27,27,27,39,0],"gold":203,"neow_bonus":"TEN_PERCENT_HP_BONUS","is_prod":false,"is_daily":false,"chose_seed":false,"campfire_upgraded":2,"win_rate":0,"timestamp":1565421185,"path_taken":["M","M","?","M","?","E","R","E","T","M","R","$","E","M","R","BOSS","M","M","M","?","M","R","E"],"build_version":"2019-07-17","purchased_purges":1,"victory":false,"max_hp_per_floor":[78,78,78,78,78,78,78,78,78,78,78,78,78,78,78,78,78,78,78,78,78,78,78,78],"card_choices":[{"not_picked":["Leap","BootSequence"],"picked":"Defragment","floor":1},{"not_picked":["Rebound","Chaos"],"picked":"Beam Cell","floor":2},{"not_picked":["Hologram","Steam"],"picked":"Barrage","floor":4},{"not_picked":["All For One","Turbo"],"picked":"Ball Lightning","floor":6},{"not_picked":["Go for the Eyes","Gash"],"picked":"Doom and Gloom","floor":7},{"not_picked":["Tempest","Redo"],"picked":"Cold Snap","floor":8},{"not_picked":["Sweeping Beam","Self Repair"],"picked":"Glacier","floor":10},{"not_picked":["Fusion","Blizzard"],"picked":"Redo","floor":11},{"not_picked":["Static Discharge","Tempest"],"picked":"Buffer","floor":13},{"not_picked":["Sweeping Beam","Turbo"],"picked":"BootSequence","floor":14},{"not_picked":["Hyperbeam","Biased Cognition"],"picked":"Fission","floor":16},{"not_picked":["Stack","Genetic Algorithm"],"picked":"Go for the Eyes+1","floor":18},{"not_picked":["Glacier","Rebound"],"picked":"Sunder","floor":19},{"not_picked":["Barrage","Steam","Redo"],"picked":"SKIP","floor":20},{"not_picked":["Gash","Cold Snap","Electrodynamics"],"picked":"SKIP","floor":22}],"player_experience":1736101,"relics_obtained":[{"floor":6,"key":"Dream Catcher"},{"floor":8,"key":"Emotion Chip"},{"floor":9,"key":"Ornamental Fan"},{"floor":13,"key":"Orichalcum"}],"event_choices":[{"damage_healed":0,"gold_gain":0,"player_choice":"Grow","damage_taken":0,"max_hp_gain":0,"max_hp_loss":0,"event_name":"Living Wall","floor":3,"gold_loss":0,"cards_upgraded":["Defragment"]},{"cards_removed":["Strike_B"],"damage_healed":0,"gold_gain":0,"player_choice":"Card Removal","damage_taken":0,"max_hp_gain":0,"max_hp_loss":0,"event_name":"The Cleric","floor":5,"gold_loss":75},{"damage_healed":0,"gold_gain":0,"player_choice":"Ignored","damage_taken":0,"max_hp_gain":0,"max_hp_loss":0,"event_name":"Vampires","floor":21,"gold_loss":0}],"is_beta":false,"boss_relics":[{"not_picked":["Cursed Key","Calling Bell"],"picked":"Eternal Feather"}],"items_purged_floors":[12],"is_endless":false,"potions_floor_spawned":[1,4,8,10,14,22],"killed_by":"Slavers","ascension_level":20}