{"gold_per_floor":[117,137,157,11,11,39,39,39,39,50,66,31,60,71,71,167,167,184,197,197,208,208,208,243,243,243,243,261,20,20,36,36,141,141,155,167,167,167],"floor_reached":38,"playtime":2161,"items_purged":[],"score":467,"play_id":"245fcb2e-12b0-483e-a873-e318a9777b6d","local_time":"20190422052955","is_ascension_mode":true,"campfire_choices":[{"floor":7,"key":"REST"},{"data":"Envenom","floor":15,"key":"SMITH"},{"floor":23,"key":"REST"},{"data":"Caltrops","floor":27,"key":"SMITH"},{"data":"Neutralize","floor":30,"key":"SMITH"},{"data":"After Image","floor":32,"key":"SMITH"}],"neow_cost":"NONE","seed_source_timestamp":49492361519689,"circlet_count":0,"master_deck":["Defend_G","Defend_G","Defend_G","Defend_G","Defend_G","Strike_G","Strike_G","Strike_G","Survivor","Neutralize+1","Malaise","Deflect","Deflect","Bane","Caltrops+1","Acrobatics","Cloak And Dagger","Envenom+1","After Image+1","Footwork","Leg Sweep","Leg Sweep+1","RitualDagger","Dagger Spray","Calculated Gamble","Infinite Blades","PiercingWail","Poisoned Stab+1","Adrenaline","Choke+1","Flying Knee+1"],"relics":["Ring of the Snake","PreservedInsect","Matryoshka","Blue Candle","Regal Pillow","Paper Crane","Meat on the Bone","Pantograph","White Beast Statue","Lantern","Turnip","Strawberry","Molten Egg 2","Frozen Egg 2","WristBlade"],"potions_floor_usage":[13,13,24,31,33,33,36,38,38],"damage_taken":[{"damage":2,"enemies":"Cultist","floor":1,"turns":5},{"damage":0,"enemies":"2 Louse","floor":2,"turns":2},{"damage":0,"enemies":"Small Slimes","floor":3,"turns":4},{"damage":44,"enemies":"Gremlin Nob","floor":6,"turns":5},{"damage":5,"enemies":"3 Louse","floor":10,"turns":3},{"damage":1,"enemies":"Looter","floor":11,"turns":4},{"damage":6,"enemies":"Lagavulin","floor":13,"turns":6},{"damage":8,"enemies":"Blue Slaver","floor":14,"turns":4},{"damage":10,"enemies":"Hexaghost","floor":16,"turns":12},{"damage":17,"enemies":"3 Byrds","floor":18,"turns":3},{"damage":10,"enemies":"Shell Parasite","floor":19,"turns":10},{"damage":7,"enemies":"Snake Plant","floor":21,"turns":8},{"damage":42,"enemies":"Slavers","floor":24,"turns":7},{"damage":8,"enemies":"Shelled Parasite and Fungi","floor":28,"turns":10},{"damage":16,"enemies":"Chosen and Byrds","floor":31,"turns":8},{"damage":55,"enemies":"Collector","floor":33,"turns":14},{"damage":2,"enemies":"Orb Walker","floor":35,"turns":6},{"damage":8,"enemies":"3 Darklings","floor":36,"turns":4},{"damage":90,"enemies":"2 Orb Walkers","floor":38,"turns":7}],"seed_played":"1138061856912180303","potions_obtained":[{"floor":1,"key":"SmokeBomb"},{"floor":6,"key":"GamblersBrew"},{"floor":10,"key":"FearPotion"},{"floor":14,"key":"FairyPotion"},{"floor":18,"key":"FearPotion"},{"floor":19,"key":"GhostInAJar"},{"floor":24,"key":"Dexterity Potion"},{"floor":28,"key":"GhostInAJar"},{"floor":31,"key":"Regen Potion"},{"floor":33,"key":"Dexterity Potion"},{"floor":35,"key":"AttackPotion"},{"floor":36,"key":"Block Potion"}],"is_trial":false,"path_per_floor":["M","M","M","$","T","E","R","?","T","M","M","?","E","M","R","B",null,"M","M","?","M","?","R","E","?","T","R","M","$","R","M","R","B",null,"M","M","?","?"],"character_chosen":"THE_SILENT","items_purchased":["PreservedInsect","Frozen Egg 2"],"campfire_rested":2,"item_purchase_floors":[4,29],"current_hp_per_floor":[68,68,68,68,68,24,45,38,38,45,44,61,55,47,47,60,70,53,43,43,36,30,66,36,36,43,43,47,47,47,43,43,40,77,75,67,67,0],"gold":167,"neow_bonus":"ONE_RANDOM_RARE_CARD","is_prod":false,"is_daily":false,"chose_seed":false,"campfire_upgraded":4,"win_rate":0,"timestamp":1555874995,"path_taken":["M","M","M","$","?","E","R","?","T","M","M","?","E","M","R","BOSS","M","M","?","M","?","R","E","?","T","R","M","?","R","M","R","BOSS","M","M","?","?"],"build_version":"2019-01-23","purchased_purges":0,"victory":false,"max_hp_per_floor":[70,70,70,70,70,70,70,70,70,70,70,70,70,70,70,70,70,70,70,70,70,70,70,70,70,77,77,77,77,77,77,77,77,77,77,77,77,77],"card_choices":[{"not_picked":["Riddle With Holes","Sucker Punch"],"picked":"Deflect","floor":1},{"not_picked":["Flechettes","Sucker Punch"],"picked":"Deflect","floor":2},{"not_picked":["Escape Plan","Accuracy"],"picked":"Poisoned Stab","floor":3},{"not_picked":["Deflect","Prepared"],"picked":"Bane","floor":6},{"not_picked":["Reflex","Deadly Poison"],"picked":"Caltrops","floor":10},{"not_picked":["Riddle With Holes","Outmaneuver"],"picked":"Acrobatics","floor":11},{"not_picked":["Calculated Gamble","Prepared"],"picked":"Cloak And Dagger","floor":13},{"not_picked":["Catalyst","Slice"],"picked":"Envenom","floor":14},{"not_picked":["Unload","Wraith Form v2"],"picked":"After Image","floor":16},{"not_picked":["PiercingWail","Distraction"],"picked":"Footwork","floor":18},{"not_picked":["PiercingWail+1","Choke"],"picked":"Leg Sweep","floor":19},{"not_picked":["Outmaneuver","Underhanded Strike"],"picked":"Leg Sweep+1","floor":21},{"not_picked":["Masterful Stab+1","Deflect+1"],"picked":"Dagger Spray","floor":24},{"not_picked":["Slice+1","Dodge and Roll"],"picked":"PiercingWail","floor":28},{"not_picked":["Deadly Poison","Dagger Spray+1"],"picked":"Poisoned Stab+1","floor":31},{"not_picked":["Doppelganger","Unload+1"],"picked":"Adrenaline","floor":33},{"not_picked":["PiercingWail+1","Sucker Punch+1"],"picked":"Choke+1","floor":35},{"not_picked":["Deadly Poison+1","All Out Attack+1"],"picked":"Flying Knee+1","floor":36}],"player_experience":427075,"relics_obtained":[{"floor":5,"key":"Matryoshka"},{"floor":6,"key":"Blue Candle"},{"floor":9,"key":"Paper Crane"},{"floor":9,"key":"Meat on the Bone"},{"floor":13,"key":"Pantograph"},{"floor":24,"key":"Turnip"},{"floor":26,"key":"Strawberry"},{"floor":26,"key":"Molten Egg 2"}],"event_choices":[{"damage_healed":0,"gold_gain":0,"player_choice":"Success","damage_taken":7,"relics_obtained":["Regal Pillow"],"max_hp_gain":0,"max_hp_loss":0,"event_name":"Scrap Ooze","floor":8,"gold_loss":0},{"damage_healed":17,"gold_gain":0,"player_choice":"Healed","damage_taken":0,"max_hp_gain":0,"max_hp_loss":0,"event_name":"The Cleric","floor":12,"gold_loss":35},{"damage_healed":0,"gold_gain":0,"player_choice":"Opened","damage_taken":0,"relics_obtained":["Lantern"],"max_hp_gain":0,"max_hp_loss":0,"event_name":"The Mausoleum","floor":20,"gold_loss":0},{"damage_healed":0,"gold_gain":0,"player_choice":"Joined the Cult","damage_taken":6,"max_hp_gain":0,"max_hp_loss":0,"event_name":"Nest","floor":22,"gold_loss":0,"cards_obtained":["RitualDagger"]},{"damage_healed":0,"gold_gain":0,"cards_transformed":["Strike_G","Strike_G"],"player_choice":"Became Test Subject","damage_taken":0,"max_hp_gain":0,"max_hp_loss":0,"event_name":"Drug Dealer","floor":25,"gold_loss":0,"cards_obtained":["Calculated Gamble","Infinite Blades"]},{"cards_removed":["Poisoned Stab"],"damage_healed":0,"gold_gain":0,"player_choice":"Removed Attack","damage_taken":0,"max_hp_gain":0,"max_hp_loss":0,"event_name":"Falling","floor":37,"gold_loss":0},{"damage_healed":0,"gold_gain":0,"player_choice":"Fight","damage_taken":0,"max_hp_gain":0,"max_hp_loss":0,"event_name":"Mysterious Sphere","floor":38,"gold_loss":0}],"is_beta":false,"boss_relics":[{"not_picked":["Snecko Eye","Busted Crown"],"picked":"White Beast Statue"},{"not_picked":["Orrery","Runic Dome"],"picked":"WristBlade"}],"items_purged_floors":[],"is_endless":false,"potions_floor_spawned":[1,6,10,14,18,19,21,24,28,31,33,35,36],"killed_by":"2 Orb Walkers","ascension_level":3}