{"gold_per_floor":[111,111,36,36,52,52,82,100,100,100,132,148,161,193,193,267,267,281,257,276,256,266,266],"floor_reached":23,"playtime":1544,"items_purged":[],"score":452,"play_id":"18fb6d96-4ec6-4ecd-bcc9-cf19dd1d60cc","local_time":"20181227001216","is_ascension_mode":true,"campfire_choices":[{"data":"Poisoned Stab","floor":6,"key":"SMITH"},{"data":"Footwork","floor":10,"key":"SMITH"},{"floor":15,"key":"REST"}],"neow_cost":"NONE","seed_source_timestamp":81557636345558,"circlet_count":0,"master_deck":["AscendersBane","Defend_G","Defend_G","Defend_G+1","Defend_G","Defend_G+1","Strike_G","Strike_G","Strike_G","Strike_G","Survivor","Neutralize+1","Poisoned Stab+1","PiercingWail","Footwork+1","Deadly Poison","Dash","Dodge and Roll","Backflip","Burst","Venomology","Catalyst","Footwork"],"relics":["Ring of the Snake","NeowsBlessing","Bottled Flame","Dream Catcher","Incense Burner","Blue Candle","Runic Dome"],"potions_floor_usage":[11,13,14,16,18,18,19,20,22,22,22,23],"damage_taken":[{"damage":0,"enemies":"2 Louse","floor":1,"turns":1},{"damage":0,"enemies":"Jaw Worm","floor":5,"turns":1},{"damage":0,"enemies":"Gremlin Nob","floor":7,"turns":1},{"damage":0,"enemies":"Small Slimes","floor":8,"turns":5},{"damage":1,"enemies":"Lagavulin","floor":11,"turns":9},{"damage":2,"enemies":"Red Slaver","floor":12,"turns":4},{"damage":12,"enemies":"Gremlin Gang","floor":13,"turns":6},{"damage":14,"enemies":"3 Sentries","floor":14,"turns":11},{"damage":7,"enemies":"The Guardian","floor":16,"turns":12},{"damage":6,"enemies":"Chosen","floor":18,"turns":6},{"damage":0,"enemies":"2 Thieves","floor":19,"turns":4},{"damage":9,"enemies":"Snake Plant","floor":20,"turns":5},{"damage":32,"enemies":"Chosen and Byrds","floor":22,"turns":11},{"damage":12,"enemies":"Gremlin Leader","floor":23,"turns":2}],"seed_played":"8539773822797255063","potions_obtained":[{"floor":1,"key":"PowerPotion"},{"floor":11,"key":"Strength Potion"},{"floor":12,"key":"SteroidPotion"},{"floor":13,"key":"PowerPotion"},{"floor":16,"key":"FearPotion"},{"floor":18,"key":"GhostInAJar"},{"floor":21,"key":"GamblersBrew"}],"is_trial":false,"path_per_floor":["M","?","?","?","M","R","E","M","T","R","E","M","M","E","R","B",null,"M","M","M","?","M","E"],"character_chosen":"THE_SILENT","items_purchased":[],"campfire_rested":1,"item_purchase_floors":[],"current_hp_per_floor":[59,39,39,39,39,39,39,39,39,39,38,36,24,10,29,22,55,49,49,40,40,8,0],"gold":266,"neow_bonus":"THREE_ENEMY_KILL","is_prod":false,"is_daily":false,"chose_seed":false,"campfire_upgraded":2,"win_rate":0,"timestamp":1545887536,"path_taken":["M","?","?","?","?","R","E","M","T","R","E","M","M","E","R","BOSS","M","?","M","?","M","E"],"build_version":"2018-12-20","purchased_purges":0,"victory":false,"max_hp_per_floor":[66,66,66,66,66,66,66,66,66,66,66,66,66,66,66,66,66,66,66,66,66,66,66],"card_choices":[{"not_picked":["Bane","Distraction"],"picked":"Poisoned Stab","floor":1},{"not_picked":["Underhanded Strike","Reflex"],"picked":"PiercingWail","floor":5},{"not_picked":["Sucker Punch","Bouncing Flask"],"picked":"Footwork","floor":7},{"not_picked":["Malaise","Acrobatics"],"picked":"Deadly Poison","floor":8},{"not_picked":["Poisoned Stab","Dagger Throw"],"picked":"Dash","floor":11},{"not_picked":["Outmaneuver","Flying Knee"],"picked":"Dodge and Roll","floor":12},{"not_picked":["Deadly Poison","Reflex","Deflect"],"picked":"SKIP","floor":13},{"not_picked":["Distraction","Outmaneuver"],"picked":"Backflip","floor":14},{"not_picked":["Underhanded Strike","Blade Dance"],"picked":"Burst","floor":15},{"not_picked":["Bullet Time","Malaise"],"picked":"Venomology","floor":16},{"not_picked":["Crippling Poison","Outmaneuver","Eviscerate"],"picked":"SKIP","floor":18},{"not_picked":["Underhanded Strike","Deadly Poison"],"picked":"Catalyst","floor":19},{"not_picked":["Heel Hook","Backflip","Dodge and Roll"],"picked":"SKIP","floor":20},{"not_picked":["Acrobatics","Dagger Throw+1"],"picked":"Footwork","floor":22}],"player_experience":1020177,"relics_obtained":[{"floor":7,"key":"Bottled Flame"},{"floor":9,"key":"Dream Catcher"},{"floor":11,"key":"Incense Burner"},{"floor":14,"key":"Blue Candle"}],"event_choices":[{"damage_healed":0,"gold_gain":0,"player_choice":"Entered Light","damage_taken":20,"max_hp_gain":0,"max_hp_loss":0,"event_name":"Shining Light","floor":2,"gold_loss":0,"cards_upgraded":["Defend_G","Defend_G"]},{"cards_removed":["Strike_G"],"damage_healed":0,"gold_gain":0,"player_choice":"Card Removal","damage_taken":0,"max_hp_gain":0,"max_hp_loss":0,"event_name":"The Cleric","floor":3,"gold_loss":75},{"damage_healed":0,"gold_gain":0,"player_choice":"Upgraded","damage_taken":0,"max_hp_gain":0,"max_hp_loss":0,"event_name":"Upgrade Shrine","floor":4,"gold_loss":0,"cards_upgraded":["Neutralize"]},{"damage_healed":0,"gold_gain":0,"player_choice":"Bought 1 Potion","damage_taken":0,"max_hp_gain":0,"max_hp_loss":0,"event_name":"The Woman in Blue","floor":21,"gold_loss":0}],"is_beta":false,"boss_relics":[{"not_picked":["Ectoplasm","Eternal Feather"],"picked":"Runic Dome"}],"items_purged_floors":[],"is_endless":false,"potions_floor_spawned":[1,11,12,13,16,18],"killed_by":"Gremlin Leader","ascension_level":18}