{"gold_per_floor":[117,42,42,42,42,42,77,91,144,183,199,199,222,246,246,246],"floor_reached":16,"playtime":596,"items_purged":["Strike_B"],"score":165,"play_id":"f69edb7c-9605-4129-9714-3d8f7e3cac17","local_time":"20181106103909","is_ascension_mode":true,"campfire_choices":[{"data":"Tempest","floor":6,"key":"SMITH"},{"floor":15,"key":"REST"}],"neow_cost":"NONE","seed_source_timestamp":831765930752577,"circlet_count":0,"master_deck":["AscendersBane","Strike_B","Strike_B","Strike_B","Defend_B","Defend_B","Defend_B","Defend_B","Zap","Dualcast","Tempest+1","Fusion","BootSequence","Scrape","Loop+1"],"relics":["Cracked Core","Golden Idol","Bird Faced Urn","Bronze Scales","Ginger"],"potions_floor_usage":[7,11,16],"damage_taken":[{"damage":1,"enemies":"Cultist","floor":1,"turns":3},{"damage":35,"enemies":"3 Sentries","floor":7,"turns":6},{"damage":1,"enemies":"Small Slimes","floor":8,"turns":3},{"damage":31,"enemies":"Lagavulin","floor":10,"turns":7},{"damage":0,"enemies":"2 Louse","floor":11,"turns":1},{"damage":12,"enemies":"Lots of Slimes","floor":13,"turns":2},{"damage":1,"enemies":"3 Louse","floor":14,"turns":3},{"damage":37,"enemies":"The Guardian","floor":16,"turns":10}],"seed_played":"7032610223741648894","potions_obtained":[{"floor":1,"key":"Explosive Potion"},{"floor":10,"key":"SteroidPotion"},{"floor":11,"key":"Fruit Juice"}],"is_trial":false,"path_per_floor":["M","$","?","?","$","R","E","M","T","E","M","?","M","M","R","B"],"character_chosen":"DEFECT","items_purchased":[],"campfire_rested":1,"item_purchase_floors":[],"current_hp_per_floor":[74,74,74,79,79,79,44,43,43,12,17,17,5,6,31,0],"gold":246,"neow_bonus":"TEN_PERCENT_HP_BONUS","is_prod":false,"is_daily":false,"chose_seed":false,"campfire_upgraded":1,"win_rate":0,"timestamp":1541518749,"path_taken":["M","?","?","?","$","R","E","M","T","E","M","?","M","?","R","BOSS"],"build_version":"2018-11-01","purchased_purges":1,"victory":false,"max_hp_per_floor":[82,82,76,81,81,81,81,81,81,81,86,86,86,86,86,86],"card_choices":[{"not_picked":["Stack","Sweeping Beam"],"picked":"Tempest","floor":1},{"not_picked":["Sweeping Beam","Blizzard"],"picked":"Fusion","floor":7},{"not_picked":["Stack","Melter"],"picked":"BootSequence","floor":8},{"not_picked":["Turbo","Steam"],"picked":"Scrape","floor":10},{"not_picked":["Redo","BootSequence"],"picked":"Loop","floor":11},{"not_picked":["Rebound","Ball Lightning","Loop"],"picked":"SKIP","floor":13},{"not_picked":["Biased Cognition","Barrage","Rip and Tear"],"picked":"SKIP","floor":14}],"player_experience":631773,"relics_obtained":[{"floor":7,"key":"Bird Faced Urn"},{"floor":9,"key":"Bronze Scales"},{"floor":10,"key":"Ginger"}],"event_choices":[{"damage_healed":0,"gold_gain":0,"player_choice":"Lose Max HP","damage_taken":0,"relics_obtained":["Golden Idol"],"max_hp_gain":0,"max_hp_loss":6,"event_name":"Golden Idol","floor":3,"gold_loss":0},{"damage_healed":0,"gold_gain":0,"player_choice":"Donut","damage_taken":0,"max_hp_gain":5,"max_hp_loss":0,"event_name":"Big Fish","floor":4,"gold_loss":0},{"damage_healed":0,"gold_gain":0,"player_choice":"Forge","damage_taken":0,"max_hp_gain":0,"max_hp_loss":0,"event_name":"Accursed Blacksmith","floor":12,"gold_loss":0,"cards_upgraded":["Loop"]}],"is_beta":false,"boss_relics":[],"items_purged_floors":[2],"is_endless":false,"potions_floor_spawned":[1,10,11],"killed_by":"The Guardian","ascension_level":10}