{"gold_per_floor":[110,129,149,161,86,86,97,113,113,113,133,146,46,62,62,62],"floor_reached":16,"playtime":918,"items_purged":["Strike_G","Strike_G"],"score":162,"play_id":"84df231e-b7e8-4596-aeef-7a45e303c695","local_time":"20181215224521","is_ascension_mode":true,"campfire_choices":[{"floor":6,"key":"RECALL"},{"floor":15,"key":"REST"}],"neow_cost":"TEN_PERCENT_HP_LOSS","seed_source_timestamp":184286738781446,"circlet_count":0,"master_deck":["AscendersBane","Defend_G+1","Defend_G","Defend_G","Defend_G","Defend_G+1","Strike_G","Strike_G","Strike_G","Survivor","Neutralize","Deflect","Endless Agony","Concentrate","Deflect"],"relics":["Ring of the Snake","Unceasing Top"],"potions_floor_usage":[7,11,16],"damage_taken":[{"damage":9,"enemies":"2 Louse","floor":1,"turns":3},{"damage":2,"enemies":"Jaw Worm","floor":2,"turns":8},{"damage":2,"enemies":"Cultist","floor":3,"turns":6},{"damage":9,"enemies":"Lots of Slimes","floor":4,"turns":7},{"damage":4,"enemies":"Blue Slaver","floor":7,"turns":4},{"damage":17,"enemies":"Exordium Thugs","floor":8,"turns":8},{"damage":0,"enemies":"Looter","floor":11,"turns":5},{"damage":0,"enemies":"Blue Slaver","floor":12,"turns":3},{"damage":1,"enemies":"Gremlin Gang","floor":14,"turns":7},{"damage":39,"enemies":"Hexaghost","floor":16,"turns":16}],"seed_played":"-4326414017813311067","potions_obtained":[{"floor":4,"key":"AttackPotion"},{"floor":7,"key":"Weak Potion"},{"floor":8,"key":"Regen Potion"}],"is_trial":false,"path_per_floor":["M","M","M","M","$","R","M","M","T","?","M","M","$","M","R","B"],"character_chosen":"THE_SILENT","items_purchased":[],"campfire_rested":1,"item_purchase_floors":[],"current_hp_per_floor":[54,52,50,41,41,41,37,20,20,7,21,21,21,20,38,0],"gold":62,"neow_bonus":"ONE_RARE_RELIC","is_prod":false,"is_daily":false,"chose_seed":false,"campfire_upgraded":0,"win_rate":0,"timestamp":1544931921,"path_taken":["M","M","M","M","$","R","M","M","T","?","M","M","$","M","R","BOSS"],"build_version":"2018-12-13","purchased_purges":2,"victory":false,"max_hp_per_floor":[63,63,63,63,63,63,63,63,63,63,63,63,63,63,63,63],"card_choices":[{"not_picked":["Cloak And Dagger","Dodge and Roll","Heel Hook"],"picked":"SKIP","floor":1},{"not_picked":["Dagger Throw","PiercingWail"],"picked":"Deflect","floor":2},{"not_picked":["Reflex","Masterful Stab"],"picked":"Endless Agony","floor":3},{"not_picked":["Expertise","Cloak And Dagger","Sucker Punch"],"picked":"SKIP","floor":4},{"not_picked":["Expertise","Cloak And Dagger","Sucker Punch"],"picked":"SKIP","floor":4},{"not_picked":["Finisher","Well Laid Plans"],"picked":"Concentrate","floor":7},{"not_picked":["PiercingWail","Cloak And Dagger","Poisoned Stab"],"picked":"SKIP","floor":8},{"not_picked":["Outmaneuver","Night Terror","Heel Hook"],"picked":"SKIP","floor":11},{"not_picked":["Caltrops","Dodge and Roll","Skewer"],"picked":"SKIP","floor":12},{"not_picked":["Catalyst","Blade Dance"],"picked":"Deflect","floor":14}],"player_experience":880169,"relics_obtained":[],"event_choices":[{"damage_healed":0,"gold_gain":0,"player_choice":"Entered Light","damage_taken":13,"max_hp_gain":0,"max_hp_loss":0,"event_name":"Shining Light","floor":10,"gold_loss":0,"cards_upgraded":["Defend_G","Defend_G"]}],"is_beta":false,"boss_relics":[],"items_purged_floors":[5,13],"is_endless":false,"potions_floor_spawned":[4,7,8],"killed_by":"Hexaghost","ascension_level":13}