{"gold_per_floor":[113,113,38,38,38,38,49,76,103,119,132,102,114,129,129,129],"floor_reached":16,"playtime":1127,"items_purged":["Strike_R"],"score":107,"play_id":"e6010a0c-a3df-49fa-b314-e2be12ff4679","local_time":"20190827213042","is_ascension_mode":true,"campfire_choices":[{"floor":6,"key":"REST"},{"floor":15,"key":"REST"}],"neow_cost":"NONE","seed_source_timestamp":76000519304200,"circlet_count":0,"master_deck":["Strike_R+1","Strike_R+1","Strike_R","Strike_R","Defend_R","Defend_R","Defend_R","Defend_R","Bash","Armaments+1","Shrug It Off+1","Shockwave","Havoc","Warcry","True Grit","Corruption","Power Through"],"relics":["Burning Blood","Ancient Tea Set","War Paint","Potion Belt"],"potions_floor_usage":[8,16],"damage_taken":[{"damage":0,"enemies":"2 Louse","floor":1,"turns":2},{"damage":0,"enemies":"Small Slimes","floor":7,"turns":3},{"damage":66,"enemies":"Lagavulin","floor":8,"turns":12},{"damage":0,"enemies":"Jaw Worm","floor":10,"turns":3},{"damage":0,"enemies":"Lots of Slimes","floor":11,"turns":5},{"damage":0,"enemies":"Looter","floor":12,"turns":4},{"damage":8,"enemies":"3 Louse","floor":13,"turns":4},{"damage":20,"enemies":"Gremlin Gang","floor":14,"turns":7},{"damage":37,"enemies":"Hexaghost","floor":16,"turns":10}],"seed_played":"3766197031230830023","potions_obtained":[{"floor":1,"key":"Energy Potion"},{"floor":10,"key":"Ancient Potion"},{"floor":13,"key":"GamblersBrew"}],"is_trial":false,"path_per_floor":["M","?","$","?","T","R","M","E","T","M","M","M","M","M","R","B"],"character_chosen":"IRONCLAD","items_purchased":[],"campfire_rested":2,"item_purchase_floors":[],"current_hp_per_floor":[88,55,55,37,37,63,69,9,9,15,21,27,25,11,37,0],"gold":129,"neow_bonus":"TEN_PERCENT_HP_BONUS","is_prod":false,"is_daily":false,"chose_seed":false,"campfire_upgraded":0,"win_rate":0,"timestamp":1566959442,"path_taken":["M","?","$","?","?","R","M","E","T","M","M","M","M","M","R","BOSS"],"build_version":"2019-07-17","purchased_purges":1,"victory":false,"max_hp_per_floor":[88,88,88,88,88,88,88,88,88,88,88,88,88,88,88,88],"card_choices":[{"not_picked":["Cleave","Headbutt"],"picked":"Armaments","floor":1},{"not_picked":["Twin Strike","True Grit"],"picked":"Shrug It Off","floor":7},{"not_picked":["Heavy Blade","Power Through"],"picked":"Shockwave","floor":8},{"not_picked":["Pommel Strike","Wild Strike"],"picked":"Havoc","floor":10},{"not_picked":["Iron Wave","Heavy Blade"],"picked":"Warcry","floor":11},{"not_picked":["Combust","Iron Wave"],"picked":"True Grit","floor":12},{"not_picked":["Bloodletting","Twin Strike"],"picked":"Corruption","floor":13},{"not_picked":["Body Slam","Thunderclap"],"picked":"Power Through","floor":14}],"player_experience":221911,"relics_obtained":[{"floor":8,"key":"War Paint"},{"floor":9,"key":"Potion Belt"}],"event_choices":[{"damage_healed":0,"gold_gain":0,"player_choice":"Success","damage_taken":33,"relics_obtained":["Ancient Tea Set"],"max_hp_gain":0,"max_hp_loss":0,"event_name":"Scrap Ooze","floor":2,"gold_loss":0},{"damage_healed":0,"gold_gain":0,"player_choice":"Entered Light","damage_taken":18,"max_hp_gain":0,"max_hp_loss":0,"event_name":"Shining Light","floor":4,"gold_loss":0,"cards_upgraded":["Strike_R","Strike_R"]}],"is_beta":false,"boss_relics":[],"items_purged_floors":[3],"is_endless":false,"potions_floor_spawned":[1,10,13],"killed_by":"Hexaghost","ascension_level":1}