{"gold_per_floor":[118,133,153,228,193,193,218,218,244,279,293,318,66,66,66,166,166,185,185,110,124,134,164,164],"floor_reached":24,"playtime":1270,"items_purged":["Decay"],"score":269,"play_id":"bb6716d0-0cc1-450a-b2a7-5b8e88892cef","local_time":"20190219202019","is_ascension_mode":true,"campfire_choices":[{"data":"Dualcast","floor":6,"key":"SMITH"},{"floor":8,"key":"REST"},{"floor":15,"key":"REST"}],"neow_cost":"NONE","seed_source_timestamp":603867041187200,"circlet_count":0,"master_deck":["Strike_B","Strike_B","Strike_B","Strike_B","Defend_B","Defend_B","Defend_B","Defend_B","Zap","Dualcast+1","Sweeping Beam","Conserve Battery","Coolheaded","Melter","Streamline","Genetic Algorithm+1","Core Surge","Fusion","Loop","Electrodynamics","Stack+1","Redo+1","Sweeping Beam+1","Recycle+1"],"relics":["FrozenCore","Dream Catcher","Potion Belt","Bag of Marbles","Bird Faced Urn","Odd Mushroom","Mercury Hourglass","Art of War"],"potions_floor_usage":[12,23],"damage_taken":[{"damage":4,"enemies":"Jaw Worm","floor":1,"turns":4},{"damage":2,"enemies":"2 Louse","floor":2,"turns":3},{"damage":1,"enemies":"Cultist","floor":3,"turns":3},{"damage":21,"enemies":"3 Sentries","floor":7,"turns":10},{"damage":31,"enemies":"Lagavulin","floor":10,"turns":6},{"damage":14,"enemies":"Lots of Slimes","floor":11,"turns":3},{"damage":0,"enemies":"The Mushroom Lair","floor":12,"turns":3},{"damage":19,"enemies":"The Guardian","floor":16,"turns":11},{"damage":4,"enemies":"Chosen","floor":18,"turns":5},{"damage":0,"enemies":"Spheric Guardian","floor":21,"turns":3},{"damage":32,"enemies":"Snake Plant","floor":22,"turns":5},{"damage":43,"enemies":"Book of Stabbing","floor":23,"turns":7},{"damage":7,"enemies":"Centurion and Healer","floor":24,"turns":1}],"seed_played":"5008432413738691928","potions_obtained":[{"floor":3,"key":"EssenceOfSteel"},{"floor":10,"key":"AttackPotion"},{"floor":18,"key":"LiquidBronze"},{"floor":21,"key":"Fire Potion"}],"is_trial":false,"path_per_floor":["M","M","M","?","?","R","E","R","T","E","M","?","$","?","R","B",null,"M","?","$","M","M","E","M"],"character_chosen":"DEFECT","items_purchased":["Mercury Hourglass"],"campfire_rested":2,"item_purchase_floors":[13],"current_hp_per_floor":[71,69,68,57,75,75,54,75,75,44,30,30,30,30,52,35,75,71,71,71,71,41,2,0],"gold":164,"neow_bonus":"RANDOM_COMMON_RELIC","is_prod":false,"is_daily":false,"chose_seed":false,"campfire_upgraded":1,"win_rate":0,"timestamp":1550636419,"path_taken":["M","M","M","?","?","R","E","R","T","E","M","?","$","?","R","BOSS","M","?","$","M","?","E","M"],"build_version":"2019-01-23","purchased_purges":1,"victory":false,"max_hp_per_floor":[75,75,75,75,75,75,75,75,75,75,75,75,75,75,75,75,75,75,75,75,75,75,75,75],"card_choices":[{"not_picked":["Go for the Eyes","Stack"],"picked":"Sweeping Beam","floor":1},{"not_picked":["Turbo","Redo"],"picked":"Conserve Battery","floor":2},{"not_picked":["Cold Snap","Static Discharge"],"picked":"Coolheaded","floor":3},{"not_picked":["Static Discharge","Reprogram"],"picked":"Melter","floor":7},{"not_picked":["Coolheaded","Static Discharge"],"picked":"Streamline","floor":8},{"not_picked":["Lockon","Coolheaded"],"picked":"Genetic Algorithm","floor":10},{"not_picked":["Skim","Steam"],"picked":"Core Surge","floor":11},{"not_picked":["Ball Lightning","Beam Cell"],"picked":"Fusion","floor":12},{"not_picked":["Rebound","Ball Lightning"],"picked":"Loop","floor":15},{"not_picked":["Rainbow","Echo Form"],"picked":"Electrodynamics","floor":16},{"not_picked":["Defragment","Barrage"],"picked":"Stack+1","floor":18},{"not_picked":["Stack+1","Hologram"],"picked":"Redo+1","floor":21},{"not_picked":["FTL","Storm"],"picked":"Sweeping Beam+1","floor":22},{"not_picked":["Go for the Eyes+1","Stack"],"picked":"Recycle+1","floor":23}],"player_experience":146241,"relics_obtained":[{"floor":7,"key":"Potion Belt"},{"floor":9,"key":"Bag of Marbles"},{"floor":10,"key":"Bird Faced Urn"},{"floor":12,"key":"Odd Mushroom"},{"floor":23,"key":"Art of War"}],"event_choices":[{"damage_healed":0,"gold_gain":75,"player_choice":"Gather Gold","damage_taken":11,"max_hp_gain":0,"max_hp_loss":0,"event_name":"World of Goop","floor":4,"gold_loss":0},{"damage_healed":18,"gold_gain":0,"player_choice":"Healed","damage_taken":0,"max_hp_gain":0,"max_hp_loss":0,"event_name":"The Cleric","floor":5,"gold_loss":35},{"damage_healed":0,"gold_gain":0,"player_choice":"Fought Mushrooms","damage_taken":0,"max_hp_gain":0,"max_hp_loss":0,"event_name":"Mushrooms","floor":12,"gold_loss":0},{"damage_healed":0,"gold_gain":0,"player_choice":"Forge","damage_taken":0,"max_hp_gain":0,"max_hp_loss":0,"event_name":"Accursed Blacksmith","floor":14,"gold_loss":0,"cards_upgraded":["Genetic Algorithm"]},{"damage_healed":0,"gold_gain":0,"player_choice":"Cursed","damage_taken":0,"max_hp_gain":0,"max_hp_loss":0,"event_name":"Wheel of Change","floor":19,"gold_loss":0,"cards_obtained":["Decay"]}],"is_beta":false,"boss_relics":[{"not_picked":["Velvet Choker","Eternal Feather"],"picked":"FrozenCore"}],"items_purged_floors":[20],"is_endless":false,"potions_floor_spawned":[3,10,18,21],"killed_by":"Centurion and Healer","ascension_level":4}