{"gold_per_floor":[364,87,162,179,195,195,223,223,223,236,261,261,261,278,278,383,383,402,24,24,24],"floor_reached":21,"playtime":1298,"items_purged":["Strike_G","Strike_G"],"score":293,"play_id":"0653ffa1-bdba-497a-85d9-4bf6d19f7815","local_time":"20181128143911","is_ascension_mode":true,"campfire_choices":[{"data":"Underhanded Strike","floor":6,"key":"SMITH"},{"floor":8,"key":"REST"},{"data":"Poisoned Stab","floor":13,"key":"SMITH"},{"floor":15,"key":"REST"}],"neow_cost":"TEN_PERCENT_HP_LOSS","seed_source_timestamp":841460017106358,"circlet_count":0,"master_deck":["AscendersBane","Defend_G","Defend_G","Defend_G","Defend_G","Defend_G","Strike_G","Strike_G","Strike_G","Survivor","Neutralize","Underhanded Strike+1","Heel Hook","Headbutt","Poisoned Stab+1","Capacitor","Reboot","Glacier","Berserk","Warcry","PanicButton","Dodge and Roll","True Grit","Blur","Corpse Explosion"],"relics":["Ring of the Snake","PrismaticShard","Darkstone Periapt","Kunai","Orrery","Toolbox"],"potions_floor_usage":[11,11,13,20],"damage_taken":[{"damage":2,"enemies":"Jaw Worm","floor":1,"turns":6},{"damage":6,"enemies":"2 Louse","floor":4,"turns":4},{"damage":8,"enemies":"Small Slimes","floor":5,"turns":3},{"damage":19,"enemies":"3 Sentries","floor":7,"turns":11},{"damage":7,"enemies":"Gremlin Gang","floor":10,"turns":6},{"damage":22,"enemies":"Gremlin Nob","floor":11,"turns":5},{"damage":4,"enemies":"2 Fungi Beasts","floor":14,"turns":4},{"damage":41,"enemies":"Hexaghost","floor":16,"turns":13},{"damage":14,"enemies":"Shell Parasite","floor":18,"turns":12},{"damage":13,"enemies":"Spheric Guardian","floor":20,"turns":5},{"damage":0,"enemies":"Snake Plant","floor":21,"turns":1}],"seed_played":"-8638028898195018885","potions_obtained":[{"floor":7,"key":"SpeedPotion"},{"floor":10,"key":"LiquidBronze"},{"floor":11,"key":"Fruit Juice"},{"floor":14,"key":"SmokeBomb"}],"is_trial":false,"path_per_floor":["M","$","?","M","M","R","E","R","T","M","E","?","R","M","R","B",null,"M","$","M","M"],"character_chosen":"THE_SILENT","items_purchased":["PrismaticShard","Toolbox","Corpse Explosion"],"campfire_rested":2,"item_purchase_floors":[2,19,19],"current_hp_per_floor":[61,61,50,44,36,36,17,35,35,28,6,27,32,28,48,7,53,39,39,26,26],"gold":24,"neow_bonus":"TWO_FIFTY_GOLD","is_prod":false,"is_daily":false,"chose_seed":false,"campfire_upgraded":2,"win_rate":0,"timestamp":1543433951,"path_taken":["M","$","?","M","M","R","E","R","T","M","E","?","R","M","R","BOSS","M","$","M","M"],"build_version":"2018-11-15","purchased_purges":2,"victory":false,"max_hp_per_floor":[63,63,63,63,63,63,63,63,63,63,63,63,68,68,68,68,68,68,68,68,68],"card_choices":[{"not_picked":["Dodge and Roll","Acrobatics"],"picked":"Underhanded Strike","floor":1},{"not_picked":["Darkness","Wild Strike"],"picked":"Heel Hook","floor":4},{"not_picked":["Evolve","True Grit"],"picked":"Headbutt","floor":5},{"not_picked":["Pommel Strike","Twin Strike"],"picked":"Poisoned Stab","floor":7},{"not_picked":["Acrobatics","Flex"],"picked":"Capacitor","floor":10},{"not_picked":["Distraction","Thunderclap"],"picked":"Reboot","floor":11},{"not_picked":["Melter","Flying Knee"],"picked":"Glacier","floor":14},{"not_picked":["Hyperbeam","Grand Finale"],"picked":"Berserk","floor":16},{"not_picked":["Beam Cell","All Out Attack"],"picked":"Warcry","floor":17},{"not_picked":["Outmaneuver","Quick Slash"],"picked":"PanicButton","floor":17},{"not_picked":["Blood for Blood","Streamline"],"picked":"Dodge and Roll","floor":17},{"not_picked":["Acrobatics","Streamline"],"picked":"True Grit","floor":17},{"not_picked":["Heavy Blade","Deflect"],"picked":"Blur","floor":17},{"not_picked":["Finisher","Dagger Spray","Malaise"],"picked":"SKIP","floor":18}],"player_experience":726371,"relics_obtained":[{"floor":7,"key":"Darkstone Periapt"},{"floor":9,"key":"Kunai"}],"event_choices":[{"damage_healed":0,"gold_gain":75,"player_choice":"Gather Gold","damage_taken":11,"max_hp_gain":0,"max_hp_loss":0,"event_name":"World of Goop","floor":3,"gold_loss":0},{"damage_healed":21,"gold_gain":0,"player_choice":"Banana","damage_taken":0,"max_hp_gain":0,"max_hp_loss":0,"event_name":"Big Fish","floor":12,"gold_loss":0}],"is_beta":false,"boss_relics":[{"not_picked":["Fusion Hammer","Tiny House"],"picked":"Orrery"}],"items_purged_floors":[2,19],"is_endless":false,"potions_floor_spawned":[7,10,11,14,20],"killed_by":"Snake Plant","ascension_level":11}