{"gold_per_floor":[115,115,135,135,48,80,80,109,109,124,154,154,154,167,167,238,238,248,3,22,22,40,40,58,90,90,90,122,122,92,17,17,17],"floor_reached":33,"playtime":2024,"items_purged":["Strike_G"],"score":652,"play_id":"52e75f45-3f9c-4046-9bfb-6a9d4d2be93c","local_time":"20190504085656","is_ascension_mode":true,"campfire_choices":[{"data":"Flechettes","floor":7.0,"key":"SMITH"},{"floor":12.0,"key":"REST"},{"floor":15.0,"key":"REST"},{"floor":23.0,"key":"REST"},{"floor":27.0,"key":"REST"},{"floor":29.0,"key":"REST"},{"floor":32.0,"key":"REST"}],"neow_cost":"NONE","seed_source_timestamp":851845482121963,"circlet_count":0,"master_deck":["AscendersBane","Defend_G","Defend_G","Defend_G","Defend_G","Defend_G","Strike_G+1","Strike_G+1","Survivor","Neutralize","Dagger Spray","Flechettes+1","Well Laid Plans","Blur","Quick Slash","Calculated Gamble","Corpse Explosion","A Thousand Cuts","Deflect","Predator","RitualDagger","Backflip+1","Caltrops","Poisoned Stab+1"],"special_seed":0,"relics":["Ring of the Snake","NeowsBlessing","Matryoshka","Snake Skull","Lantern","PreservedInsect","Regal Pillow","Paper Crane","Empty Cage","Oddly Smooth Stone","Bird Faced Urn","Bottled Tornado","Question Card","Ginger"],"potions_floor_usage":[33,33],"damage_taken":[{"damage":0.0,"enemies":"Small Slimes","floor":1.0,"turns":1.0},{"damage":0.0,"enemies":"2 Louse","floor":3.0,"turns":1.0},{"damage":0.0,"enemies":"Gremlin Nob","floor":6.0,"turns":1.0},{"damage":37.0,"enemies":"3 Sentries","floor":8.0,"turns":8.0},{"damage":1.0,"enemies":"Jaw Worm","floor":10.0,"turns":3.0},{"damage":12.0,"enemies":"Lagavulin","floor":11.0,"turns":7.0},{"damage":2.0,"enemies":"3 Louse","floor":14.0,"turns":2.0},{"damage":15.0,"enemies":"The Guardian","floor":16.0,"turns":14.0},{"damage":26.0,"enemies":"2 Thieves","floor":18.0,"turns":4.0},{"damage":4.0,"enemies":"Spheric Guardian","floor":20.0,"turns":5.0},{"damage":11.0,"enemies":"Centurion and Healer","floor":22.0,"turns":8.0},{"damage":15.0,"enemies":"Snake Plant","floor":24.0,"turns":4.0},{"damage":19.0,"enemies":"Slavers","floor":25.0,"turns":2.0},{"damage":60.0,"enemies":"Gremlin Leader","floor":28.0,"turns":6.0},{"damage":86,"enemies":"Champ","floor":33,"turns":14}],"seed_played":"3719740214651067148","potions_obtained":[{"floor":6.0,"key":"LiquidBronze"},{"floor":11.0,"key":"Dexterity Potion"},{"floor":16.0,"key":"LiquidBronze"},{"floor":18.0,"key":"Explosive Potion"},{"floor":22.0,"key":"FearPotion"},{"floor":24.0,"key":"Ancient Potion"},{"floor":30.0,"key":"SneckoOil"},{"floor":30.0,"key":"GhostInAJar"}],"is_trial":false,"path_per_floor":["M","?","M","?","$","E","R","E","T","M","E","R","?","M","R","B",null,"M","$","M","?","M","R","M","E","T","R","E","R","?","$","R","B"],"character_chosen":"THE_SILENT","items_purchased":["Well Laid Plans","Oddly Smooth Stone","Predator"],"campfire_rested":6,"item_purchase_floors":[5,19,19],"current_hp_per_floor":[59,54,54,59,59,59,59,22,22,21,9,45,24,22,58,43,64,38,38,34,28,17,53,38,19,19,55,1,37,37,37,71,0],"gold":17,"neow_bonus":"THREE_ENEMY_KILL","is_prod":false,"is_daily":false,"chose_seed":false,"campfire_upgraded":1,"win_rate":0,"timestamp":1556974616,"path_taken":["M","?","M","?","$","E","R","E","T","M","E","R","?","M","R","BOSS","M","$","M","?","M","R","M","E","T","R","E","R","?","$","R","BOSS"],"build_version":"2019-01-23","purchased_purges":1,"victory":false,"max_hp_per_floor":[66,66,66,71,71,71,71,71,71,71,71,71,71,71,71,71,71,71,71,71,71,71,71,71,71,71,71,71,71,71,71,71,71],"card_choices":[{"not_picked":["Outmaneuver","Well Laid Plans"],"picked":"Dagger Spray","floor":1.0},{"not_picked":["Deadly Poison","Distraction"],"picked":"Flechettes","floor":3.0},{"not_picked":["Prepared","Grand Finale"],"picked":"Blur","floor":6.0},{"not_picked":["Dagger Throw","Bane"],"picked":"Quick Slash","floor":8.0},{"not_picked":["Flying Knee","Dodge and Roll"],"picked":"Calculated Gamble","floor":10.0},{"not_picked":["Expertise","Caltrops"],"picked":"Corpse Explosion","floor":11.0},{"not_picked":["Calculated Gamble","Underhanded Strike","Dagger Throw"],"picked":"SKIP","floor":14.0},{"not_picked":["Storm of Steel","Wraith Form v2"],"picked":"A Thousand Cuts","floor":16.0},{"not_picked":["Sucker Punch","Underhanded Strike"],"picked":"Deflect","floor":18.0},{"not_picked":["Prepared","Dagger Throw","Heel Hook"],"picked":"SKIP","floor":20.0},{"not_picked":["Prepared","Reflex"],"picked":"Backflip+1","floor":22.0},{"not_picked":["A Thousand Cuts","Heel Hook","Accuracy+1"],"picked":"SKIP","floor":24.0},{"not_picked":["Choke","Heel Hook"],"picked":"Caltrops","floor":25.0},{"not_picked":["Outmaneuver","Dagger Spray","Envenom"],"picked":"Poisoned Stab+1","floor":28.0}],"player_experience":1400254,"relics_obtained":[{"floor":6.0,"key":"Snake Skull"},{"floor":8.0,"key":"Lantern"},{"floor":9.0,"key":"PreservedInsect"},{"floor":9.0,"key":"Regal Pillow"},{"floor":11.0,"key":"Paper Crane"},{"floor":25.0,"key":"Bird Faced Urn"},{"floor":26.0,"key":"Bottled Tornado"},{"floor":26.0,"key":"Question Card"},{"floor":28.0,"key":"Ginger"}],"event_choices":[{"damage_healed":0.0,"max_hp_gain":0.0,"max_hp_loss":0.0,"gold_gain":0.0,"event_name":"Scrap Ooze","player_choice":"Success","floor":2.0,"gold_loss":0.0,"damage_taken":5.0,"relics_obtained":["Matryoshka"]},{"damage_healed":0.0,"max_hp_gain":5.0,"max_hp_loss":0.0,"gold_gain":0.0,"event_name":"Big Fish","player_choice":"Donut","floor":4.0,"gold_loss":0.0,"damage_taken":0.0},{"damage_healed":0.0,"max_hp_gain":0.0,"max_hp_loss":0.0,"gold_gain":0.0,"event_name":"Shining Light","player_choice":"Entered Light","floor":13.0,"gold_loss":0.0,"damage_taken":21.0,"cards_upgraded":["Strike_G","Strike_G"]},{"damage_healed":0.0,"max_hp_gain":0.0,"max_hp_loss":0.0,"gold_gain":0.0,"event_name":"Nest","player_choice":"Joined the Cult","floor":21.0,"gold_loss":0.0,"damage_taken":6.0,"cards_obtained":["RitualDagger"]},{"damage_healed":0.0,"max_hp_gain":0.0,"max_hp_loss":0.0,"gold_gain":0.0,"event_name":"The Woman in Blue","player_choice":"Bought 2 Potions","floor":30.0,"gold_loss":0.0,"damage_taken":0.0}],"is_beta":false,"boss_relics":[{"not_picked":["Runic Dome","Tiny House"],"picked":"Empty Cage"}],"items_purged_floors":[31],"is_endless":false,"potions_floor_spawned":[6,11,16,18,22,24],"killed_by":"Champ","ascension_level":20}