{"gold_per_floor":[110,130,130,145,160,186,186,186,186,186,39,50,65,84,84,185,185,199,78,78,94,114,114,147,164,217,237,237,237,237,251,251,350,350,363,363,380,390,403,431,431,87,87,115,126,2,2,21,21,21,21,21,21,47,47],"floor_reached":55,"playtime":8008,"items_purged":["Strike_G","Normality","Doubt"],"score":753,"play_id":"f5c33351-cb58-475d-876a-11d1d0345a79","local_time":"20190828185139","is_ascension_mode":false,"campfire_choices":[{"floor":8,"key":"REST"},{"data":"Crippling Poison","floor":10,"key":"SMITH"},{"floor":15,"key":"REST"},{"data":"A Thousand Cuts","floor":23,"key":"SMITH"},{"floor":28,"key":"REST"},{"floor":32,"key":"REST"},{"floor":41,"key":"RECALL"},{"floor":49,"key":"REST"},{"data":"Crippling Poison","floor":52,"key":"SMITH"}],"neow_cost":"NONE","seed_source_timestamp":67852716025400,"circlet_count":0,"master_deck":["Strike_G+1","Strike_G","Strike_G+1","Strike_G","Defend_G","Defend_G","Defend_G","Defend_G","Defend_G","Survivor","Neutralize","Blur","Dagger Throw","Dagger Throw","Footwork","Crippling Poison+1","Flying Knee","Noxious Fumes","Terror","A Thousand Cuts+1","Acrobatics+1","PiercingWail","Dagger Spray","PiercingWail","Skewer","Backflip+1","Footwork","Dagger Spray+1","Burst+1","Dagger Spray+1","Flechettes+1","Parasite","Deflect","Finisher+1","All Out Attack+1","Crippling Poison+1","Flying Knee+1"],"relics":["Ring of the Snake","Orichalcum","Letter Opener","Matryoshka","Bag of Marbles","Cursed Key","MutagenicStrength","Bottled Flame","Molten Egg 2","Runic Pyramid","Bag of Preparation","Membership Card","Pen Nib","Bronze Scales","Frozen Egg 2","Lantern","Ninja Scroll"],"potions_floor_usage":[6,18,24,24,31,33,39,40,40,44,55,55],"damage_taken":[{"damage":0,"enemies":"Small Slimes","floor":1,"turns":3},{"damage":0,"enemies":"Jaw Worm","floor":2,"turns":7},{"damage":0,"enemies":"2 Louse","floor":4,"turns":2},{"damage":0,"enemies":"Large Slime","floor":5,"turns":7},{"damage":18,"enemies":"3 Sentries","floor":6,"turns":15},{"damage":10,"enemies":"Gremlin Gang","floor":12,"turns":3},{"damage":0,"enemies":"3 Louse","floor":13,"turns":2},{"damage":4,"enemies":"Looter","floor":14,"turns":2},{"damage":2,"enemies":"Slime Boss","floor":16,"turns":7},{"damage":0,"enemies":"3 Byrds","floor":18,"turns":5},{"damage":2,"enemies":"Shell Parasite","floor":21,"turns":4},{"damage":11,"enemies":"Snecko","floor":22,"turns":6},{"damage":12,"enemies":"Book of Stabbing","floor":24,"turns":5},{"damage":0,"enemies":"Snake Plant","floor":25,"turns":3},{"damage":2,"enemies":"3 Cultists","floor":27,"turns":4},{"damage":19,"enemies":"Sentry and Sphere","floor":31,"turns":6},{"damage":57,"enemies":"Collector","floor":33,"turns":11},{"damage":14,"enemies":"3 Darklings","floor":35,"turns":4},{"damage":1,"enemies":"3 Shapes","floor":37,"turns":2},{"damage":0,"enemies":"3 Darklings","floor":38,"turns":1},{"damage":7,"enemies":"Writhing Mass","floor":39,"turns":7},{"damage":0,"enemies":"Reptomancer","floor":40,"turns":6},{"damage":41,"enemies":"Nemesis","floor":44,"turns":8},{"damage":0,"enemies":"Sphere and 2 Shapes","floor":45,"turns":3},{"damage":10,"enemies":"Spire Growth","floor":48,"turns":5},{"damage":88,"enemies":"Donu and Deca","floor":50,"turns":10},{"damage":30,"enemies":"Shield and Spear","floor":54,"turns":6},{"damage":42,"enemies":"The Heart","floor":55,"turns":2}],"seed_played":"7130109868111091043","potions_obtained":[{"floor":1,"key":"SpeedPotion"},{"floor":4,"key":"LiquidBronze"},{"floor":12,"key":"LiquidBronze"},{"floor":13,"key":"Energy Potion"},{"floor":14,"key":"Block Potion"},{"floor":18,"key":"FairyPotion"},{"floor":24,"key":"EssenceOfSteel"},{"floor":27,"key":"Block Potion"},{"floor":31,"key":"FearPotion"},{"floor":35,"key":"EssenceOfSteel"},{"floor":37,"key":"Energy Potion"},{"floor":39,"key":"Weak Potion"},{"floor":40,"key":"Strength Potion"}],"is_trial":false,"path_per_floor":["M","M","?","M","M","E","?","R","T","R","$","M","M","M","R","B",null,"M","$","?","M","M","R","E","M","T","M","R","?","?","M","R","B",null,"M","?","M","M","M","E","R","$","T","E","M","$","?","M","R","B",null,"R","$","E","B"],"character_chosen":"THE_SILENT","items_purchased":["Bag of Marbles","PiercingWail","Membership Card","Pen Nib","Weak Potion","Fire Potion","All Out Attack+1"],"campfire_rested":5,"item_purchase_floors":[11,19,42,42,42,46,46],"current_hp_per_floor":[70,70,75,75,75,57,42,64,64,64,64,54,54,50,72,70,75,75,75,75,73,62,62,50,50,50,48,70,70,56,37,61,4,80,66,66,65,65,58,58,58,58,58,17,17,17,70,60,70,7,70,70,70,40,0],"gold":47,"neow_bonus":"RANDOM_COMMON_RELIC","is_prod":false,"is_daily":false,"chose_seed":false,"campfire_upgraded":3,"win_rate":0,"timestamp":1567014699,"path_taken":["M","M","?","M","M","E","?","R","T","R","$","M","M","M","R","BOSS","M","$","?","M","M","R","E","M","T","M","R","?","?","M","R","BOSS","M","?","?","M","M","E","R","$","T","E","M","$","?","M","R","BOSS","R","$","E","BOSS"],"build_version":"2019-07-17","purchased_purges":3,"victory":false,"max_hp_per_floor":[70,70,75,75,75,75,75,75,75,75,75,75,75,75,75,75,75,75,75,75,75,75,75,75,75,75,75,75,75,80,80,80,80,80,80,80,80,80,80,80,80,80,80,80,80,80,70,70,70,70,70,70,70,70,70],"card_choices":[{"not_picked":["Masterful Stab","Bouncing Flask"],"picked":"Blur","floor":1},{"not_picked":["Tactician","Bane"],"picked":"Dagger Throw","floor":2},{"not_picked":["Choke","Backflip"],"picked":"Dagger Throw","floor":4},{"not_picked":["PiercingWail","Backflip"],"picked":"Footwork","floor":5},{"not_picked":["Eviscerate","Expertise"],"picked":"Crippling Poison","floor":6},{"not_picked":["Escape Plan","Acrobatics"],"picked":"Flying Knee","floor":12},{"not_picked":["Slice","Dagger Throw"],"picked":"Noxious Fumes","floor":13},{"not_picked":["Deadly Poison","Blur"],"picked":"Terror","floor":14},{"not_picked":["Unload","Die Die Die"],"picked":"A Thousand Cuts","floor":16},{"not_picked":["Flying Knee","Blade Dance"],"picked":"Acrobatics+1","floor":18},{"not_picked":["Backflip","Infinite Blades+1"],"picked":"Dagger Spray","floor":21},{"not_picked":["Blur","Leg Sweep"],"picked":"PiercingWail","floor":22},{"not_picked":["Underhanded Strike","Choke+1"],"picked":"Skewer","floor":24},{"not_picked":["Cloak And Dagger","Deflect+1"],"picked":"Backflip+1","floor":25},{"not_picked":["Blade Dance","Prepared+1","Infinite Blades"],"picked":"SKIP","floor":27},{"not_picked":["Quick Slash+1","Prepared+1"],"picked":"Dagger Spray+1","floor":31},{"not_picked":["Storm of Steel","Venomology"],"picked":"Burst","floor":33},{"not_picked":["Acrobatics","Masterful Stab+1"],"picked":"Dagger Spray+1","floor":35},{"not_picked":["Flying Knee+1","Dodge and Roll"],"picked":"Flechettes+1","floor":37},{"not_picked":["Heel Hook+1","Predator+1","Underhanded Strike+1"],"picked":"SKIP","floor":38},{"not_picked":["Backflip","Doppelganger"],"picked":"Deflect","floor":39},{"not_picked":["Dodge and Roll","Dash+1","Riddle With Holes+1"],"picked":"SKIP","floor":40},{"not_picked":["Blade Dance+1","Deflect","Prepared+1"],"picked":"SKIP","floor":44},{"not_picked":["Skewer+1","Poisoned Stab+1"],"picked":"Finisher+1","floor":45},{"not_picked":["Deadly Poison","Blur"],"picked":"Crippling Poison","floor":48},{"not_picked":["Blade Dance+1","Acrobatics+1"],"picked":"Flying Knee+1","floor":54}],"player_experience":100981,"relics_obtained":[{"floor":6,"key":"Letter Opener"},{"floor":9,"key":"Matryoshka"},{"floor":24,"key":"Bottled Flame"},{"floor":26,"key":"Molten Egg 2"},{"floor":40,"key":"Bag of Preparation"},{"floor":43,"key":"Bronze Scales"},{"floor":43,"key":"Frozen Egg 2"},{"floor":44,"key":"Lantern"},{"floor":54,"key":"Ninja Scroll"}],"event_choices":[{"damage_healed":0,"gold_gain":0,"player_choice":"Donut","damage_taken":0,"max_hp_gain":5,"max_hp_loss":0,"event_name":"Big Fish","floor":3,"gold_loss":0},{"damage_healed":0,"gold_gain":0,"player_choice":"Entered Light","damage_taken":15,"max_hp_gain":0,"max_hp_loss":0,"event_name":"Shining Light","floor":7,"gold_loss":0,"cards_upgraded":["Strike_G","Strike_G"]},{"damage_healed":0,"gold_gain":0,"player_choice":"Inject Mutagens","damage_taken":0,"relics_obtained":["MutagenicStrength"],"max_hp_gain":0,"max_hp_loss":0,"event_name":"Drug Dealer","floor":20,"gold_loss":0},{"damage_healed":0,"gold_gain":0,"player_choice":"Read","damage_taken":0,"max_hp_gain":0,"max_hp_loss":0,"event_name":"The Library","floor":29,"gold_loss":0,"cards_obtained":["Footwork"]},{"damage_healed":0,"gold_gain":0,"player_choice":"Shed Blood","damage_taken":19,"max_hp_gain":5,"max_hp_loss":0,"event_name":"Forgotten Altar","floor":30,"gold_loss":0},{"damage_healed":0,"gold_gain":0,"player_choice":"Forge","damage_taken":0,"max_hp_gain":0,"max_hp_loss":0,"event_name":"Accursed Blacksmith","floor":36,"gold_loss":0,"cards_upgraded":["Burst"]},{"damage_healed":70,"gold_gain":0,"player_choice":"Heal","damage_taken":0,"max_hp_gain":0,"max_hp_loss":10,"event_name":"The Moai Head","floor":47,"gold_loss":0}],"is_beta":false,"boss_relics":[{"not_picked":["Pandora\u0027s Box","Runic Dome"],"picked":"Cursed Key"},{"not_picked":["WristBlade","Astrolabe"],"picked":"Runic Pyramid"}],"items_purged_floors":[19,42,46],"is_endless":false,"potions_floor_spawned":[1,4,12,13,14,18,24,27,31,35,37,39,40],"killed_by":"The Heart","ascension_level":0}