{"gold_per_floor":[212,212,224,244,244,244,56,89,89,89,89,123,142,155,155,255,255,265,7,27,39,39,39,2,2],"floor_reached":25,"playtime":1372,"items_purged":[],"score":222,"play_id":"b67195f3-0ef1-4e21-a600-ce236c8b78a5","local_time":"20190911135037","is_ascension_mode":true,"campfire_choices":[{"data":"JustLucky","floor":6,"key":"SMITH"},{"floor":11,"key":"REST"},{"floor":15,"key":"REST"},{"data":"Conclude","floor":23,"key":"SMITH"}],"neow_cost":"NONE","seed_source_timestamp":11566862174992,"circlet_count":0,"master_deck":["Strike_P+1","Strike_P","Strike_P","Strike_P","Defend_P","Defend_P","Defend_P+1","Defend_P+1","Eruption","Vigilance","ClearTheMind+1","WaveOfTheHand","JustLucky+1","Conclude+1","DeceiveReality","EmptyBody","Weave","Unraveling","FollowUp","Consecrate","Sanctity+1","FearNoEvil"],"relics":["PureWater","War Paint","Bottled Lightning","Vajra","TungstenRod","VioletLotus","Yang"],"potions_floor_usage":[16,16,18,21],"damage_taken":[{"damage":15,"enemies":"Small Slimes","floor":1,"turns":2},{"damage":4,"enemies":"2 Louse","floor":3,"turns":2},{"damage":0,"enemies":"Cultist","floor":4,"turns":2},{"damage":13,"enemies":"Lagavulin","floor":8,"turns":5},{"damage":23,"enemies":"Gremlin Nob","floor":12,"turns":4},{"damage":7,"enemies":"3 Louse","floor":13,"turns":2},{"damage":5,"enemies":"Gremlin Gang","floor":14,"turns":3},{"damage":31,"enemies":"The Guardian","floor":16,"turns":14},{"damage":3,"enemies":"Shell Parasite","floor":18,"turns":4},{"damage":11,"enemies":"3 Byrds","floor":20,"turns":6},{"damage":22,"enemies":"Centurion and Healer","floor":21,"turns":4},{"damage":70,"enemies":"Gremlin Leader","floor":25,"turns":4}],"seed_played":"-8612457009589508932","potions_obtained":[{"floor":3,"key":"LiquidBronze"},{"floor":4,"key":"GamblersBrew"},{"floor":12,"key":"EssenceOfSteel"},{"floor":20,"key":"Explosive Potion"},{"floor":21,"key":"EssenceOfSteel"}],"is_trial":false,"path_per_floor":["M","?","M","M","?","R","$","E","T","?","R","E","M","M","R","B",null,"M","$","M","M","?","R","$","E"],"character_chosen":"WATCHER","items_purchased":["Conclude","War Paint","Yang","FearNoEvil"],"campfire_rested":2,"item_purchase_floors":[7,7,19,24],"current_hp_per_floor":[50,37,33,33,38,38,38,25,25,25,46,23,16,11,32,1,70,67,67,56,34,70,70,70,0],"gold":2,"neow_bonus":"HUNDRED_GOLD","is_prod":false,"is_daily":false,"chose_seed":false,"campfire_upgraded":2,"win_rate":0,"timestamp":1568173837,"path_taken":["M","?","M","M","?","R","$","E","T","?","R","E","M","M","R","BOSS","M","?","M","M","?","R","$","E"],"build_version":"2019-09-10","purchased_purges":0,"victory":false,"max_hp_per_floor":[65,65,65,65,70,70,70,70,70,70,70,70,70,70,70,70,70,70,70,70,70,70,70,70,70],"card_choices":[{"not_picked":["Crescendo","Scrawl"],"picked":"ClearTheMind","floor":1},{"not_picked":["Collect","SpiritShield"],"picked":"WaveOfTheHand","floor":3},{"not_picked":["Collect","ThirdEye"],"picked":"JustLucky","floor":4},{"not_picked":["Fasting","CarveReality"],"picked":"Evaluate","floor":8},{"not_picked":["JustLucky","Prostrate"],"picked":"DeceiveReality","floor":12},{"not_picked":["BowlingBash","JustLucky"],"picked":"EmptyBody","floor":13},{"not_picked":["Scrawl","Sanctity"],"picked":"Weave","floor":14},{"not_picked":["Wish","Wallop"],"picked":"Unraveling","floor":16},{"not_picked":["StepAndStrike+1","EmptyFist"],"picked":"FollowUp","floor":18},{"not_picked":["Wireheading","Collect"],"picked":"Consecrate","floor":20},{"not_picked":["BowlingBash","Meditate"],"picked":"Sanctity+1","floor":21}],"player_experience":1288902,"relics_obtained":[{"floor":8,"key":"Bottled Lightning"},{"floor":9,"key":"Vajra"},{"floor":12,"key":"TungstenRod"}],"event_choices":[{"damage_healed":0,"gold_gain":0,"player_choice":"Entered Light","damage_taken":13,"max_hp_gain":0,"max_hp_loss":0,"event_name":"Shining Light","floor":2,"gold_loss":0,"cards_upgraded":["Defend_P","Strike_P"]},{"damage_healed":0,"gold_gain":0,"player_choice":"Donut","damage_taken":0,"max_hp_gain":5,"max_hp_loss":0,"event_name":"Big Fish","floor":5,"gold_loss":0},{"damage_healed":0,"gold_gain":0,"player_choice":"Leave","damage_taken":0,"max_hp_gain":0,"max_hp_loss":0,"event_name":"FaceTrader","floor":10,"gold_loss":0},{"cards_removed":["Evaluate"],"damage_healed":36,"gold_gain":0,"player_choice":"Offered Uncommon","damage_taken":0,"max_hp_gain":0,"max_hp_loss":0,"event_name":"Bonfire Elementals","floor":22,"gold_loss":0}],"is_beta":true,"boss_relics":[{"not_picked":["Fusion Hammer","Busted Crown"],"picked":"VioletLotus"}],"items_purged_floors":[],"is_endless":false,"potions_floor_spawned":[3,4,12,20,21],"killed_by":"Gremlin Leader","ascension_level":1}