{"gold_per_floor":[10,27,38,57,73,105,125,145,195,145,145,176,176,203,203,300,300,319,338,338,350,32,32,66,78,90,102,137,160,172,204,216,228],"floor_reached":33,"playtime":1635,"items_purged":["Strike_R"],"score":492,"play_id":"14921ce5-b52b-485d-893f-7f325d506774","local_time":"20180917113335","is_ascension_mode":true,"campfire_choices":[{"data":"Armaments","floor":11,"key":"SMITH"},{"data":"Whirlwind","floor":13,"key":"SMITH"},{"data":"Rage","floor":15,"key":"SMITH"},{"data":"Shrug It Off","floor":23,"key":"SMITH"},{"data":"RitualDagger","floor":27,"key":"SMITH"},{"data":"Infernal Blade","floor":32,"key":"SMITH"}],"neow_cost":"NO_GOLD","seed_source_timestamp":363062566309337,"circlet_count":0,"master_deck":["Strike_R","Defend_R","Defend_R","Defend_R","Defend_R","Bash+1","Shrug It Off+1","Armaments+1","Clash+1","Whirlwind+1","Rage+1","Iron Wave","Infernal Blade+1","Dropkick","Warcry","Thunderclap","Anger+1","True Grit+1","RitualDagger+1","Clash"],"relics":["Burning Blood","Mercury Hourglass","Blood Vial","Blue Candle","Whetstone","Sozu","Pear","Pantograph","MawBank","The Courier","Oddly Smooth Stone"],"potions_floor_usage":[12,14,16,16],"damage_taken":[{"damage":5,"enemies":"Small Slimes","floor":1,"turns":5},{"damage":0,"enemies":"Jaw Worm","floor":2,"turns":6},{"damage":10,"enemies":"Cultist","floor":3,"turns":4},{"damage":0,"enemies":"2 Fungi Beasts","floor":4,"turns":3},{"damage":6,"enemies":"Looter","floor":5,"turns":3},{"damage":25,"enemies":"Lagavulin","floor":6,"turns":8},{"damage":0,"enemies":"Large Slime","floor":7,"turns":5},{"damage":0,"enemies":"Gremlin Gang","floor":8,"turns":3},{"damage":5,"enemies":"3 Sentries","floor":12,"turns":4},{"damage":4,"enemies":"Gremlin Nob","floor":14,"turns":3},{"damage":0,"enemies":"The Guardian","floor":16,"turns":9},{"damage":0,"enemies":"Chosen","floor":18,"turns":3},{"damage":10,"enemies":"Spheric Guardian","floor":19,"turns":4},{"damage":10,"enemies":"Shelled Parasite and Fungi","floor":21,"turns":5},{"damage":25,"enemies":"Book of Stabbing","floor":24,"turns":5},{"damage":4,"enemies":"Centurion and Healer","floor":29,"turns":8},{"damage":19,"enemies":"Cultist and Chosen","floor":31,"turns":7},{"damage":88,"enemies":"Collector","floor":33,"turns":7}],"seed_played":"2525170007654685175","potions_obtained":[{"floor":1,"key":"SteroidPotion"},{"floor":4,"key":"EssenceOfSteel"},{"floor":8,"key":"Explosive Potion"},{"floor":12,"key":"SteroidPotion"},{"floor":14,"key":"EssenceOfSteel"},{"floor":16,"key":"AttackPotion"}],"is_trial":false,"path_per_floor":["M","M","M","M","M","E","M","M","T","?","R","E","R","E","R","B",null,"M","M","?","M","$","R","E","?","T","R","T","M","?","M","R"],"character_chosen":"IRONCLAD","items_purchased":["Pantograph"],"campfire_rested":0,"item_purchase_floors":[22],"current_hp_per_floor":[73,79,75,80,80,61,67,73,73,73,73,76,76,80,80,80,80,80,76,86,84,84,84,67,61,61,61,61,65,65,54,54,0],"gold":228,"neow_bonus":"TRANSFORM_TWO_CARDS","is_prod":false,"is_daily":false,"chose_seed":false,"campfire_upgraded":6,"win_rate":0,"timestamp":1537198415,"path_taken":["M","M","M","M","M","E","M","M","T","?","R","E","R","E","R","BOSS","M","M","?","M","$","R","E","?","T","R","?","M","?","M","R","BOSS"],"build_version":"2018-09-06","purchased_purges":1,"victory":false,"max_hp_per_floor":[80,80,80,80,80,80,80,80,80,80,80,80,80,80,80,80,80,80,80,90,90,90,90,90,90,90,90,90,90,90,90,90,90],"card_choices":[{"not_picked":["Evolve","Perfected Strike"],"picked":"Clash","floor":1},{"not_picked":["Metallicize","Anger"],"picked":"Whirlwind","floor":2},{"not_picked":["Pommel Strike","Armaments"],"picked":"Rage","floor":3},{"not_picked":["Whirlwind","Havoc","Anger"],"picked":"SKIP","floor":4},{"not_picked":["Clothesline","Feel No Pain"],"picked":"Iron Wave","floor":5},{"not_picked":["Perfected Strike","Armaments"],"picked":"Infernal Blade","floor":6},{"not_picked":["Searing Blow","Bloodletting"],"picked":"Dropkick","floor":7},{"not_picked":["Sword Boomerang","Heavy Blade"],"picked":"Warcry","floor":8},{"not_picked":["True Grit","Heavy Blade"],"picked":"Thunderclap","floor":12},{"not_picked":["Fiend Fire","Anger","Wild Strike"],"picked":"SKIP","floor":14},{"not_picked":["Shockwave+1","Body Slam"],"picked":"Anger+1","floor":18},{"not_picked":["Second Wind+1","Headbutt","Dropkick"],"picked":"SKIP","floor":19},{"not_picked":["Headbutt","Sword Boomerang","Inflame"],"picked":"SKIP","floor":21},{"not_picked":["Carnage","Exhume"],"picked":"True Grit+1","floor":24},{"not_picked":["Flex+1","Havoc","Twin Strike"],"picked":"SKIP","floor":29},{"not_picked":["Thunderclap","Hemokinesis+1","True Grit+1"],"picked":"SKIP","floor":31}],"player_experience":535174,"relics_obtained":[{"floor":6,"key":"Mercury Hourglass"},{"floor":9,"key":"Blood Vial"},{"floor":12,"key":"Blue Candle"},{"floor":14,"key":"Whetstone"},{"floor":24,"key":"MawBank"},{"floor":26,"key":"The Courier"},{"floor":28,"key":"Oddly Smooth Stone"}],"event_choices":[{"event_name":"The Cleric","player_choice":"Card Removal","floor":10,"damage_taken":0},{"event_name":"The Mausoleum","player_choice":"Yes","floor":20,"damage_taken":0},{"event_name":"Nest","player_choice":"Joined the Cult","floor":25,"damage_taken":0},{"event_name":"The Library","player_choice":"Read","floor":30,"damage_taken":0}],"is_beta":false,"boss_relics":[{"not_picked":["Eternal Feather","Cursed Key"],"picked":"Sozu"}],"items_purged_floors":[22],"is_endless":false,"potions_floor_spawned":[1,4,8,12,14,16,19,24],"killed_by":"Collector","ascension_level":9}