{"gold_per_floor":[118,131,147,46,0,0,27,27,27,44,44,78,78,109,109,182,182,195,32,44,54,67,67,93,93,170,170,181,181,181,181,181,259,259,274,285,299,62,73,173,173,173,173,173,187,187,187,201,201,201],"floor_reached":51,"playtime":2522,"items_purged":["Strike_B"],"score":1228,"play_id":"09f2c09c-6761-4587-b82e-33eb7849480a","local_time":"20190913224353","is_ascension_mode":true,"campfire_choices":[{"data":"Go for the Eyes","floor":6.0,"key":"SMITH"},{"data":"Dualcast","floor":11.0,"key":"SMITH"},{"data":"Blizzard","floor":15,"key":"SMITH"},{"data":"Defragment","floor":23,"key":"SMITH"},{"data":"Capacitor","floor":27,"key":"SMITH"},{"floor":29,"key":"REST"},{"data":"Buffer","floor":32,"key":"SMITH"},{"floor":42,"key":"REST"},{"floor":49,"key":"REST"}],"neow_cost":"NONE","seed_source_timestamp":82809731952873,"circlet_count":0,"master_deck":["AscendersBane","Strike_B","Defend_B","Defend_B","Defend_B","Defend_B","Zap","Dualcast+1","Cold Snap","Go for the Eyes+1","Cold Snap","Leap","Ball Lightning","Electrodynamics","Blizzard+1","Glacier+1","Buffer+1","Defragment+1","Capacitor+1","Melter","Leap+1","Coolheaded+1","White Noise+1","Steam+1","Rainbow+1","Buffer","Double Energy+1","Redo+1","Glacier+1","Defragment","Biased Cognition","Panache"],"special_seed":0,"relics":["Cracked Core","Toxic Egg 2","Mummified Hand","DataDisk","Blue Candle","Empty Cage","Sundial","Ornamental Fan","Nuclear Battery","Bag of Preparation","Turnip","Strawberry"],"potions_floor_usage":[20,41,50],"damage_taken":[{"damage":1.0,"enemies":"Cultist","floor":1.0,"turns":3.0},{"damage":0.0,"enemies":"Jaw Worm","floor":2.0,"turns":4.0},{"damage":4.0,"enemies":"Small Slimes","floor":3.0,"turns":3.0},{"damage":23.0,"enemies":"Lagavulin","floor":7.0,"turns":9.0},{"damage":0.0,"enemies":"2 Fungi Beasts","floor":10.0,"turns":3.0},{"damage":1.0,"enemies":"3 Sentries","floor":12.0,"turns":3.0},{"damage":10,"enemies":"Gremlin Nob","floor":14,"turns":4},{"damage":3,"enemies":"Slime Boss","floor":16,"turns":12},{"damage":0,"enemies":"Chosen","floor":18,"turns":5},{"damage":0,"enemies":"Shell Parasite","floor":20,"turns":6},{"damage":8,"enemies":"Snecko","floor":21,"turns":6},{"damage":19,"enemies":"Snake Plant","floor":22,"turns":5},{"damage":5,"enemies":"Gremlin Leader","floor":24,"turns":5},{"damage":6,"enemies":"Centurion and Healer","floor":28,"turns":7},{"damage":21,"enemies":"Collector","floor":33,"turns":14},{"damage":0,"enemies":"Orb Walker","floor":35,"turns":5},{"damage":43,"enemies":"3 Darklings","floor":36,"turns":4},{"damage":5,"enemies":"4 Shapes","floor":37,"turns":6},{"damage":0,"enemies":"Spire Growth","floor":39,"turns":7},{"damage":0,"enemies":"Mind Bloom Boss Battle","floor":40,"turns":4},{"damage":0,"enemies":"Writhing Mass","floor":41,"turns":1},{"damage":11,"enemies":"Transient","floor":45,"turns":6},{"damage":9,"enemies":"4 Shapes","floor":48,"turns":3},{"damage":13,"enemies":"Donu and Deca","floor":50,"turns":8}],"seed_played":"-468796084673559307","potions_obtained":[{"floor":2.0,"key":"Swift Potion"},{"floor":10.0,"key":"Energy Potion"},{"floor":16,"key":"Block Potion"},{"floor":22,"key":"SmokeBomb"},{"floor":33,"key":"Dexterity Potion"},{"floor":36,"key":"FocusPotion"}],"is_trial":false,"path_per_floor":["M","M","M","$","?","R","E","$","T","M","R","E","?","E","R","B",null,"M","$","M","M","M","R","E","?","T","R","M","R","?","?","R","B",null,"M","M","M","$","M","?","M","R","T","?","M","?","?","M","R","B",null],"character_chosen":"DEFECT","items_purchased":["Leap","Capacitor","Melter","Bag of Preparation","Glacier+1"],"campfire_rested":3,"item_purchase_floors":[4,19,19,38,38],"current_hp_per_floor":[70,70,66,66,66,66,43,43,43,43,43,42,42,32,32,29,66,66,66,66,58,39,39,34,34,34,34,28,51,51,51,51,30,66,66,23,18,18,18,18,18,41,48,48,37,37,37,28,52,39],"gold":201,"neow_bonus":"TEN_PERCENT_HP_BONUS","is_prod":false,"is_daily":false,"chose_seed":false,"campfire_upgraded":6,"win_rate":0,"timestamp":1568432633,"path_taken":["M","M","M","?","?","R","E","?","T","M","R","E","?","E","R","BOSS","M","$","M","M","M","R","E","?","T","R","M","R","?","?","R","BOSS","M","M","M","$","M","?","M","R","T","?","M","?","?","M","R","BOSS"],"build_version":"2019-07-17","purchased_purges":1,"victory":true,"max_hp_per_floor":[78,78,78,78,78,78,78,78,78,78,78,78,78,78,78,78,78,78,78,78,78,78,78,78,78,78,78,78,78,78,78,78,78,78,78,78,78,78,78,78,78,78,85,81,81,81,81,81,81,81],"card_choices":[{"not_picked":["Ball Lightning","Hologram"],"picked":"Cold Snap","floor":1.0},{"not_picked":["Turbo","Coolheaded"],"picked":"Go for the Eyes","floor":2.0},{"not_picked":["Lockon","Self Repair"],"picked":"Cold Snap","floor":3.0},{"not_picked":["Streamline","Heatsinks"],"picked":"Ball Lightning","floor":7.0},{"not_picked":["Static Discharge","Fusion+1"],"picked":"Electrodynamics","floor":10.0},{"not_picked":["Gash","Hello World"],"picked":"Blizzard","floor":12.0},{"not_picked":["Beam Cell","Steam+1"],"picked":"Glacier+1","floor":14},{"not_picked":["Hyperbeam","Multi-Cast+1"],"picked":"Buffer","floor":16},{"not_picked":["Reinforced Body+1","Melter"],"picked":"Defragment","floor":18},{"not_picked":["Hologram+1","Reinforced Body+1"],"picked":"Leap+1","floor":20},{"not_picked":["Skim+1","Sunder"],"picked":"Coolheaded+1","floor":21},{"not_picked":["Redo+1","Darkness+1"],"picked":"White Noise+1","floor":22},{"not_picked":["Streamline","Go for the Eyes"],"picked":"Steam+1","floor":24},{"not_picked":["Streamline","Stack+1"],"picked":"Rainbow+1","floor":28},{"not_picked":["Meteor Strike","Thunder Strike"],"picked":"Buffer","floor":33},{"not_picked":["Sunder","Go for the Eyes","Beam Cell"],"picked":"SKIP","floor":35},{"not_picked":["Reinforced Body+1","Gash"],"picked":"Double Energy+1","floor":36},{"not_picked":["Cold Snap","Melter"],"picked":"Redo+1","floor":37},{"not_picked":["Go for the Eyes","Conserve Battery+1"],"picked":"Defragment","floor":39},{"not_picked":["Compile Driver","Blizzard"],"picked":"Biased Cognition","floor":40},{"not_picked":["Recycle+1","Genetic Algorithm+1","Sweeping Beam"],"picked":"SKIP","floor":45},{"not_picked":["Sadistic Nature","Deep Breath+1"],"picked":"Panache","floor":46},{"not_picked":["Hologram+1","Streamline","Turbo+1"],"picked":"SKIP","floor":48}],"player_experience":298592,"relics_obtained":[{"floor":7.0,"key":"Toxic Egg 2"},{"floor":9.0,"key":"Mummified Hand"},{"floor":12.0,"key":"DataDisk"},{"floor":14,"key":"Blue Candle"},{"floor":24,"key":"Sundial"},{"floor":26,"key":"Ornamental Fan"},{"floor":40,"key":"Turnip"},{"floor":43,"key":"Strawberry"}],"event_choices":[{"damage_healed":0.0,"max_hp_gain":0.0,"max_hp_loss":0.0,"gold_gain":0.0,"event_name":"World of Goop","player_choice":"Left Gold","floor":5.0,"gold_loss":46.0,"damage_taken":0.0},{"damage_healed":0,"gold_gain":0,"player_choice":"Searched \u00270\u0027 times","damage_taken":0,"max_hp_gain":0,"max_hp_loss":0,"event_name":"Dead Adventurer","floor":13,"gold_loss":0},{"damage_healed":0,"gold_gain":0,"player_choice":"Ignored","damage_taken":0,"max_hp_gain":0,"max_hp_loss":0,"event_name":"Cursed Tome","floor":25,"gold_loss":0},{"damage_healed":0,"gold_gain":0,"player_choice":"Ignored","damage_taken":0,"max_hp_gain":0,"max_hp_loss":0,"event_name":"Vampires","floor":30,"gold_loss":0},{"damage_healed":0,"gold_gain":0,"player_choice":"Ignored","damage_taken":0,"max_hp_gain":0,"max_hp_loss":0,"event_name":"Ghosts","floor":31,"gold_loss":0},{"damage_healed":0,"gold_gain":0,"player_choice":"Fight","damage_taken":0,"max_hp_gain":0,"max_hp_loss":0,"event_name":"MindBloom","floor":40,"gold_loss":0},{"damage_healed":0,"gold_gain":0,"player_choice":"Max HP","damage_taken":0,"max_hp_gain":0,"max_hp_loss":4,"event_name":"Winding Halls","floor":44,"gold_loss":0},{"damage_healed":0,"gold_gain":0,"player_choice":"Memory 1","damage_taken":0,"max_hp_gain":0,"max_hp_loss":0,"event_name":"SensoryStone","floor":46,"gold_loss":0},{"damage_healed":0,"gold_gain":0,"player_choice":"Ignored","damage_taken":0,"max_hp_gain":0,"max_hp_loss":0,"event_name":"Mysterious Sphere","floor":47,"gold_loss":0}],"is_beta":false,"boss_relics":[{"not_picked":["Velvet Choker","Runic Pyramid"],"picked":"Empty Cage"},{"not_picked":["Tiny House","Orrery"],"picked":"Nuclear Battery"}],"items_purged_floors":[4],"is_endless":false,"potions_floor_spawned":[2,10,12,16,22,28,33,35,36,39],"ascension_level":17}