{"gold_per_floor":[111,129,204,218,48,48,75,75,75,85,104,120,131,131,131,229,229,240,240,223,240,155,155,155],"floor_reached":24,"playtime":1207,"items_purged":["Strike_G"],"score":250,"play_id":"e981c206-172c-4835-9dfc-f9bac54aa139","local_time":"20180802102812","is_ascension_mode":true,"campfire_choices":[{"data":"Neutralize","floor":6,"key":"SMITH"},{"data":"Escape Plan","floor":8,"key":"SMITH"},{"floor":15,"key":"REST"},{"floor":23,"key":"REST"}],"neow_cost":"TEN_PERCENT_HP_LOSS","seed_source_timestamp":1868932852646735,"circlet_count":0,"master_deck":["Defend_G","Defend_G","Defend_G","Defend_G","Defend_G","Strike_G","Strike_G","Strike_G","Strike_G","Survivor","Neutralize+1","Adrenaline","Escape Plan+1","Sucker Punch","Heel Hook","Jack Of All Trades","Finisher","PiercingWail","Underhanded Strike","Backstab","Tools of the Trade","Backflip","Dodge and Roll"],"relics":["Ring of the Serpent","Pear","Orichalcum","StoneCalendar","Snake Skull","Question Card"],"potions_floor_usage":[7,16],"damage_taken":[{"damage":0,"enemies":"Small Slimes","floor":1,"turns":3},{"damage":4,"enemies":"Jaw Worm","floor":2,"turns":4},{"damage":0,"enemies":"Cultist","floor":4,"turns":4},{"damage":24,"enemies":"Gremlin Nob","floor":7,"turns":5},{"damage":1,"enemies":"Exordium Wildlife","floor":10,"turns":4},{"damage":0,"enemies":"Looter","floor":11,"turns":3},{"damage":0,"enemies":"Blue Slaver","floor":12,"turns":3},{"damage":0,"enemies":"Large Slime","floor":13,"turns":5},{"damage":17,"enemies":"Slime Boss","floor":16,"turns":8},{"damage":3,"enemies":"Chosen","floor":18,"turns":3},{"damage":9,"enemies":"2 Thieves","floor":20,"turns":4},{"damage":33,"enemies":"Snake Plant","floor":21,"turns":7},{"damage":48,"enemies":"Cultist and Chosen","floor":24,"turns":6}],"seed_played":"-560299254574033365","potions_obtained":[{"floor":1,"key":"AttackPotion"},{"floor":4,"key":"Strength Potion"},{"floor":13,"key":"Explosive Potion"}],"is_trial":false,"path_per_floor":["M","M","?","M","$","R","E","R","T","M","M","M","M","T","R","B",null,"M","?","M","M","?","R"],"character_chosen":"THE_SILENT","items_purchased":["Jack Of All Trades"],"campfire_rested":2,"item_purchase_floors":[5],"current_hp_per_floor":[63,59,48,48,48,48,34,34,34,33,33,33,33,33,54,37,64,61,61,52,19,19,40,0],"gold":155,"neow_bonus":"THREE_RARE_CARDS","is_prod":false,"is_daily":false,"chose_seed":false,"campfire_upgraded":2,"win_rate":0,"timestamp":1533220092,"path_taken":["M","M","?","M","$","R","E","R","T","M","M","M","M","?","R","BOSS","M","?","M","?","?","R","M"],"build_version":"2018-07-26","purchased_purges":1,"victory":false,"max_hp_per_floor":[63,63,63,63,63,63,73,73,73,73,73,73,73,73,73,73,73,73,73,73,73,73,73,73],"card_choices":[{"not_picked":["Storm of Steel","After Image"],"picked":"Adrenaline","floor":0},{"not_picked":["Sucker Punch","Finisher"],"picked":"Escape Plan","floor":1},{"not_picked":["Dodge and Roll","Dagger Spray"],"picked":"Sucker Punch","floor":2},{"not_picked":["PiercingWail","Flying Knee"],"picked":"Heel Hook","floor":4},{"not_picked":["Underhanded Strike","Tools of the Trade","Skewer"],"picked":"SKIP","floor":7},{"not_picked":["Deadly Poison","Slice"],"picked":"Finisher","floor":10},{"not_picked":["Poisoned Stab","Dagger Spray"],"picked":"PiercingWail","floor":11},{"not_picked":["Calculated Gamble","Prepared"],"picked":"Underhanded Strike","floor":12},{"not_picked":["Slice","Deadly Poison"],"picked":"Backstab","floor":13},{"not_picked":["A Thousand Cuts","Wraith Form v2"],"picked":"Tools of the Trade","floor":16},{"not_picked":["Masterful Stab","Dagger Throw"],"picked":"Backflip","floor":18},{"not_picked":["Caltrops","Skewer"],"picked":"Dodge and Roll","floor":20},{"not_picked":["Bane+1","Deadly Poison","Outmaneuver+1"],"picked":"SKIP","floor":21}],"player_experience":352415,"relics_obtained":[{"floor":7,"key":"Pear"},{"floor":9,"key":"Orichalcum"},{"floor":14,"key":"StoneCalendar"}],"event_choices":[{"event_name":"World of Goop","player_choice":"Gather Gold","floor":3,"damage_taken":0},{"event_name":"The Mausoleum","player_choice":"Yes","floor":19,"damage_taken":0},{"event_name":"Addict","player_choice":"Obtained Relic","floor":22,"damage_taken":0}],"is_beta":false,"boss_relics":[{"not_picked":["Orrery","Empty Cage"],"picked":"Ring of the Serpent"}],"items_purged_floors":[5],"is_endless":false,"potions_floor_spawned":[1,4,13],"killed_by":"Cultist and Chosen","ascension_level":5}