{"gold_per_floor":[212,212,4,19,43,43,79,79,79,120,144,220,220,295,295,388,388,408,408,422,422,432,459,6,6,31,58,70,117,129,156,168,254,266,290,302,314,343,355,367,410,439,451,463,488,529,541,584,596,608],"floor_reached":51,"playtime":3648,"items_purged":[],"score":1632,"play_id":"74bd9a77-68d3-4165-9db0-4e2857a2dfd8","local_time":"20190630115326","is_ascension_mode":true,"campfire_choices":[{"data":"Cloak And Dagger","floor":6,"key":"SMITH"},{"data":"Dagger Spray","floor":8,"key":"SMITH"},{"floor":15,"key":"REST"},{"floor":25,"key":"REST"},{"data":"Apotheosis","floor":30,"key":"SMITH"},{"data":"After Image","floor":32,"key":"SMITH"},{"data":"Madness","floor":40,"key":"SMITH"},{"data":"Madness","floor":44,"key":"SMITH"},{"data":"Accuracy","floor":47,"key":"SMITH"},{"data":"Envenom","floor":49,"key":"SMITH"}],"neow_cost":"NONE","seed_source_timestamp":47865927245500,"circlet_count":0,"master_deck":["AscendersBane","Survivor","Neutralize","Cloak And Dagger+1","Infinite Blades","Sucker Punch","Accuracy+1","Dagger Spray+1","After Image+1","Deflect","Burst","Envenom+1","Dash","Cloak And Dagger","Calculated Gamble","Die Die Die","Tactician","Unload","Terror","Venomology","Dash","Apotheosis+1","Backflip","Cloak And Dagger","Madness+1","Madness+1","Deflect+1"],"relics":["Ring of the Snake","Bloody Idol","PreservedInsect","Pear","Ninja Scroll","Centennial Puzzle","Kunai","Pandora\u0027s Box","Bottled Tornado","Sling","Oddly Smooth Stone","MawBank","Art of War","Runic Pyramid","Bronze Scales","Lantern","Potion Belt","Pen Nib"],"potions_floor_usage":[11,12,22,23,29,31,33,38,41,42,45,50,50],"damage_taken":[{"damage":3,"enemies":"Small Slimes","floor":1,"turns":6},{"damage":2,"enemies":"2 Louse","floor":4,"turns":5},{"damage":2,"enemies":"Jaw Worm","floor":5,"turns":5},{"damage":22,"enemies":"Lagavulin","floor":7,"turns":8},{"damage":4,"enemies":"3 Sentries","floor":10,"turns":3},{"damage":16,"enemies":"Exordium Thugs","floor":11,"turns":5},{"damage":0,"enemies":"Gremlin Nob","floor":12,"turns":2},{"damage":9,"enemies":"Hexaghost","floor":16,"turns":13},{"damage":3,"enemies":"2 Thieves","floor":18,"turns":4},{"damage":6,"enemies":"3 Byrds","floor":20,"turns":4},{"damage":4,"enemies":"Cultist and Chosen","floor":22,"turns":4},{"damage":5,"enemies":"Slavers","floor":23,"turns":3},{"damage":3,"enemies":"Book of Stabbing","floor":27,"turns":4},{"damage":12,"enemies":"Gremlin Leader","floor":29,"turns":3},{"damage":2,"enemies":"Snake Plant","floor":31,"turns":5},{"damage":8,"enemies":"Collector","floor":33,"turns":9},{"damage":10,"enemies":"3 Shapes","floor":35,"turns":6},{"damage":1,"enemies":"Orb Walker","floor":38,"turns":4},{"damage":0,"enemies":"Giant Head","floor":41,"turns":3},{"damage":0,"enemies":"Transient","floor":42,"turns":6},{"damage":1,"enemies":"Spire Growth","floor":45,"turns":4},{"damage":0,"enemies":"Reptomancer","floor":46,"turns":5},{"damage":0,"enemies":"Nemesis","floor":48,"turns":5},{"damage":22,"enemies":"Time Eater","floor":50,"turns":10}],"seed_played":"-9023445356688604865","potions_obtained":[{"floor":4,"key":"Strength Potion"},{"floor":7,"key":"Block Potion"},{"floor":16,"key":"Energy Potion"},{"floor":20,"key":"Strength Potion"},{"floor":22,"key":"Ancient Potion"},{"floor":31,"key":"EssenceOfSteel"},{"floor":38,"key":"Energy Potion"}],"is_trial":false,"path_per_floor":["M","?","$","M","M","R","E","R","T","E","M","?","?","?","R","B",null,"M","?","M","?","M","E","$","R","T","E","$","E","R","M","R","B",null,"M","?","?","M","$","R","E","M","T","R","M","E","R","E","R","B",null],"character_chosen":"THE_SILENT","items_purchased":["PreservedInsect","Infinite Blades","Apotheosis","Sling","PowerPotion"],"campfire_rested":2,"item_purchase_floors":[3,3,24,24,24],"current_hp_per_floor":[56,56,56,54,52,52,40,40,40,36,20,20,13,2,23,14,56,53,53,47,47,48,48,48,69,70,70,70,63,68,70,70,67,70,65,57,62,70,70,70,70,70,70,70,70,70,70,70,70,48],"gold":620,"neow_bonus":"HUNDRED_GOLD","is_prod":false,"is_daily":false,"chose_seed":false,"campfire_upgraded":8,"win_rate":0,"timestamp":1561910006,"path_taken":["M","?","$","M","M","R","E","R","T","E","M","?","?","?","R","BOSS","M","?","M","?","M","E","$","R","T","E","$","E","R","M","R","BOSS","M","?","?","M","$","R","E","M","T","R","?","E","R","E","R","BOSS"],"build_version":"2019-01-23","purchased_purges":0,"victory":true,"max_hp_per_floor":[66,60,60,60,60,60,70,70,70,70,70,70,70,70,70,70,70,70,70,70,70,70,70,70,70,70,70,70,70,70,70,70,70,70,70,70,70,70,70,70,70,70,70,70,70,70,70,70,70,70],"card_choices":[{"not_picked":["Sucker Punch","PiercingWail"],"picked":"Cloak And Dagger","floor":1},{"not_picked":["Dodge and Roll","Heel Hook"],"picked":"Sucker Punch","floor":4},{"not_picked":["Outmaneuver","Deadly Poison"],"picked":"Accuracy","floor":5},{"not_picked":["Dodge and Roll","Expertise"],"picked":"Dagger Spray","floor":7},{"not_picked":["Deadly Poison","Dagger Spray"],"picked":"After Image","floor":10},{"not_picked":["Flying Knee","Poisoned Stab"],"picked":"Deflect","floor":11},{"not_picked":["Masterful Stab","Outmaneuver"],"picked":"Burst","floor":12},{"not_picked":["Grand Finale","After Image"],"picked":"Envenom","floor":16},{"not_picked":["Finisher+1","Dagger Throw","Distraction+1"],"picked":"SKIP","floor":18},{"not_picked":["Dagger Throw","Dagger Spray","Caltrops+1"],"picked":"SKIP","floor":20},{"not_picked":["Outmaneuver","Bane+1"],"picked":"Dash","floor":22},{"not_picked":["Bane","Masterful Stab","Sucker Punch"],"picked":"SKIP","floor":23},{"not_picked":["Acrobatics","Underhanded Strike","Expertise"],"picked":"SKIP","floor":27},{"not_picked":["Outmaneuver","Dagger Spray"],"picked":"Backflip","floor":29},{"not_picked":["Flechettes","Flying Knee","Skewer"],"picked":"SKIP","floor":31},{"not_picked":["Sucker Punch","Flying Knee"],"picked":"Cloak And Dagger","floor":35},{"not_picked":["Acrobatics+1","Dodge and Roll"],"picked":"Deflect+1","floor":38},{"not_picked":["Tactician","Catalyst","Dagger Throw"],"picked":"SKIP","floor":41},{"not_picked":["Poisoned Stab","Deadly Poison+1","Bane"],"picked":"SKIP","floor":42},{"not_picked":["Outmaneuver","Quick Slash","Night Terror"],"picked":"SKIP","floor":45},{"not_picked":["Infinite Blades","Masterful Stab","Riddle With Holes"],"picked":"SKIP","floor":46},{"not_picked":["Setup+1","Dagger Throw","Underhanded Strike+1"],"picked":"SKIP","floor":48}],"player_experience":969768,"relics_obtained":[{"floor":7,"key":"Pear"},{"floor":9,"key":"Ninja Scroll"},{"floor":10,"key":"Centennial Puzzle"},{"floor":12,"key":"Kunai"},{"floor":23,"key":"Bottled Tornado"},{"floor":26,"key":"Oddly Smooth Stone"},{"floor":27,"key":"MawBank"},{"floor":29,"key":"Art of War"},{"floor":41,"key":"Bronze Scales"},{"floor":43,"key":"Lantern"},{"floor":46,"key":"Potion Belt"},{"floor":48,"key":"Pen Nib"}],"event_choices":[{"damage_healed":0,"gold_gain":0,"player_choice":"Lose Max HP","damage_taken":0,"relics_obtained":["Golden Idol"],"max_hp_gain":0,"max_hp_loss":6,"event_name":"Golden Idol","floor":2,"gold_loss":0},{"damage_healed":0,"gold_gain":0,"player_choice":"Searched \u00271\u0027 times","damage_taken":0,"max_hp_gain":0,"max_hp_loss":0,"event_name":"Dead Adventurer","floor":12,"gold_loss":0},{"cards_removed":["Strike_G"],"damage_healed":0,"gold_gain":0,"player_choice":"Card Removal","damage_taken":7,"max_hp_gain":0,"max_hp_loss":0,"event_name":"Golden Wing","floor":13,"gold_loss":0},{"damage_healed":0,"gold_gain":75,"player_choice":"Gather Gold","damage_taken":11,"max_hp_gain":0,"max_hp_loss":0,"event_name":"World of Goop","floor":14,"gold_loss":0},{"damage_healed":0,"gold_gain":0,"player_choice":"Ignored","damage_taken":0,"max_hp_gain":0,"max_hp_loss":0,"event_name":"Vampires","floor":19,"gold_loss":0},{"damage_healed":0,"gold_gain":0,"player_choice":"Gave Idol","damage_taken":0,"relics_obtained":["Bloody Idol"],"max_hp_gain":0,"max_hp_loss":0,"event_name":"Forgotten Altar","floor":21,"relics_lost":["Golden Idol"],"gold_loss":0},{"damage_healed":0,"gold_gain":0,"player_choice":"Embrace Madness","damage_taken":13,"max_hp_gain":0,"max_hp_loss":0,"event_name":"Winding Halls","floor":36,"gold_loss":0,"cards_obtained":["Madness","Madness"]},{"cards_removed":["Endless Agony"],"damage_healed":0,"gold_gain":0,"player_choice":"Removed Attack","damage_taken":0,"max_hp_gain":0,"max_hp_loss":0,"event_name":"Falling","floor":37,"gold_loss":0}],"is_beta":false,"boss_relics":[{"not_picked":["Orrery","Runic Dome"],"picked":"Pandora\u0027s Box"},{"not_picked":["Lizard Tail","Sozu"],"picked":"Runic Pyramid"}],"items_purged_floors":[],"is_endless":false,"potions_floor_spawned":[4,7,16,20,22,31,33,38,45],"ascension_level":19}