{"gold_per_floor":[117,127,127,52,52,79,79,106,152,152,184,20,30,30,30,30],"floor_reached":16,"playtime":405,"items_purged":["Strike_B"],"score":232,"play_id":"2af566e6-151c-45e4-a22f-5b4658a21342","local_time":"20190622125232","is_ascension_mode":true,"campfire_choices":[{"data":"Doom and Gloom","floor":7.0,"key":"SMITH"},{"data":"Zap","floor":10.0,"key":"SMITH"},{"data":"Loop","floor":15,"key":"SMITH"}],"neow_cost":"NONE","seed_source_timestamp":7290768726465,"circlet_count":0,"master_deck":["AscendersBane","Strike_B","Strike_B","Strike_B","Defend_B","Defend_B","Defend_B","Defend_B","Zap+1","Dualcast","Heatsinks","Cold Snap","Doom and Gloom+1","Sweeping Beam","Machine Learning","Capacitor","Loop+1","Redo","Parasite"],"special_seed":0,"relics":["Runic Dome","DataDisk","Meat on the Bone","Bag of Marbles","Letter Opener"],"potions_floor_usage":[],"damage_taken":[{"damage":1.0,"enemies":"Cultist","floor":1.0,"turns":4.0},{"damage":1.0,"enemies":"2 Louse","floor":2.0,"turns":3.0},{"damage":6.0,"enemies":"Gremlin Nob","floor":6.0,"turns":3.0},{"damage":24.0,"enemies":"3 Sentries","floor":8.0,"turns":5.0},{"damage":34.0,"enemies":"Gremlin Nob","floor":11.0,"turns":4.0},{"damage":5,"enemies":"Small Slimes","floor":13,"turns":3},{"damage":42,"enemies":"The Guardian","floor":16,"turns":4}],"seed_played":"-1124361390603554910","potions_obtained":[{"floor":1.0,"key":"FocusPotion"},{"floor":6.0,"key":"Poison Potion"},{"floor":11.0,"key":"Ancient Potion"}],"is_trial":false,"path_per_floor":["M","M","?","$","?","E","R","E","T","R","E","$","M","?","R","B"],"character_chosen":"DEFECT","items_purchased":["Doom and Gloom","Loop"],"campfire_rested":0,"item_purchase_floors":[4,12],"current_hp_per_floor":[63,62,67,67,67,61,61,37,37,37,15,15,22,41,41,0],"gold":30,"neow_bonus":"BOSS_RELIC","is_prod":false,"is_daily":false,"chose_seed":false,"campfire_upgraded":3,"win_rate":0,"timestamp":1561200752,"path_taken":["M","?","?","$","?","E","R","E","T","R","E","$","M","?","R","BOSS"],"build_version":"2019-01-23","purchased_purges":1,"victory":false,"max_hp_per_floor":[71,71,76,76,76,76,76,76,76,76,76,76,76,76,76,76],"card_choices":[{"not_picked":["Reprogram","Stack"],"picked":"Heatsinks","floor":1.0},{"not_picked":["Blizzard","White Noise"],"picked":"Cold Snap","floor":2.0},{"not_picked":["Go for the Eyes","Steam"],"picked":"Sweeping Beam","floor":6.0},{"not_picked":["Conserve Battery","Electrodynamics"],"picked":"Machine Learning","floor":8.0},{"not_picked":["Conserve Battery","Melter"],"picked":"Capacitor","floor":11.0},{"not_picked":["Leap","Go for the Eyes"],"picked":"Redo","floor":13}],"player_experience":646918,"relics_obtained":[{"floor":6.0,"key":"DataDisk"},{"floor":8.0,"key":"Meat on the Bone"},{"floor":9.0,"key":"Bag of Marbles"},{"floor":11.0,"key":"Letter Opener"}],"event_choices":[{"damage_healed":0.0,"max_hp_gain":5.0,"max_hp_loss":0.0,"gold_gain":0.0,"event_name":"Big Fish","player_choice":"Donut","floor":3.0,"gold_loss":0.0,"damage_taken":0.0},{"damage_healed":0.0,"max_hp_gain":0.0,"max_hp_loss":0.0,"gold_gain":0.0,"event_name":"The Cleric","player_choice":"Leave","floor":5.0,"gold_loss":0.0,"damage_taken":0.0},{"damage_healed":19,"gold_gain":0,"player_choice":"Healed and dodged fight","damage_taken":0,"max_hp_gain":0,"max_hp_loss":0,"event_name":"Mushrooms","floor":14,"gold_loss":0,"cards_obtained":["Parasite"]}],"is_beta":false,"boss_relics":[],"items_purged_floors":[12],"is_endless":false,"potions_floor_spawned":[1,6,11],"killed_by":"The Guardian","ascension_level":20}