{"gold_per_floor":[112,37,48,123,138,138,166,166,191,221,221,221],"floor_reached":12,"playtime":296,"items_purged":[],"score":172,"play_id":"13ef4259-162f-4cd9-af92-9e22153f1b67","local_time":"20190607204605","is_ascension_mode":true,"campfire_choices":[{"data":"Zap","floor":6,"key":"SMITH"},{"data":"Sweeping Beam","floor":8,"key":"SMITH"}],"neow_cost":"NONE","seed_source_timestamp":853163656095,"circlet_count":0,"master_deck":["AscendersBane","Strike_B","Strike_B","Strike_B","Defend_B","Defend_B","Defend_B","Defend_B+1","Zap+1","Dualcast","Sweeping Beam+1","Auto Shields+1","Compile Driver","Gash"],"relics":["Cracked Core","Bottled Lightning","Pear","War Paint","Ornamental Fan","Golden Idol"],"potions_floor_usage":[10],"damage_taken":[{"damage":4,"enemies":"Small Slimes","floor":1,"turns":3},{"damage":2,"enemies":"Jaw Worm","floor":3,"turns":4},{"damage":8,"enemies":"2 Louse","floor":5,"turns":3},{"damage":25,"enemies":"3 Sentries","floor":7,"turns":8},{"damage":32,"enemies":"Gremlin Nob","floor":10,"turns":4},{"damage":17,"enemies":"3 Sentries","floor":12,"turns":4}],"seed_played":"-1709291050193937158","potions_obtained":[{"floor":7,"key":"SteroidPotion"}],"is_trial":false,"path_per_floor":["M","?","M","T","M","R","E","R","T","E","?","E"],"character_chosen":"DEFECT","items_purchased":[],"campfire_rested":0,"item_purchase_floors":[],"current_hp_per_floor":[67,67,65,65,57,57,42,42,42,10,10,0],"gold":221,"neow_bonus":"TEN_PERCENT_HP_BONUS","is_prod":false,"is_daily":false,"chose_seed":false,"campfire_upgraded":2,"win_rate":0,"timestamp":1559933165,"path_taken":["M","?","M","?","M","R","E","R","T","E","?","E"],"build_version":"2019-06-05","purchased_purges":0,"victory":false,"max_hp_per_floor":[78,78,78,78,78,78,88,88,88,88,80,80],"card_choices":[{"not_picked":["Turbo","Redo","Consume"],"picked":"SKIP","floor":1},{"not_picked":["Compile Driver","Coolheaded"],"picked":"Sweeping Beam","floor":3},{"not_picked":["White Noise","Rip and Tear"],"picked":"Auto Shields","floor":5},{"not_picked":["Capacitor","Streamline"],"picked":"Compile Driver","floor":7},{"not_picked":["Rebound","Leap"],"picked":"Gash","floor":10}],"player_experience":1684882,"relics_obtained":[{"floor":4,"key":"Bottled Lightning"},{"floor":7,"key":"Pear"},{"floor":9,"key":"War Paint"},{"floor":10,"key":"Ornamental Fan"}],"event_choices":[{"cards_removed":["Strike_B"],"damage_healed":0,"gold_gain":0,"player_choice":"Card Removal","damage_taken":0,"max_hp_gain":0,"max_hp_loss":0,"event_name":"The Cleric","floor":2,"gold_loss":75},{"damage_healed":0,"gold_gain":0,"player_choice":"Lose Max HP","damage_taken":0,"relics_obtained":["Golden Idol"],"max_hp_gain":0,"max_hp_loss":8,"event_name":"Golden Idol","floor":11,"gold_loss":0}],"is_beta":true,"boss_relics":[],"items_purged_floors":[],"is_endless":false,"potions_floor_spawned":[7],"killed_by":"3 Sentries","ascension_level":20}