{"gold_per_floor":[112,26,38,56,69,69,96,96,96,129,129,141,160,1,1,73,73,87,99,99],"floor_reached":20,"playtime":730,"items_purged":["Decay"],"score":335,"play_id":"c2885d03-9a43-4e2a-8942-0cc68b81a158","local_time":"20190530215556","is_ascension_mode":true,"campfire_choices":[{"data":"Zap","floor":6,"key":"SMITH"},{"data":"Chill","floor":11,"key":"SMITH"},{"data":"Dualcast","floor":15,"key":"SMITH"}],"neow_cost":"CURSE","seed_source_timestamp":1137585952774537,"circlet_count":0,"master_deck":["AscendersBane","Strike_B","Strike_B","Strike_B","Strike_B","Defend_B","Defend_B","Defend_B","Defend_B","Zap+1","Dualcast+1","Cold Snap","Blizzard","Ball Lightning","Ball Lightning","Electrodynamics+1","Chill+1","Conserve Battery","Capacitor+1","Fission"],"relics":["Cracked Core","Pocketwatch","Frozen Egg 2","Darkstone Periapt","Shuriken","Emotion Chip","Busted Crown"],"potions_floor_usage":[7,10],"damage_taken":[{"damage":3,"enemies":"Cultist","floor":1,"turns":3},{"damage":6,"enemies":"Small Slimes","floor":3,"turns":3},{"damage":3,"enemies":"2 Louse","floor":4,"turns":2},{"damage":7,"enemies":"2 Fungi Beasts","floor":5,"turns":3},{"damage":8,"enemies":"Gremlin Nob","floor":7,"turns":3},{"damage":20,"enemies":"Lagavulin","floor":10,"turns":4},{"damage":0,"enemies":"3 Louse","floor":12,"turns":1},{"damage":0,"enemies":"Large Slime","floor":13,"turns":3},{"damage":15,"enemies":"The Guardian","floor":16,"turns":10},{"damage":12,"enemies":"Chosen","floor":18,"turns":4},{"damage":12,"enemies":"Spheric Guardian","floor":19,"turns":4},{"damage":36,"enemies":"Snake Plant","floor":20,"turns":3}],"seed_played":"-2661449593752844179","potions_obtained":[{"floor":4,"key":"FocusPotion"},{"floor":5,"key":"Regen Potion"},{"floor":7,"key":"Regen Potion"},{"floor":10,"key":"SpeedPotion"},{"floor":16,"key":"Strength Potion"},{"floor":18,"key":"LiquidBronze"}],"is_trial":false,"path_per_floor":["M","$","M","M","M","R","E","?","T","E","R","M","M","$","R","B",null,"M","M","M"],"character_chosen":"DEFECT","items_purchased":["Blizzard","Capacitor+1"],"campfire_rested":0,"item_purchase_floors":[2,14],"current_hp_per_floor":[61,61,55,52,45,45,46,46,46,26,26,26,26,26,26,11,56,44,32,0],"gold":99,"neow_bonus":"ONE_RARE_RELIC","is_prod":false,"is_daily":false,"chose_seed":false,"campfire_upgraded":3,"win_rate":0,"timestamp":1559246156,"path_taken":["M","$","?","M","M","R","E","?","T","E","R","M","M","$","R","BOSS","M","M","M"],"build_version":"2019-01-23","purchased_purges":1,"victory":false,"max_hp_per_floor":[71,71,71,71,71,71,71,71,71,71,71,71,71,71,71,71,71,71,71,71],"card_choices":[{"not_picked":["Steam Power","Coolheaded"],"picked":"Cold Snap","floor":1},{"not_picked":["Leap","Thunder Strike"],"picked":"Ball Lightning","floor":3},{"not_picked":["Rip and Tear","Aggregate","Compile Driver"],"picked":"SKIP","floor":4},{"not_picked":["Turbo","Barrage"],"picked":"Ball Lightning","floor":5},{"not_picked":["Heatsinks","Double Energy"],"picked":"Electrodynamics","floor":7},{"not_picked":["Stack","Fusion"],"picked":"Chill","floor":10},{"not_picked":["Skim","Steam","Go for the Eyes"],"picked":"SKIP","floor":12},{"not_picked":["Skim","Stack"],"picked":"Conserve Battery","floor":13},{"not_picked":["Multi-Cast","Meteor Strike"],"picked":"Fission","floor":16},{"not_picked":["Scrape"],"picked":"SKIP","floor":18},{"not_picked":["Streamline+1"],"picked":"SKIP","floor":19}],"player_experience":471350,"relics_obtained":[{"floor":7,"key":"Frozen Egg 2"},{"floor":9,"key":"Shuriken"},{"floor":10,"key":"Emotion Chip"}],"event_choices":[{"damage_healed":0,"gold_gain":0,"player_choice":"Gave Potion","damage_taken":0,"relics_obtained":["Darkstone Periapt"],"max_hp_gain":0,"max_hp_loss":0,"event_name":"WeMeetAgain","floor":8,"gold_loss":0}],"is_beta":false,"boss_relics":[{"not_picked":["Runic Pyramid","Coffee Dripper"],"picked":"Busted Crown"}],"items_purged_floors":[14],"is_endless":false,"potions_floor_spawned":[4,5,7,10,16,18],"killed_by":"Snake Plant","ascension_level":16}