{"gold_per_floor":[111,286,62,62,62,87,87,87,113,113,145,145,161,195,195,290,290,304,316,316,336,251,251,308,320,402,435,464,464,39,51,51,152,152,164,386,261,111,211,540,569,569,569,39,73,89,99,9,9,9],"floor_reached":51,"playtime":1923,"items_purged":["Doubt","Strike_G","Defend_G","Strike_G"],"score":1367,"play_id":"3ad0e50a-ecf9-4f5c-95e2-1db498585dc0","local_time":"20190505223514","is_ascension_mode":true,"campfire_choices":[{"data":"Neutralize","floor":8.0,"key":"SMITH"},{"data":"Survivor","floor":10.0,"key":"SMITH"},{"data":"Envenom","floor":12.0,"key":"SMITH"},{"data":"Dash","floor":15.0,"key":"SMITH"},{"floor":23.0,"key":"REST"},{"floor":29.0,"key":"REST"},{"floor":32.0,"key":"REST"},{"data":"Bouncing Flask","floor":42.0,"key":"SMITH"},{"floor":49.0,"key":"REST"}],"neow_cost":"NONE","seed_source_timestamp":1596813812058072,"circlet_count":0,"master_deck":["AscendersBane","Defend_G","Defend_G","Defend_G","Defend_G","Strike_G","Strike_G","Strike_G","Survivor+1","Neutralize+1","Crippling Poison+1","Envenom+1","Dash+1","Endless Agony","Envenom","Poisoned Stab","Flying Knee+1","PiercingWail","Flash of Steel","Bouncing Flask+1","Glass Knife","Flash of Steel+1","Envenom+1","Bane","Endless Agony+1"],"special_seed":0,"relics":["Ring of the Snake","NeowsBlessing","Snake Skull","Vajra","Mercury Hourglass","PreservedInsect","Potion Belt","The Specimen","Bird Faced Urn","Black Star","Blood Vial","Oddly Smooth Stone","Tiny Chest","Pear","Pen Nib","WingedGreaves","Red Mask","Anchor","Busted Crown","Meat on the Bone","Old Coin","Bag of Preparation","Turnip","Darkstone Periapt","Strawberry","DollysMirror","Singing Bowl","Prayer Wheel"],"potions_floor_usage":[50,50],"damage_taken":[{"damage":0.0,"enemies":"Jaw Worm","floor":1.0,"turns":1.0},{"damage":0.0,"enemies":"3 Sentries","floor":6.0,"turns":2.0},{"damage":0.0,"enemies":"Gremlin Nob","floor":11.0,"turns":1.0},{"damage":6.0,"enemies":"2 Louse","floor":13.0,"turns":2.0},{"damage":14.0,"enemies":"Lagavulin","floor":14.0,"turns":7.0},{"damage":41.0,"enemies":"Slime Boss","floor":16.0,"turns":9.0},{"damage":16.0,"enemies":"Spheric Guardian","floor":18.0,"turns":6.0},{"damage":17.0,"enemies":"Shell Parasite","floor":19.0,"turns":5.0},{"damage":28.0,"enemies":"Sentry and Sphere","floor":21.0,"turns":6.0},{"damage":1.0,"enemies":"Gremlin Leader","floor":24.0,"turns":5.0},{"damage":16.0,"enemies":"Snake Plant","floor":25.0,"turns":4.0},{"damage":14.0,"enemies":"Slavers","floor":27.0,"turns":3.0},{"damage":21.0,"enemies":"Masked Bandits","floor":28.0,"turns":4.0},{"damage":1.0,"enemies":"Snecko","floor":31.0,"turns":3.0},{"damage":42.0,"enemies":"Collector","floor":33.0,"turns":7.0},{"damage":6.0,"enemies":"3 Shapes","floor":35.0,"turns":4.0},{"damage":24.0,"enemies":"Reptomancer","floor":40.0,"turns":4.0},{"damage":21.0,"enemies":"Nemesis","floor":41.0,"turns":5.0},{"damage":27.0,"enemies":"Reptomancer","floor":45.0,"turns":4.0},{"damage":2.0,"enemies":"Orb Walker","floor":46.0,"turns":3.0},{"damage":3.0,"enemies":"Sphere and 2 Shapes","floor":47.0,"turns":5.0},{"damage":95,"enemies":"Awakened One","floor":50,"turns":11}],"seed_played":"8123804742238355808","potions_obtained":[{"floor":1.0,"key":"Dexterity Potion"},{"floor":14.0,"key":"Regen Potion"},{"floor":16.0,"key":"PowerPotion"},{"floor":18.0,"key":"Dexterity Potion"},{"floor":25.0,"key":"Strength Potion"},{"floor":28.0,"key":"GamblersBrew"},{"floor":45.0,"key":"SteroidPotion"},{"floor":47.0,"key":"FearPotion"}],"is_trial":false,"path_per_floor":["M","?","$","?","?","E","T","R","T","R","E","R","M","E","R","B",null,"M","M","?","M","?","R","E","M","T","E","?","R","$","M","R","B",null,"M","?","$","$","?","E","E","R","T","$","E","M","M","?","R","B",null],"character_chosen":"THE_SILENT","items_purchased":["Snake Skull","Anchor","Flash of Steel","Bouncing Flask","Flash of Steel","Strawberry","DollysMirror","Bane","SkillPotion"],"campfire_rested":4,"item_purchase_floors":[3,30,30,30,44,44,44,44,44],"current_hp_per_floor":[63,63,63,60,60,60,60,60,60,60,60,60,54,40,40,13,56,44,31,31,5,5,26,29,17,27,19,2,26,26,29,53,17,64,64,64,64,64,64,46,43,43,43,50,45,55,60,60,88,13],"gold":9,"neow_bonus":"THREE_ENEMY_KILL","is_prod":false,"is_daily":false,"chose_seed":false,"campfire_upgraded":5,"win_rate":0,"timestamp":1557088514,"path_taken":["M","?","$","?","?","E","?","R","T","R","E","R","M","E","R","BOSS","M","M","?","M","?","R","E","M","T","E","?","R","$","?","R","BOSS","M","?","$","$","?","E","E","R","T","$","E","?","M","?","R","BOSS"],"build_version":"2019-01-23","purchased_purges":4,"victory":true,"max_hp_per_floor":[70,70,70,70,70,70,70,70,70,70,70,70,70,70,70,70,70,70,70,70,70,70,70,70,70,80,80,80,80,80,80,80,80,80,80,80,80,80,80,80,80,80,80,87,89,93,95,95,95,95],"card_choices":[{"not_picked":["Skewer","Backstab"],"picked":"Crippling Poison","floor":1.0},{"not_picked":["Expertise","Storm of Steel","Outmaneuver"],"picked":"SKIP","floor":6.0},{"not_picked":["Catalyst","Outmaneuver"],"picked":"Envenom","floor":11.0},{"not_picked":["Prepared","Deadly Poison"],"picked":"Dash","floor":13.0},{"not_picked":["Flying Knee","Setup"],"picked":"Endless Agony","floor":14.0},{"not_picked":["Unload","After Image"],"picked":"Envenom","floor":16.0},{"not_picked":["Deadly Poison","Dagger Throw","Eviscerate"],"picked":"SKIP","floor":18.0},{"not_picked":["Dash","Flying Knee+1"],"picked":"Poisoned Stab","floor":19.0},{"not_picked":["Riddle With Holes","Dodge and Roll+1","Acrobatics"],"picked":"SKIP","floor":21.0},{"not_picked":["Outmaneuver+1","Envenom","Heel Hook"],"picked":"SKIP","floor":24.0},{"not_picked":["Dagger Throw","Caltrops"],"picked":"Flying Knee+1","floor":25.0},{"not_picked":["Deadly Poison","Underhanded Strike"],"picked":"PiercingWail","floor":27.0},{"not_picked":["Reflex","Setup"],"picked":"Concentrate+1","floor":31.0},{"not_picked":["Storm of Steel","Wraith Form v2"],"picked":"Glass Knife","floor":33.0},{"not_picked":["Choke"],"picked":"SKIP","floor":35.0},{"not_picked":["Phantasmal Killer"],"picked":"SKIP","floor":40.0},{"not_picked":["Calculated Gamble+1"],"picked":"SKIP","floor":41.0},{"not_picked":["Flechettes+1"],"picked":"Singing Bowl","floor":45.0},{"not_picked":["Accuracy"],"picked":"Singing Bowl","floor":46.0},{"not_picked":["Underhanded Strike+1"],"picked":"Singing Bowl","floor":46.0},{"not_picked":[],"picked":"Endless Agony+1","floor":47.0},{"not_picked":["Skewer"],"picked":"Singing Bowl","floor":47.0}],"player_experience":247355,"relics_obtained":[{"floor":6.0,"key":"Mercury Hourglass"},{"floor":7.0,"key":"PreservedInsect"},{"floor":9.0,"key":"Potion Belt"},{"floor":11.0,"key":"The Specimen"},{"floor":14.0,"key":"Bird Faced Urn"},{"floor":24.0,"key":"Oddly Smooth Stone"},{"floor":24.0,"key":"Tiny Chest"},{"floor":26.0,"key":"Pear"},{"floor":27.0,"key":"Pen Nib"},{"floor":27.0,"key":"WingedGreaves"},{"floor":28.0,"key":"Red Mask"},{"floor":40.0,"key":"Meat on the Bone"},{"floor":40.0,"key":"Old Coin"},{"floor":41.0,"key":"Bag of Preparation"},{"floor":41.0,"key":"Turnip"},{"floor":43.0,"key":"Darkstone Periapt"},{"floor":45.0,"key":"Singing Bowl"},{"floor":45.0,"key":"Prayer Wheel"}],"event_choices":[{"damage_healed":0.0,"max_hp_gain":0.0,"max_hp_loss":0.0,"gold_gain":175.0,"event_name":"Liars Game","player_choice":"AGREE","floor":2.0,"gold_loss":0.0,"damage_taken":0.0,"cards_obtained":["Doubt"]},{"damage_healed":0.0,"max_hp_gain":0.0,"max_hp_loss":0.0,"gold_gain":0.0,"event_name":"Scrap Ooze","player_choice":"Success","floor":4.0,"gold_loss":0.0,"damage_taken":3.0,"relics_obtained":["Vajra"]},{"damage_healed":0.0,"max_hp_gain":0.0,"max_hp_loss":0.0,"gold_gain":0.0,"event_name":"Living Wall","player_choice":"Grow","floor":5.0,"gold_loss":0.0,"damage_taken":0.0,"cards_upgraded":["Crippling Poison"]},{"damage_healed":0.0,"max_hp_gain":0.0,"max_hp_loss":0.0,"gold_gain":0.0,"event_name":"Cursed Tome","player_choice":"Ignored","floor":20.0,"gold_loss":0.0,"damage_taken":0.0},{"damage_healed":0.0,"max_hp_gain":0.0,"max_hp_loss":0.0,"gold_gain":0.0,"event_name":"Addict","player_choice":"Obtained Relic","floor":22.0,"gold_loss":85.0,"damage_taken":0.0,"relics_obtained":["Blood Vial"]},{"damage_healed":0.0,"max_hp_gain":0.0,"max_hp_loss":0.0,"gold_gain":0.0,"event_name":"Masked Bandits","player_choice":"Fought Bandits","floor":28.0,"gold_loss":0.0,"damage_taken":0.0},{"damage_healed":0.0,"max_hp_gain":0.0,"max_hp_loss":0.0,"gold_gain":222.0,"event_name":"Tomb of Lord Red Mask","player_choice":"Wore Mask","floor":36.0,"gold_loss":0.0,"damage_taken":0.0},{"damage_healed":0.0,"max_hp_gain":0.0,"max_hp_loss":0.0,"gold_gain":100.0,"event_name":"Golden Shrine","player_choice":"Pray","floor":39.0,"gold_loss":0.0,"damage_taken":0.0},{"cards_removed":["Concentrate"],"damage_healed":0.0,"max_hp_gain":0.0,"max_hp_loss":0.0,"gold_gain":0.0,"event_name":"Designer","player_choice":"Upgrade and Remove","floor":48.0,"gold_loss":90.0,"damage_taken":0.0,"cards_upgraded":["Flash of Steel"]}],"is_beta":false,"boss_relics":[{"not_picked":["Lizard Tail","Snecko Eye"],"picked":"Black Star"},{"not_picked":["Velvet Choker","Eternal Feather"],"picked":"Busted Crown"}],"items_purged_floors":[3,30,37,38],"is_endless":false,"potions_floor_spawned":[1,14,16,18,25,28,45,47],"ascension_level":11}