{"gold_per_floor":[11,86,86,101,101,101,126,141,141,169,169,187,200,230,230,306,306,322,372,391,391],"floor_reached":21,"playtime":883,"items_purged":[],"score":548,"play_id":"e57a2d47-6969-4203-b1cc-9c3f6a8e7518","local_time":"20190603233434","is_ascension_mode":true,"campfire_choices":[{"data":"Rampage","floor":6,"key":"SMITH"},{"data":"Bash","floor":11,"key":"SMITH"},{"floor":15,"key":"REST"}],"neow_cost":"NO_GOLD","seed_source_timestamp":5801433866033,"circlet_count":0,"master_deck":["AscendersBane","Strike_R+1","Strike_R","Strike_R+1","Strike_R","Strike_R","Defend_R","Defend_R","Defend_R","Defend_R","Bash+1","Double Tap","Rampage+1","True Grit","Seeing Red+1"],"relics":["Burning Blood","FossilizedHelix","Girya","StoneCalendar","Toxic Egg 2","Whetstone","Busted Crown"],"potions_floor_usage":[7,7,7,10,14,14,18],"damage_taken":[{"damage":4,"enemies":"Small Slimes","floor":1,"turns":4},{"damage":3,"enemies":"2 Louse","floor":4,"turns":4},{"damage":20,"enemies":"Lagavulin","floor":7,"turns":6},{"damage":0,"enemies":"Cultist","floor":8,"turns":3},{"damage":12,"enemies":"3 Sentries","floor":10,"turns":7},{"damage":6,"enemies":"Looter","floor":12,"turns":3},{"damage":16,"enemies":"Lots of Slimes","floor":13,"turns":7},{"damage":0,"enemies":"Lagavulin","floor":14,"turns":5},{"damage":0,"enemies":"Slime Boss","floor":16,"turns":7},{"damage":18,"enemies":"2 Thieves","floor":18,"turns":5},{"damage":41,"enemies":"Spheric Guardian","floor":20,"turns":6},{"damage":23,"enemies":"3 Cultists","floor":21,"turns":3}],"seed_played":"-2628222275678103753","potions_obtained":[{"floor":5,"key":"EntropicBrew"},{"floor":5,"key":"Strength Potion"},{"floor":7,"key":"Dexterity Potion"},{"floor":8,"key":"FearPotion"},{"floor":13,"key":"AttackPotion"},{"floor":16,"key":"FearPotion"}],"is_trial":false,"path_per_floor":["M","?","?","M","?","R","E","M","T","E","R","M","M","E","R","B",null,"M","?","M","M"],"character_chosen":"IRONCLAD","items_purchased":[],"campfire_rested":1,"item_purchase_floors":[],"current_hp_per_floor":[70,59,41,44,44,44,30,36,36,30,30,30,20,26,48,54,70,58,58,23,0],"gold":391,"neow_bonus":"THREE_RARE_CARDS","is_prod":false,"is_daily":false,"chose_seed":false,"campfire_upgraded":2,"win_rate":0,"timestamp":1559597674,"path_taken":["M","?","?","M","?","R","E","?","T","E","R","M","M","E","R","BOSS","M","?","M","M"],"build_version":"2019-01-23","purchased_purges":0,"victory":false,"max_hp_per_floor":[75,75,75,75,75,75,75,75,75,75,75,75,75,75,75,75,75,75,75,75,75],"card_choices":[{"not_picked":["Exhume","Brutality"],"picked":"Double Tap","floor":0},{"not_picked":["Headbutt","Twin Strike"],"picked":"Rampage","floor":1},{"not_picked":["Flex","Armaments","Hemokinesis"],"picked":"SKIP","floor":4},{"not_picked":["Combust","Power Through"],"picked":"True Grit","floor":7},{"not_picked":["Spot Weakness","Wild Strike","Shockwave"],"picked":"SKIP","floor":8},{"not_picked":["Shockwave","Power Through","Exhume"],"picked":"SKIP","floor":10},{"not_picked":["Cleave","Combust","Clothesline"],"picked":"SKIP","floor":12},{"not_picked":["Spot Weakness+1","Havoc+1","Perfected Strike"],"picked":"SKIP","floor":13},{"not_picked":["Perfected Strike","Body Slam"],"picked":"Seeing Red+1","floor":14},{"not_picked":["Cleave"],"picked":"SKIP","floor":18},{"not_picked":["Havoc+1"],"picked":"SKIP","floor":20}],"player_experience":517469,"relics_obtained":[{"floor":7,"key":"Girya"},{"floor":9,"key":"StoneCalendar"},{"floor":10,"key":"Toxic Egg 2"},{"floor":14,"key":"Whetstone"}],"event_choices":[{"damage_healed":0,"gold_gain":75,"player_choice":"Gather Gold","damage_taken":11,"max_hp_gain":0,"max_hp_loss":0,"event_name":"World of Goop","floor":2,"gold_loss":0},{"damage_healed":0,"gold_gain":0,"player_choice":"Success","damage_taken":18,"relics_obtained":["FossilizedHelix"],"max_hp_gain":0,"max_hp_loss":0,"event_name":"Scrap Ooze","floor":3,"gold_loss":0},{"damage_healed":0,"gold_gain":0,"player_choice":"Got Potions","damage_taken":0,"max_hp_gain":0,"max_hp_loss":0,"event_name":"Lab","floor":5,"gold_loss":0},{"damage_healed":0,"gold_gain":50,"player_choice":"Pray","damage_taken":0,"max_hp_gain":0,"max_hp_loss":0,"event_name":"Golden Shrine","floor":19,"gold_loss":0}],"is_beta":false,"boss_relics":[{"not_picked":["Tiny House","Mark of Pain"],"picked":"Busted Crown"}],"items_purged_floors":[],"is_endless":false,"potions_floor_spawned":[7,8,13,16],"killed_by":"3 Cultists","ascension_level":20}