{"gold_per_floor":[112,112,27,38,49,78,91,91,116,135,135,94,94,110,110,188,188,206,306,221,2,2,35,35,35,35,35,0,29,29,39,39,39],"floor_reached":33,"playtime":1354,"items_purged":["Strike_R"],"score":562,"play_id":"8963eaad-4c7a-4e1c-8021-1ceb52d8c43f","local_time":"20190524202732","is_ascension_mode":true,"campfire_choices":[{"data":"Sword Boomerang","floor":11.0,"key":"SMITH"},{"data":"Disarm","floor":13.0,"key":"SMITH"},{"data":"True Grit","floor":15.0,"key":"SMITH"},{"floor":24.0,"key":"REST"},{"floor":27.0,"key":"REST"},{"floor":30,"key":"REST"},{"data":"Inflame","floor":32,"key":"SMITH"}],"neow_cost":"NONE","seed_source_timestamp":613061318599636,"circlet_count":0,"master_deck":["AscendersBane","Strike_R","Strike_R","Strike_R+1","Strike_R","Defend_R","Defend_R","Defend_R","Defend_R","Bash+1","Inflame+1","Clothesline","Feed","Spot Weakness","Sword Boomerang+1","Disarm+1","True Grit+1","Reaper","Armaments+1","Sentinel+1","Pummel+1","Reaper","Iron Wave+1"],"special_seed":0,"relics":["Burning Blood","Vajra","Omamori","Velvet Choker","Peace Pipe","Blue Candle","Smiling Mask","Orichalcum","Mummified Hand","Bag of Preparation","Dream Catcher","Pantograph"],"potions_floor_usage":[33,33],"damage_taken":[{"damage":10.0,"enemies":"Small Slimes","floor":1.0,"turns":4.0},{"damage":1.0,"enemies":"Cultist","floor":4.0,"turns":3.0},{"damage":0.0,"enemies":"2 Louse","floor":5.0,"turns":3.0},{"damage":30.0,"enemies":"Lagavulin","floor":6.0,"turns":7.0},{"damage":3.0,"enemies":"Looter","floor":7.0,"turns":4.0},{"damage":12.0,"enemies":"Exordium Wildlife","floor":10.0,"turns":3.0},{"damage":26.0,"enemies":"Large Slime","floor":14.0,"turns":5.0},{"damage":39.0,"enemies":"The Guardian","floor":16.0,"turns":13.0},{"damage":21.0,"enemies":"Chosen","floor":18.0,"turns":4.0},{"damage":45.0,"enemies":"Colosseum Slavers","floor":19.0,"turns":5.0},{"damage":42.0,"enemies":"Colosseum Nobs","floor":19.0,"turns":4.0},{"damage":35.0,"enemies":"Book of Stabbing","floor":23.0,"turns":5.0},{"damage":34,"enemies":"Gremlin Leader","floor":29,"turns":9},{"damage":19,"enemies":"3 Byrds","floor":31,"turns":5},{"damage":135,"enemies":"Automaton","floor":33,"turns":10}],"seed_played":"-6334054555702470884","potions_obtained":[{"floor":4.0,"key":"Regen Potion"},{"floor":5.0,"key":"FairyPotion"},{"floor":10.0,"key":"Fire Potion"},{"floor":16.0,"key":"SpeedPotion"},{"floor":23.0,"key":"SteroidPotion"},{"floor":31,"key":"SteroidPotion"}],"is_trial":false,"path_per_floor":["M","?","$","M","M","E","M","?","T","M","R","$","R","M","R","B",null,"M","?","?","$","T","E","R","$","T","R","?","E","R","M","R","B"],"character_chosen":"IRONCLAD","items_purchased":["Inflame","Disarm","Orichalcum"],"campfire_rested":3,"item_purchase_floors":[3,12,21],"current_hp_per_floor":[64,64,64,69,75,60,63,63,63,60,60,60,60,40,40,10,63,51,20,20,20,20,10,37,37,37,64,64,49,76,94,94,0],"gold":39,"neow_bonus":"UPGRADE_CARD","is_prod":false,"is_daily":false,"chose_seed":false,"campfire_upgraded":4,"win_rate":0,"timestamp":1558722452,"path_taken":["M","?","$","?","M","E","M","?","T","M","R","?","R","M","R","BOSS","M","?","?","$","?","E","R","$","T","R","?","E","R","M","R","BOSS"],"build_version":"2019-01-23","purchased_purges":1,"victory":false,"max_hp_per_floor":[75,75,75,75,75,75,75,75,75,78,78,78,78,78,78,81,81,84,90,90,90,90,90,90,90,90,90,90,90,90,94,94,94],"card_choices":[{"not_picked":["Heavy Blade","Thunderclap","Bloodletting"],"picked":"SKIP","floor":1.0},{"not_picked":["Warcry","Clash"],"picked":"Infernal Blade","floor":4.0},{"not_picked":["Body Slam","Armaments"],"picked":"Clothesline","floor":5.0},{"not_picked":["Entrench","Havoc"],"picked":"Feed","floor":6.0},{"not_picked":["Carnage","Anger"],"picked":"Spot Weakness","floor":7.0},{"not_picked":["Twin Strike","Entrench"],"picked":"Sword Boomerang","floor":10.0},{"not_picked":["Havoc","Thunderclap"],"picked":"True Grit","floor":14.0},{"not_picked":["Demon Form","Limit Break"],"picked":"Reaper","floor":16.0},{"not_picked":["Dropkick","Body Slam","Flex"],"picked":"SKIP","floor":18.0},{"not_picked":["Dropkick","Body Slam","Flex"],"picked":"SKIP","floor":18.0},{"not_picked":["Pommel Strike","Seeing Red"],"picked":"Armaments+1","floor":19.0},{"not_picked":["Infernal Blade","Twin Strike"],"picked":"Sentinel+1","floor":23.0},{"not_picked":["Headbutt","Wild Strike+1"],"picked":"Pummel+1","floor":27.0},{"not_picked":["Clash","Second Wind"],"picked":"Reaper","floor":29},{"not_picked":["Perfected Strike","Havoc"],"picked":"Iron Wave+1","floor":31}],"player_experience":386029,"relics_obtained":[{"floor":6.0,"key":"Vajra"},{"floor":9.0,"key":"Omamori"},{"floor":19.0,"key":"Peace Pipe"},{"floor":19.0,"key":"Blue Candle"},{"floor":22.0,"key":"Mummified Hand"},{"floor":23.0,"key":"Bag of Preparation"},{"floor":26.0,"key":"Dream Catcher"},{"floor":29,"key":"Pantograph"}],"event_choices":[{"damage_healed":0.0,"max_hp_gain":0.0,"max_hp_loss":0.0,"gold_gain":0.0,"event_name":"Upgrade Shrine","player_choice":"Upgraded","floor":2.0,"gold_loss":0.0,"damage_taken":0.0,"cards_upgraded":["Strike_R"]},{"cards_removed":["Infernal Blade"],"damage_healed":0.0,"max_hp_gain":0.0,"max_hp_loss":0.0,"gold_gain":0.0,"event_name":"Purifier","player_choice":"Purged","floor":8.0,"gold_loss":0.0,"damage_taken":0.0},{"damage_healed":0.0,"max_hp_gain":0.0,"max_hp_loss":0.0,"gold_gain":0.0,"event_name":"Colosseum","player_choice":"Fight","floor":19.0,"gold_loss":0.0,"damage_taken":0.0},{"damage_healed":0.0,"max_hp_gain":0.0,"max_hp_loss":0.0,"gold_gain":0.0,"event_name":"Colosseum","player_choice":"Fought Nobs","floor":19.0,"gold_loss":0.0,"damage_taken":0.0},{"damage_healed":0.0,"max_hp_gain":0.0,"max_hp_loss":0.0,"gold_gain":0.0,"event_name":"Addict","player_choice":"Obtained Relic","floor":20.0,"gold_loss":85.0,"damage_taken":0.0,"relics_obtained":["Smiling Mask"]},{"damage_healed":0.0,"max_hp_gain":0.0,"max_hp_loss":0.0,"gold_gain":0.0,"event_name":"Masked Bandits","player_choice":"Paid Fearfully","floor":28.0,"gold_loss":35.0,"damage_taken":0.0}],"is_beta":false,"boss_relics":[{"not_picked":["Coffee Dripper","Fusion Hammer"],"picked":"Velvet Choker"}],"items_purged_floors":[21],"is_endless":false,"potions_floor_spawned":[4,5,10,16,23,31],"killed_by":"Automaton","ascension_level":20}