{"gold_per_floor":[118,129,37,37,37,80,80,116,116,116,116,116,140,32,32,155,155,168,93,106,106,126,126],"floor_reached":23,"playtime":868,"items_purged":[],"score":289,"play_id":"9cd3df90-7528-4a7e-95c7-1619d04d28ae","local_time":"20190315184031","is_ascension_mode":true,"campfire_choices":[{"data":"Sucker Punch","floor":7.0,"key":"SMITH"},{"floor":10.0,"key":"REST"},{"data":"Deadly Poison","floor":12.0,"key":"SMITH"},{"data":"Neutralize","floor":15.0,"key":"SMITH"}],"neow_cost":"NONE","seed_source_timestamp":114345141312273,"circlet_count":0,"master_deck":["Defend_G","Defend_G","Defend_G","Strike_G","Strike_G","Strike_G","Strike_G","Survivor","Neutralize+1","Sucker Punch+1","Deadly Poison+1","Blind","Leg Sweep","Blur","Footwork+1","Footwork+1","Terror+1","Adrenaline+1","Leg Sweep+1","Deadly Poison+1","Caltrops+1","Burst+1","Night Terror+1","Noxious Fumes+1"],"special_seed":0,"relics":["Ring of the Snake","NeowsBlessing","Golden Idol","Frozen Egg 2","Centennial Puzzle","Toxic Egg 2","FaceOfCleric","Philosopher\u0027s Stone"],"potions_floor_usage":[18,23,23],"damage_taken":[{"damage":0.0,"enemies":"Jaw Worm","floor":1.0,"turns":1.0},{"damage":0.0,"enemies":"Small Slimes","floor":2.0,"turns":1.0},{"damage":0.0,"enemies":"Gremlin Nob","floor":6.0,"turns":1.0},{"damage":30.0,"enemies":"Lagavulin","floor":8.0,"turns":11.0},{"damage":0.0,"enemies":"2 Louse","floor":13.0,"turns":3.0},{"damage":27,"enemies":"Slime Boss","floor":16,"turns":20},{"damage":8,"enemies":"3 Byrds","floor":18,"turns":3},{"damage":10,"enemies":"2 Thieves","floor":19,"turns":5},{"damage":6,"enemies":"Snake Plant","floor":20,"turns":5},{"damage":19,"enemies":"Shelled Parasite and Fungi","floor":22,"turns":5},{"damage":25,"enemies":"Slavers","floor":23,"turns":1}],"seed_played":"-2149527941230586360","potions_obtained":[{"floor":6.0,"key":"GhostInAJar"},{"floor":8.0,"key":"LiquidBronze"},{"floor":16,"key":"Ancient Potion"},{"floor":20,"key":"FearPotion"}],"is_trial":false,"path_per_floor":["M","M","$","?","?","E","R","E","T","R","?","R","M","$","R","B",null,"M","M","M","?","M","E"],"character_chosen":"THE_SILENT","items_purchased":["Blind","Footwork+1","Terror+1"],"campfire_rested":1,"item_purchase_floors":[3,14,14],"current_hp_per_floor":[63,63,63,46,39,39,39,9,9,30,30,30,31,31,31,5,55,48,39,34,34,16,0],"gold":126,"neow_bonus":"THREE_ENEMY_KILL","is_prod":false,"is_daily":false,"chose_seed":false,"campfire_upgraded":3,"win_rate":0,"timestamp":1552671631,"path_taken":["M","M","$","?","?","E","R","E","T","R","?","R","?","$","R","BOSS","M","?","M","?","M","E"],"build_version":"2019-01-23","purchased_purges":0,"victory":false,"max_hp_per_floor":[70,70,70,70,70,70,70,70,70,70,70,70,71,71,71,72,72,73,74,75,75,76,76],"card_choices":[{"not_picked":["Prepared","Expertise"],"picked":"Sucker Punch","floor":1.0},{"not_picked":["Underhanded Strike","Concentrate"],"picked":"Deadly Poison","floor":2.0},{"not_picked":["PiercingWail","Riddle With Holes"],"picked":"Leg Sweep","floor":6.0},{"not_picked":["Dodge and Roll","Outmaneuver"],"picked":"Blur","floor":8.0},{"not_picked":["Blade Dance+1","Dagger Throw"],"picked":"Footwork+1","floor":13.0},{"not_picked":["Night Terror+1","Die Die Die"],"picked":"Adrenaline+1","floor":16},{"not_picked":["Dodge and Roll+1","Setup+1"],"picked":"Leg Sweep+1","floor":18},{"not_picked":["Quick Slash","Bane+1"],"picked":"Deadly Poison+1","floor":19},{"not_picked":["Tactician+1","Backflip+1"],"picked":"Caltrops+1","floor":20},{"not_picked":["Outmaneuver+1","Well Laid Plans+1"],"picked":"Noxious Fumes+1","floor":22}],"player_experience":101090,"relics_obtained":[{"floor":6.0,"key":"Frozen Egg 2"},{"floor":8.0,"key":"Centennial Puzzle"},{"floor":9.0,"key":"Toxic Egg 2"}],"event_choices":[{"damage_healed":0.0,"max_hp_gain":0.0,"max_hp_loss":0.0,"gold_gain":0.0,"event_name":"Golden Idol","player_choice":"Take Damage","floor":4.0,"gold_loss":0.0,"damage_taken":17.0,"relics_obtained":["Golden Idol"]},{"cards_removed":["Strike_G"],"damage_healed":0.0,"max_hp_gain":0.0,"max_hp_loss":0.0,"gold_gain":0.0,"event_name":"Golden Wing","player_choice":"Card Removal","floor":5.0,"gold_loss":0.0,"damage_taken":7.0},{"damage_healed":0.0,"max_hp_gain":0.0,"max_hp_loss":0.0,"gold_gain":0.0,"event_name":"FaceTrader","player_choice":"Trade","floor":11.0,"gold_loss":0.0,"damage_taken":0.0,"relics_obtained":["FaceOfCleric"]},{"damage_healed":0,"gold_gain":0,"cards_transformed":["Defend_G","Defend_G"],"player_choice":"Became Test Subject","damage_taken":0,"max_hp_gain":0,"max_hp_loss":0,"event_name":"Drug Dealer","floor":21,"gold_loss":0,"cards_obtained":["Burst","Night Terror"]}],"is_beta":false,"boss_relics":[{"not_picked":["Runic Pyramid","HoveringKite"],"picked":"Philosopher\u0027s Stone"}],"items_purged_floors":[],"is_endless":false,"potions_floor_spawned":[6,8,16,20],"killed_by":"Slavers","ascension_level":6}