{"gold_per_floor":[109,109,123,142,156,156,192,35,35,79,79,119,131,167,179,191],"floor_reached":16,"playtime":931,"items_purged":["Strike_R"],"score":120,"play_id":"aa496a3b-1c75-4264-94cb-b92e7820029e","local_time":"20190528200015","is_ascension_mode":false,"campfire_choices":[{"data":"Uppercut","floor":6,"key":"SMITH"},{"data":"Trip","floor":13,"key":"SMITH"},{"data":"Flame Barrier","floor":15,"key":"SMITH"}],"neow_cost":"","seed_source_timestamp":818893925828952,"circlet_count":0,"master_deck":["Strike_R","Strike_R","Strike_R","Strike_R","Defend_R","Defend_R","Defend_R","Defend_R","Bash","Battle Trance","Thunderclap","Dual Wield","Uppercut+1","Cleave","Trip+1","Regret","Flame Barrier+1","Shrug It Off"],"relics":["Burning Blood","Golden Idol","Mercury Hourglass","Bottled Flame","Matryoshka","Thread and Needle","MawBank"],"potions_floor_usage":[7,10,12,16],"damage_taken":[{"damage":8,"enemies":"2 Louse","floor":1,"turns":3},{"damage":5,"enemies":"Jaw Worm","floor":3,"turns":4},{"damage":6,"enemies":"Cultist","floor":4,"turns":3},{"damage":10,"enemies":"Looter","floor":5,"turns":3},{"damage":10,"enemies":"Gremlin Nob","floor":7,"turns":3},{"damage":6,"enemies":"3 Sentries","floor":10,"turns":5},{"damage":5,"enemies":"Gremlin Nob","floor":12,"turns":3},{"damage":4,"enemies":"Lots of Slimes","floor":14,"turns":3},{"damage":71,"enemies":"The Guardian","floor":16,"turns":15}],"seed_played":"2503653803763738574","potions_obtained":[{"floor":3,"key":"Fire Potion"},{"floor":4,"key":"EssenceOfSteel"},{"floor":5,"key":"Poison Potion"},{"floor":7,"key":"PowerPotion"},{"floor":14,"key":"FearPotion"}],"is_trial":false,"path_per_floor":["M","?","M","M","M","R","E","$","T","E","?","E","R","M","R","B"],"character_chosen":"IRONCLAD","items_purchased":["Trip"],"campfire_rested":0,"item_purchase_floors":[8],"current_hp_per_floor":[78,74,74,74,70,70,66,66,66,66,66,67,67,69,69,0],"gold":191,"neow_bonus":"","is_prod":false,"is_daily":false,"chose_seed":false,"campfire_upgraded":3,"win_rate":0.0,"timestamp":1559091615,"path_taken":["M","?","M","M","M","R","E","$","T","E","?","E","R","M","R","BOSS"],"build_version":"2019-01-23","purchased_purges":1,"victory":false,"max_hp_per_floor":[80,74,74,74,74,74,74,74,74,74,74,74,74,74,74,74],"card_choices":[{"not_picked":["Body Slam","Cleave"],"picked":"Battle Trance","floor":1},{"not_picked":["Rupture","True Grit"],"picked":"Thunderclap","floor":3},{"not_picked":["Thunderclap","Headbutt"],"picked":"Dual Wield","floor":4},{"not_picked":["Body Slam","Battle Trance"],"picked":"Uppercut","floor":5},{"not_picked":["Warcry","Searing Blow"],"picked":"Cleave","floor":7},{"not_picked":["Battle Trance","Uppercut","Body Slam"],"picked":"SKIP","floor":10},{"not_picked":["Reaper","Thunderclap"],"picked":"Flame Barrier","floor":12},{"not_picked":["Flex","Armaments"],"picked":"Shrug It Off","floor":14}],"player_experience":0,"relics_obtained":[{"floor":7,"key":"Mercury Hourglass"},{"floor":9,"key":"Bottled Flame"},{"floor":10,"key":"Matryoshka"},{"floor":12,"key":"MawBank"}],"event_choices":[{"damage_healed":0,"gold_gain":0,"player_choice":"Lose Max HP","damage_taken":0,"relics_obtained":["Golden Idol"],"max_hp_gain":0,"max_hp_loss":6,"event_name":"Golden Idol","floor":2,"gold_loss":0},{"damage_healed":0,"gold_gain":0,"player_choice":"Box","damage_taken":0,"relics_obtained":["Thread and Needle"],"max_hp_gain":0,"max_hp_loss":0,"event_name":"Big Fish","floor":11,"gold_loss":0,"cards_obtained":["Regret"]}],"is_beta":false,"boss_relics":[],"items_purged_floors":[8],"is_endless":false,"potions_floor_spawned":[3,4,5,7,14],"killed_by":"The Guardian","ascension_level":0}