{"gold_per_floor":[113,113,113,63,93,117,117,151,177,177,213,213,237,252,252,252],"floor_reached":16,"playtime":500,"items_purged":[],"score":184,"play_id":"a7477af3-7ccc-4869-9e24-77e218f008b3","local_time":"20190516221519","is_ascension_mode":true,"campfire_choices":[{"data":"Bane","floor":7,"key":"SMITH"},{"floor":10,"key":"REST"},{"floor":15,"key":"REST"}],"neow_cost":"NONE","seed_source_timestamp":110235805784457,"circlet_count":0,"master_deck":["AscendersBane","Defend_G","Defend_G","Defend_G","Defend_G","Defend_G","Strike_G","Strike_G","Strike_G","Survivor","Neutralize","Noxious Fumes","Regret","Bane+1","Bane","Blur","PiercingWail","Dash"],"relics":["Ring of the Snake","Strawberry","Golden Idol","Tiny Chest","Mummified Hand","Bag of Marbles","Tingsha"],"potions_floor_usage":[11],"damage_taken":[{"damage":5,"enemies":"Cultist","floor":1,"turns":5},{"damage":12,"enemies":"2 Louse","floor":6,"turns":4},{"damage":34,"enemies":"Lagavulin","floor":8,"turns":9},{"damage":30,"enemies":"3 Sentries","floor":11,"turns":8},{"damage":2,"enemies":"Small Slimes","floor":13,"turns":3},{"damage":2,"enemies":"2 Fungi Beasts","floor":14,"turns":3},{"damage":28,"enemies":"The Guardian","floor":16,"turns":9}],"seed_played":"5736489327085592175","potions_obtained":[{"floor":6,"key":"FairyPotion"},{"floor":8,"key":"Swift Potion"},{"floor":13,"key":"FearPotion"}],"is_trial":false,"path_per_floor":["M","?","?","?","?","M","R","E","T","R","E","?","M","M","R","B"],"character_chosen":"THE_SILENT","items_purchased":[],"campfire_rested":2,"item_purchase_floors":[],"current_hp_per_floor":[61,61,61,61,61,49,49,15,15,35,5,5,3,1,21,0],"gold":252,"neow_bonus":"RANDOM_COMMON_RELIC","is_prod":false,"is_daily":false,"chose_seed":false,"campfire_upgraded":1,"win_rate":0,"timestamp":1558037719,"path_taken":["M","?","?","?","?","?","R","E","T","R","E","?","M","M","R","BOSS"],"build_version":"2019-01-23","purchased_purges":0,"victory":false,"max_hp_per_floor":[73,68,68,68,68,68,68,68,68,68,68,68,68,68,68,68],"card_choices":[{"not_picked":["Underhanded Strike","Dodge and Roll"],"picked":"Noxious Fumes","floor":1},{"not_picked":["Dagger Spray","Cloak And Dagger"],"picked":"Bane","floor":6},{"not_picked":["Flying Knee","Calculated Gamble"],"picked":"Bane","floor":8},{"not_picked":["Choke","After Image"],"picked":"Blur","floor":11},{"not_picked":["Underhanded Strike","Flechettes"],"picked":"PiercingWail","floor":13},{"not_picked":["Blade Dance","Finisher"],"picked":"Dash","floor":14}],"player_experience":338368,"relics_obtained":[{"floor":8,"key":"Mummified Hand"},{"floor":9,"key":"Bag of Marbles"},{"floor":11,"key":"Tingsha"}],"event_choices":[{"damage_healed":0,"gold_gain":0,"player_choice":"Lose Max HP","damage_taken":0,"relics_obtained":["Golden Idol"],"max_hp_gain":0,"max_hp_loss":5,"event_name":"Golden Idol","floor":2,"gold_loss":0},{"cards_removed":["Strike_G"],"damage_healed":0,"gold_gain":0,"player_choice":"Forget","damage_taken":0,"max_hp_gain":0,"max_hp_loss":0,"event_name":"Living Wall","floor":3,"gold_loss":0},{"cards_removed":["Strike_G"],"damage_healed":0,"gold_gain":0,"player_choice":"Card Removal","damage_taken":0,"max_hp_gain":0,"max_hp_loss":0,"event_name":"The Cleric","floor":4,"gold_loss":50},{"damage_healed":0,"gold_gain":0,"player_choice":"Box","damage_taken":0,"relics_obtained":["Tiny Chest"],"max_hp_gain":0,"max_hp_loss":0,"event_name":"Big Fish","floor":5,"gold_loss":0,"cards_obtained":["Regret"]},{"damage_healed":0,"gold_gain":0,"player_choice":"Ignored","damage_taken":0,"max_hp_gain":0,"max_hp_loss":0,"event_name":"Shining Light","floor":12,"gold_loss":0}],"is_beta":false,"boss_relics":[],"items_purged_floors":[],"is_endless":false,"potions_floor_spawned":[6,8,13],"killed_by":"The Guardian","ascension_level":14}