{"gold_per_floor":[213,213,43,62,62,88,88,100,100,100],"floor_reached":10,"playtime":358,"items_purged":["Strike_G"],"score":132,"play_id":"6836a88c-be89-4e15-804c-df02dacf3451","local_time":"20190630112013","is_ascension_mode":true,"campfire_choices":[{"data":"Noxious Fumes","floor":7,"key":"SMITH"}],"neow_cost":"NONE","seed_source_timestamp":416601715613212,"circlet_count":0,"master_deck":["AscendersBane","Defend_G","Defend_G","Defend_G","Defend_G","Defend_G","Strike_G","Strike_G","Strike_G","Survivor","Neutralize","Noxious Fumes","Quick Slash","Well Laid Plans","Noxious Fumes+1"],"special_seed":0,"relics":["Ring of the Snake","Sundial","Blue Candle","Letter Opener"],"potions_floor_usage":[6],"damage_taken":[{"damage":14,"enemies":"Small Slimes","floor":1,"turns":5},{"damage":0,"enemies":"Cultist","floor":4,"turns":4},{"damage":14,"enemies":"3 Sentries","floor":6,"turns":9},{"damage":6,"enemies":"Jaw Worm","floor":8,"turns":5},{"damage":19,"enemies":"Gremlin Nob","floor":10,"turns":3}],"seed_played":"7217643439117588105","potions_obtained":[{"floor":1,"key":"Energy Potion"}],"is_trial":false,"path_per_floor":["M","?","$","M","?","E","R","M","T","E"],"character_chosen":"THE_SILENT","items_purchased":["Noxious Fumes","Quick Slash"],"campfire_rested":0,"item_purchase_floors":[3,3],"current_hp_per_floor":[45,45,45,45,38,24,24,18,18,0],"gold":100,"neow_bonus":"HUNDRED_GOLD","is_prod":false,"is_daily":false,"chose_seed":false,"campfire_upgraded":1,"win_rate":0,"timestamp":1561886413,"path_taken":["M","?","$","?","?","E","R","M","T","E"],"build_version":"2019-01-23","purchased_purges":1,"victory":false,"max_hp_per_floor":[66,66,66,66,66,66,66,66,66,66],"card_choices":[{"not_picked":["Endless Agony","Catalyst"],"picked":"Sucker Punch","floor":1},{"not_picked":["Cloak And Dagger","Reflex"],"picked":"Well Laid Plans","floor":4},{"not_picked":["Terror","Sucker Punch"],"picked":"Noxious Fumes","floor":6},{"not_picked":["Acrobatics","Heel Hook","Dagger Spray"],"picked":"SKIP","floor":8}],"player_experience":686075,"relics_obtained":[{"floor":6,"key":"Blue Candle"},{"floor":9,"key":"Letter Opener"}],"event_choices":[{"cards_removed":["Sucker Punch"],"damage_healed":0,"gold_gain":0,"player_choice":"Gave Card","damage_taken":0,"relics_obtained":["Sundial"],"max_hp_gain":0,"max_hp_loss":0,"event_name":"WeMeetAgain","floor":2,"gold_loss":0},{"cards_removed":["Strike_G"],"damage_healed":0,"gold_gain":0,"player_choice":"Card Removal","damage_taken":7,"max_hp_gain":0,"max_hp_loss":0,"event_name":"Golden Wing","floor":5,"gold_loss":0}],"is_beta":false,"boss_relics":[],"items_purged_floors":[3],"is_endless":false,"potions_floor_spawned":[1],"killed_by":"Gremlin Nob","ascension_level":20}