{"gold_per_floor":[118,134,0,20,20,48,48,77,127,160,190,202,214,11,11,88,88,52,68,32,52,52],"floor_reached":22,"playtime":656,"items_purged":["Strike_B"],"score":408,"play_id":"eff19b28-2e6e-49d0-88f3-4fc75f811012","local_time":"20190517184324","is_ascension_mode":true,"campfire_choices":[{"floor":7.0,"key":"REST"},{"floor":15,"key":"REST"}],"neow_cost":"TEN_PERCENT_HP_LOSS","seed_source_timestamp":2876637918838,"circlet_count":0,"master_deck":["AscendersBane","Defend_B","Defend_B","Defend_B","Defend_B","Zap","Dualcast","All For One","Gash","Hologram","Gash","Sweeping Beam","Cold Snap","Coolheaded","Core Surge","Gash+1","Meteor Strike+1","Chaos+1","Conserve Battery+1","FTL","Conserve Battery+1"],"special_seed":0,"relics":["Cracked Core","Singing Bowl","Happy Flower","Pen Nib","Vajra","MawBank","Runic Capacitor","Astrolabe"],"potions_floor_usage":[10,18,19,22],"damage_taken":[{"damage":0.0,"enemies":"2 Louse","floor":1.0,"turns":2.0},{"damage":0.0,"enemies":"Small Slimes","floor":2.0,"turns":2.0},{"damage":12.0,"enemies":"Jaw Worm","floor":4.0,"turns":4.0},{"damage":25.0,"enemies":"Lagavulin","floor":6.0,"turns":5.0},{"damage":17,"enemies":"3 Sentries","floor":8,"turns":5},{"damage":8,"enemies":"Gremlin Nob","floor":10,"turns":3},{"damage":9,"enemies":"3 Louse","floor":11,"turns":2},{"damage":18,"enemies":"The Guardian","floor":16,"turns":11},{"damage":27,"enemies":"2 Thieves","floor":18,"turns":5},{"damage":6,"enemies":"Shell Parasite","floor":19,"turns":3},{"damage":14,"enemies":"Centurion and Healer","floor":21,"turns":8},{"damage":10,"enemies":"Snake Plant","floor":22,"turns":2}],"seed_played":"929922039698033367","potions_obtained":[{"floor":4.0,"key":"GamblersBrew"},{"floor":11,"key":"Swift Potion"},{"floor":16,"key":"FocusPotion"},{"floor":18,"key":"AttackPotion"}],"is_trial":false,"path_per_floor":["M","M","$","M","?","E","R","E","T","E","M","?","?","$","R","B",null,"M","M","$","M","M"],"character_chosen":"DEFECT","items_purchased":["Gash","Runic Capacitor","FTL"],"campfire_rested":2,"item_purchase_floors":[3,14,20],"current_hp_per_floor":[64,64,64,52,47,24,43,28,28,20,11,11,11,11,31,13,54,29,23,23,9,0],"gold":52,"neow_bonus":"THREE_RARE_CARDS","is_prod":false,"is_daily":false,"chose_seed":false,"campfire_upgraded":0,"win_rate":0,"timestamp":1558111404,"path_taken":["M","M","$","M","?","E","R","E","T","E","M","?","?","$","R","BOSS","M","M","$","M","M"],"build_version":"2019-05-07","purchased_purges":1,"victory":false,"max_hp_per_floor":[64,64,64,64,64,66,66,68,68,68,68,68,68,68,68,68,68,70,70,70,70,70],"card_choices":[{"not_picked":["Machine Learning","Fission"],"picked":"All For One","floor":0.0},{"not_picked":["Barrage","Steam"],"picked":"Gash","floor":1.0},{"not_picked":["Consume","Turbo"],"picked":"Hologram","floor":2.0},{"not_picked":["Undo","Gash"],"picked":"Sweeping Beam","floor":4.0},{"not_picked":["Force Field","Barrage","Rip and Tear"],"picked":"Singing Bowl","floor":6.0},{"not_picked":["Rebound","Aggregate","Hologram"],"picked":"Singing Bowl","floor":8},{"not_picked":["Aggregate","White Noise"],"picked":"Cold Snap","floor":10},{"not_picked":["Chill","Hello World"],"picked":"Coolheaded","floor":11},{"not_picked":["Multi-Cast","Creative AI"],"picked":"Core Surge","floor":16},{"not_picked":["Rip and Tear","Chaos","Doom and Gloom"],"picked":"Singing Bowl","floor":18},{"not_picked":["Beam Cell","Melter"],"picked":"Conserve Battery+1","floor":19},{"not_picked":["Gash","Sunder"],"picked":"Conserve Battery+1","floor":21}],"player_experience":1549780,"relics_obtained":[{"floor":6.0,"key":"Happy Flower"},{"floor":8,"key":"Pen Nib"},{"floor":9,"key":"Vajra"},{"floor":10,"key":"MawBank"}],"event_choices":[{"damage_healed":0.0,"max_hp_gain":0.0,"max_hp_loss":0.0,"gold_gain":0.0,"event_name":"Scrap Ooze","player_choice":"Success","floor":5.0,"gold_loss":0.0,"damage_taken":5.0,"relics_obtained":["Singing Bowl"]},{"damage_healed":0,"gold_gain":0,"player_choice":"Searched \u00270\u0027 times","damage_taken":0,"max_hp_gain":0,"max_hp_loss":0,"event_name":"Dead Adventurer","floor":12,"gold_loss":0},{"damage_healed":0,"gold_gain":0,"player_choice":"Ignored","damage_taken":0,"max_hp_gain":0,"max_hp_loss":0,"event_name":"Shining Light","floor":13,"gold_loss":0}],"is_beta":true,"boss_relics":[{"not_picked":["FrozenCore","Calling Bell"],"picked":"Astrolabe"}],"items_purged_floors":[3],"is_endless":false,"potions_floor_spawned":[4,11,16,18],"killed_by":"Snake Plant","ascension_level":20}