{"gold_per_floor":[15,34,45,61,61,87,99,441,453,465,497,113,144,160,160,234,234,246,68,68,97,97,132,132,152,152,152],"floor_reached":27,"playtime":1230,"items_purged":["Strike_B","Strike_B"],"score":602,"play_id":"785afe64-914c-49ec-8bbb-84aaec33d6ff","local_time":"20190622180956","is_ascension_mode":true,"campfire_choices":[{"data":"Capacitor","floor":7.0,"key":"SMITH"},{"data":"Coolheaded","floor":10.0,"key":"SMITH"},{"floor":15,"key":"REST"},{"data":"Chill","floor":24,"key":"SMITH"}],"neow_cost":"NO_GOLD","seed_source_timestamp":25502608601847,"circlet_count":0,"master_deck":["AscendersBane","Strike_B","Strike_B","Defend_B","Defend_B","Defend_B","Defend_B","Zap+1","Dualcast","Electrodynamics","Ball Lightning","Leap","Capacitor+1","Glacier","Reinforced Body","Coolheaded+1","Reboot","Creative AI","Double Energy","Glacier","Chill+1","Steam Power+1"],"special_seed":0,"relics":["Cracked Core","MawBank","Old Coin","Nunchaku","Peace Pipe","Pocketwatch","Sozu","Red Mask","Bottled Tornado","Mummified Hand"],"potions_floor_usage":[13,13,16,21],"damage_taken":[{"damage":9.0,"enemies":"Jaw Worm","floor":1.0,"turns":4.0},{"damage":1.0,"enemies":"Small Slimes","floor":2.0,"turns":3.0},{"damage":0.0,"enemies":"Cultist","floor":3.0,"turns":2.0},{"damage":2.0,"enemies":"2 Fungi Beasts","floor":4.0,"turns":3.0},{"damage":10.0,"enemies":"3 Sentries","floor":6.0,"turns":6.0},{"damage":9.0,"enemies":"Lagavulin","floor":8.0,"turns":7.0},{"damage":3,"enemies":"Blue Slaver","floor":11,"turns":4},{"damage":16,"enemies":"Gremlin Nob","floor":13,"turns":4},{"damage":5,"enemies":"Gremlin Gang","floor":14,"turns":2},{"damage":0,"enemies":"The Guardian","floor":16,"turns":12},{"damage":1,"enemies":"3 Byrds","floor":18,"turns":3},{"damage":6,"enemies":"Masked Bandits","floor":21,"turns":3},{"damage":18,"enemies":"Slavers","floor":23,"turns":6},{"damage":2,"enemies":"Spheric Guardian","floor":25,"turns":9},{"damage":15,"enemies":"Gremlin Leader","floor":27,"turns":4}],"seed_played":"-658749247511794887","potions_obtained":[{"floor":2.0,"key":"FocusPotion"},{"floor":8.0,"key":"Fire Potion"},{"floor":13,"key":"Block Potion"},{"floor":14,"key":"Fire Potion"}],"is_trial":false,"path_per_floor":["M","M","M","M","?","E","R","E","T","R","M","$","E","M","R","B",null,"M","$","?","?","$","E","R","M","T","E"],"character_chosen":"DEFECT","items_purchased":["Peace Pipe","Glacier"],"campfire_rested":1,"item_purchase_floors":[12,19],"current_hp_per_floor":[55,54,54,52,52,42,42,33,33,33,30,30,14,9,30,30,61,60,60,40,34,34,16,16,14,14,0],"gold":152,"neow_bonus":"THREE_RARE_CARDS","is_prod":false,"is_daily":false,"chose_seed":false,"campfire_upgraded":3,"win_rate":0,"timestamp":1561219796,"path_taken":["M","M","M","M","?","E","R","E","T","R","M","$","E","M","R","BOSS","M","$","?","?","?","E","R","M","T","E"],"build_version":"2019-01-23","purchased_purges":2,"victory":false,"max_hp_per_floor":[71,71,71,71,71,71,71,71,71,71,71,71,71,71,71,71,71,71,71,76,76,76,76,76,76,76,76],"card_choices":[{"not_picked":["Fission","All For One"],"picked":"Electrodynamics","floor":0.0},{"not_picked":["Streamline","Compile Driver"],"picked":"Ball Lightning","floor":1.0},{"not_picked":["Hello World","Stack"],"picked":"Leap","floor":2.0},{"not_picked":["Ball Lightning","Reinforced Body"],"picked":"Capacitor","floor":3.0},{"not_picked":["Conserve Battery","Multi-Cast"],"picked":"Glacier","floor":4.0},{"not_picked":["Blizzard","Fusion"],"picked":"Reinforced Body","floor":6.0},{"not_picked":["Streamline","Skim"],"picked":"Coolheaded","floor":8.0},{"not_picked":["Aggregate","Turbo","Beam Cell"],"picked":"SKIP","floor":11},{"not_picked":["Leap","Compile Driver","Streamline"],"picked":"SKIP","floor":13},{"not_picked":["Go for the Eyes","Doom and Gloom"],"picked":"Reboot","floor":14},{"not_picked":["Multi-Cast","Reboot"],"picked":"Creative AI","floor":16},{"not_picked":["Go for the Eyes","Conserve Battery"],"picked":"Double Energy","floor":18},{"not_picked":["Steam Power","Sunder"],"picked":"Chill","floor":23},{"not_picked":["Coolheaded","Fission"],"picked":"Steam Power+1","floor":25}],"player_experience":650323,"relics_obtained":[{"floor":6.0,"key":"MawBank"},{"floor":8.0,"key":"Old Coin"},{"floor":9.0,"key":"Nunchaku"},{"floor":13,"key":"Pocketwatch"},{"floor":21,"key":"Red Mask"},{"floor":23,"key":"Bottled Tornado"},{"floor":26,"key":"Mummified Hand"}],"event_choices":[{"damage_healed":0.0,"max_hp_gain":0.0,"max_hp_loss":0.0,"gold_gain":0.0,"event_name":"Living Wall","player_choice":"Grow","floor":5.0,"gold_loss":0.0,"damage_taken":0.0,"cards_upgraded":["Zap"]},{"damage_healed":0,"gold_gain":0,"player_choice":"Shed Blood","damage_taken":25,"max_hp_gain":5,"max_hp_loss":0,"event_name":"Forgotten Altar","floor":20,"gold_loss":0},{"damage_healed":0,"gold_gain":0,"player_choice":"Fought Bandits","damage_taken":0,"max_hp_gain":0,"max_hp_loss":0,"event_name":"Masked Bandits","floor":21,"gold_loss":0}],"is_beta":false,"boss_relics":[{"not_picked":["Astrolabe","Busted Crown"],"picked":"Sozu"}],"items_purged_floors":[12,19],"is_endless":false,"potions_floor_spawned":[2,8,13,14,23],"killed_by":"Gremlin Leader","ascension_level":20}