{"gold_per_floor":[215,234,246,0,16,50,73,85,124,197,222,253,294,317,329,412,424,453,476,2,14,14,39,39,67,93,93,124,143,171,196,196,275,275,294,294,314,327,549,549,580,26,26,53,53,73,91,110,110,110,110],"floor_reached":52,"playtime":2520,"items_purged":["Strike_B","Parasite"],"score":2182,"play_id":"2b5afa12-111e-4e05-b811-1508115ad1b0","local_time":"20190605210648","is_ascension_mode":true,"campfire_choices":[{"data":"Dualcast","floor":8.0,"key":"SMITH"},{"data":"Coolheaded","floor":15.0,"key":"SMITH"},{"floor":24.0,"key":"REST"},{"floor":27.0,"key":"REST"},{"floor":32.0,"key":"REST"},{"data":"Fission","floor":40.0,"key":"SMITH"},{"data":"Rainbow","floor":45.0,"key":"SMITH"},{"floor":49.0,"key":"REST"}],"neow_cost":"NONE","seed_source_timestamp":0,"circlet_count":0,"master_deck":["AscendersBane","Zap","Dualcast+1","Cold Snap","Melter","Undo","Doom and Gloom","Compile Driver","Cold Snap","Rainbow+1","Undo","Coolheaded+1","Turbo","Fission+1","Recycle+1","Glacier","Sunder+1","Turbo","Static Discharge","Go for the Eyes","Chill+1","Recycle","Seek","Rip and Tear","Melter","Biased Cognition","Creative AI","Chill","Sweeping Beam","Biased Cognition","Loop","Redo+1","Capacitor","Coolheaded+1","Chill+1"],"special_seed":0,"relics":["Cracked Core","Oddly Smooth Stone","MawBank","Centennial Puzzle","Tiny Chest","Regal Pillow","Cursed Key","Dead Branch","Bronze Scales","Smiling Mask","PreservedInsect","Lantern","Potion Belt","Red Mask","Pandora\u0027s Box","NlothsMask","Sundial","Runic Capacitor","Mummified Hand","Kunai"],"potions_floor_usage":[51],"damage_taken":[{"damage":2.0,"enemies":"Jaw Worm","floor":1.0,"turns":3.0},{"damage":3.0,"enemies":"2 Louse","floor":2.0,"turns":3.0},{"damage":0.0,"enemies":"Cultist","floor":3.0,"turns":3.0},{"damage":3.0,"enemies":"2 Fungi Beasts","floor":5.0,"turns":4.0},{"damage":16.0,"enemies":"Lagavulin","floor":6.0,"turns":8.0},{"damage":0.0,"enemies":"Exordium Wildlife","floor":7.0,"turns":3.0},{"damage":6.0,"enemies":"Gremlin Nob","floor":10.0,"turns":3.0},{"damage":0.0,"enemies":"Red Slaver","floor":11.0,"turns":3.0},{"damage":4.0,"enemies":"Lots of Slimes","floor":12.0,"turns":2.0},{"damage":2.0,"enemies":"3 Sentries","floor":13.0,"turns":6.0},{"damage":0.0,"enemies":"2 Fungi Beasts","floor":14.0,"turns":3.0},{"damage":28.0,"enemies":"Slime Boss","floor":16.0,"turns":7.0},{"damage":6.0,"enemies":"Shell Parasite","floor":18.0,"turns":6.0},{"damage":4.0,"enemies":"2 Thieves","floor":19.0,"turns":4.0},{"damage":0.0,"enemies":"Snecko","floor":21.0,"turns":5.0},{"damage":32.0,"enemies":"Gremlin Leader","floor":23.0,"turns":7.0},{"damage":13.0,"enemies":"Slavers","floor":25.0,"turns":5.0},{"damage":16.0,"enemies":"Gremlin Leader","floor":28.0,"turns":5.0},{"damage":0.0,"enemies":"Snake Plant","floor":29.0,"turns":4.0},{"damage":7.0,"enemies":"Book of Stabbing","floor":30.0,"turns":3.0},{"damage":29.0,"enemies":"Masked Bandits","floor":31.0,"turns":5.0},{"damage":41.0,"enemies":"Champ","floor":33.0,"turns":15.0},{"damage":0.0,"enemies":"3 Shapes","floor":35.0,"turns":3.0},{"damage":0.0,"enemies":"Orb Walker","floor":37.0,"turns":2.0},{"damage":2.0,"enemies":"3 Darklings","floor":38.0,"turns":5.0},{"damage":19.0,"enemies":"Giant Head","floor":41.0,"turns":7.0},{"damage":0.0,"enemies":"Reptomancer","floor":44.0,"turns":4.0},{"damage":0.0,"enemies":"Jaw Worm Horde","floor":46.0,"turns":2.0},{"damage":0.0,"enemies":"Sphere and 2 Shapes","floor":47.0,"turns":3.0},{"damage":0.0,"enemies":"Transient","floor":48.0,"turns":6.0},{"damage":29,"enemies":"Awakened One","floor":50,"turns":15},{"damage":0,"enemies":"Donu and Deca","floor":51,"turns":8}],"seed_played":"3006515392561178004","potions_obtained":[{"floor":2.0,"key":"AttackPotion"},{"floor":3.0,"key":"Explosive Potion"},{"floor":7.0,"key":"SteroidPotion"},{"floor":10.0,"key":"EntropicBrew"},{"floor":11.0,"key":"Regen Potion"},{"floor":16.0,"key":"PowerPotion"},{"floor":18.0,"key":"Poison Potion"},{"floor":28.0,"key":"LiquidBronze"},{"floor":33.0,"key":"Regen Potion"},{"floor":41.0,"key":"PowerPotion"},{"floor":44.0,"key":"Block Potion"},{"floor":46.0,"key":"SkillPotion"}],"is_trial":false,"path_per_floor":["M","M","M","$","M","E","M","R","T","E","M","M","E","M","R","B",null,"M","M","$","M","?","E","R","E","T","R","E","M","E","?","R","B",null,"M","?","M","M","?","R","E","$","T","E","R","M","M","M","R","B","B",null],"character_chosen":"DEFECT","items_purchased":["Oddly Smooth Stone","Doom and Gloom","Dead Branch","Glacier","Runic Capacitor","Mummified Hand"],"campfire_rested":4,"item_purchase_floors":[4,4,20,20,42,42],"current_hp_per_floor":[62,59,59,59,56,40,40,40,40,34,34,30,43,43,43,15,57,51,47,47,47,47,15,51,38,38,71,55,55,48,19,55,14,57,57,57,62,60,60,60,41,41,41,41,41,41,41,41,68,39,39],"gold":110,"neow_bonus":"HUNDRED_GOLD","is_prod":false,"is_daily":false,"chose_seed":false,"campfire_upgraded":4,"win_rate":0,"timestamp":1559761608,"path_taken":["M","M","M","$","M","E","M","R","T","E","M","M","E","M","R","BOSS","M","M","$","M","?","E","R","E","T","R","E","M","E","?","R","BOSS","M","?","?","M","?","R","E","?","T","E","R","M","?","M","R","BOSS","BOSS"],"build_version":"2019-06-02","purchased_purges":2,"victory":true,"max_hp_per_floor":[71,71,71,71,71,71,71,71,71,71,71,71,71,71,71,71,71,71,71,71,71,71,71,71,71,71,71,71,71,71,71,71,71,71,71,71,71,71,71,71,71,68,68,68,68,68,68,68,68,68,68],"card_choices":[{"not_picked":["White Noise","BootSequence"],"picked":"Cold Snap","floor":1.0},{"not_picked":["Fusion","Gash"],"picked":"Melter","floor":2.0},{"not_picked":["Redo","Stack"],"picked":"Undo","floor":3.0},{"not_picked":["Cold Snap","Conserve Battery"],"picked":"Compile Driver","floor":5.0},{"not_picked":["Stack","Redo"],"picked":"Cold Snap","floor":6.0},{"not_picked":["Barrage","Lockon","Cold Snap"],"picked":"SKIP","floor":7.0},{"not_picked":["Redo","Reprogram"],"picked":"Rainbow","floor":10.0},{"not_picked":["Skim","Chaos"],"picked":"Undo","floor":11.0},{"not_picked":["Go for the Eyes","Steam"],"picked":"Coolheaded","floor":12.0},{"not_picked":["Beam Cell","Amplify"],"picked":"Turbo","floor":13.0},{"not_picked":["Steam","Steam Power","Redo"],"picked":"SKIP","floor":14.0},{"not_picked":["Creative AI","Meteor Strike"],"picked":"Fission","floor":16.0},{"not_picked":["Skim","Beam Cell","Rebound+1"],"picked":"SKIP","floor":18.0},{"not_picked":["Ball Lightning","Melter+1"],"picked":"Recycle+1","floor":19.0},{"not_picked":["Reinforced Body","Gash+1"],"picked":"Sunder+1","floor":21.0},{"not_picked":["Aggregate+1","Compile Driver"],"picked":"Turbo","floor":23.0},{"not_picked":["Barrage","Hyperbeam"],"picked":"Static Discharge","floor":25.0},{"not_picked":["Hello World+1","Go for the Eyes","Chaos"],"picked":"SKIP","floor":28.0},{"not_picked":["Hello World+1","Chaos"],"picked":"Go for the Eyes","floor":28.0},{"not_picked":["Darkness","Double Energy","Heatsinks"],"picked":"SKIP","floor":29.0},{"not_picked":["Gash+1","Tempest"],"picked":"Chill+1","floor":30.0},{"not_picked":["Consume","Ball Lightning+1"],"picked":"Recycle","floor":31.0},{"not_picked":["Meteor Strike","Thunder Strike"],"picked":"Seek","floor":33.0},{"not_picked":["Recycle","Sweeping Beam"],"picked":"Loop","floor":35.0},{"not_picked":["Compile Driver","Reinforced Body+1"],"picked":"Redo+1","floor":37.0},{"not_picked":["Leap","Gash","Static Discharge"],"picked":"SKIP","floor":38.0},{"not_picked":["Leap","Static Discharge+1","Fusion"],"picked":"SKIP","floor":41.0},{"not_picked":["Rebound","Stack","Beam Cell"],"picked":"SKIP","floor":44.0},{"not_picked":["Multi-Cast","Redo"],"picked":"Capacitor","floor":46.0},{"not_picked":["Turbo","Rebound+1"],"picked":"Coolheaded+1","floor":47.0},{"not_picked":["Hologram","Sweeping Beam"],"picked":"Chill+1","floor":48.0}],"player_experience":1672236,"relics_obtained":[{"floor":6.0,"key":"MawBank"},{"floor":9.0,"key":"Centennial Puzzle"},{"floor":10.0,"key":"Tiny Chest"},{"floor":13.0,"key":"Regal Pillow"},{"floor":23.0,"key":"Bronze Scales"},{"floor":25.0,"key":"Smiling Mask"},{"floor":26.0,"key":"PreservedInsect"},{"floor":28.0,"key":"Lantern"},{"floor":30.0,"key":"Potion Belt"},{"floor":31.0,"key":"Red Mask"},{"floor":41.0,"key":"Sundial"},{"floor":44.0,"key":"Kunai"}],"event_choices":[{"damage_healed":0.0,"max_hp_gain":0.0,"max_hp_loss":0.0,"gold_gain":0.0,"event_name":"The Mausoleum","player_choice":"Ignored","floor":22.0,"gold_loss":0.0,"damage_taken":0.0},{"damage_healed":0.0,"max_hp_gain":0.0,"max_hp_loss":0.0,"gold_gain":0.0,"event_name":"Masked Bandits","player_choice":"Fought Bandits","floor":31.0,"gold_loss":0.0,"damage_taken":0.0},{"damage_healed":0.0,"max_hp_gain":0.0,"max_hp_loss":0.0,"gold_gain":0.0,"event_name":"FaceTrader","player_choice":"Trade","floor":36.0,"gold_loss":0.0,"damage_taken":0.0,"relics_obtained":["NlothsMask"]},{"damage_healed":0.0,"max_hp_gain":0.0,"max_hp_loss":0.0,"gold_gain":222.0,"event_name":"Tomb of Lord Red Mask","player_choice":"Wore Mask","floor":39.0,"gold_loss":0.0,"damage_taken":0.0}],"is_beta":true,"boss_relics":[{"not_picked":["Philosopher\u0027s Stone","Calling Bell"],"picked":"Cursed Key"},{"not_picked":["Runic Dome","Busted Crown"],"picked":"Pandora\u0027s Box"}],"items_purged_floors":[20,42],"is_endless":false,"potions_floor_spawned":[2,3,7,10,11,16,18,28,33,41,44,46],"ascension_level":20}