{"gold_per_floor":[117,68,84,94,113,113,113,38,116,133,196,209,224,77,77,149,149,167,177,177],"floor_reached":20,"playtime":671,"items_purged":["Strike_B"],"score":312,"play_id":"b903a5f8-6329-4618-87a5-d2263445c56d","local_time":"20190522031050","is_ascension_mode":true,"campfire_choices":[{"data":"Zap","floor":6,"key":"SMITH"},{"floor":15,"key":"REST"}],"neow_cost":"NONE","seed_source_timestamp":4653479516205,"circlet_count":0,"master_deck":["AscendersBane","Strike_B","Strike_B","Defend_B","Defend_B","Defend_B","Defend_B","Zap+1","Dualcast","Conserve Battery","Undo","Capacitor","Compile Driver","Coolheaded","Ball Lightning","Compile Driver","Genetic Algorithm","Electrodynamics","Core Surge","Cold Snap","Steam"],"relics":["Cracked Core","Sundial","Tiny Chest","Philosopher\u0027s Stone"],"potions_floor_usage":[11],"damage_taken":[{"damage":0,"enemies":"2 Louse","floor":1,"turns":2},{"damage":0,"enemies":"Small Slimes","floor":3,"turns":3},{"damage":12,"enemies":"Jaw Worm","floor":4,"turns":4},{"damage":1,"enemies":"3 Louse","floor":5,"turns":4},{"damage":9,"enemies":"Red Slaver","floor":10,"turns":6},{"damage":10,"enemies":"Lagavulin","floor":11,"turns":8},{"damage":29,"enemies":"Exordium Thugs","floor":12,"turns":6},{"damage":0,"enemies":"Large Slime","floor":13,"turns":5},{"damage":2,"enemies":"The Guardian","floor":16,"turns":12},{"damage":19,"enemies":"Chosen","floor":18,"turns":5},{"damage":24,"enemies":"2 Thieves","floor":19,"turns":3},{"damage":30,"enemies":"Snake Plant","floor":20,"turns":2}],"seed_played":"8309008028475098904","potions_obtained":[{"floor":5,"key":"FearPotion"},{"floor":11,"key":"SteroidPotion"},{"floor":13,"key":"FearPotion"}],"is_trial":false,"path_per_floor":["M","$","M","M","M","R","?","?","T","M","E","M","M","$","R","B",null,"M","M","M"],"character_chosen":"DEFECT","items_purchased":["Conserve Battery","Electrodynamics"],"campfire_rested":1,"item_purchase_floors":[2,14],"current_hp_per_floor":[71,71,71,59,58,58,63,63,63,54,44,15,15,15,39,37,72,53,29,0],"gold":177,"neow_bonus":"TEN_PERCENT_HP_BONUS","is_prod":false,"is_daily":false,"chose_seed":false,"campfire_upgraded":1,"win_rate":0,"timestamp":1558487450,"path_taken":["M","$","M","M","M","R","?","?","T","M","E","M","M","$","R","BOSS","M","M","M"],"build_version":"2019-05-07","purchased_purges":1,"victory":false,"max_hp_per_floor":[78,78,78,78,78,78,83,83,83,83,83,83,83,83,83,83,83,83,83,83],"card_choices":[{"not_picked":["Beam Cell","Turbo","Hologram"],"picked":"SKIP","floor":1},{"not_picked":["Rainbow","Barrage"],"picked":"Undo","floor":3},{"not_picked":["Stack","Barrage"],"picked":"Capacitor","floor":4},{"not_picked":["Rebound","Go for the Eyes"],"picked":"Compile Driver","floor":5},{"not_picked":["Skim","White Noise"],"picked":"Coolheaded","floor":10},{"not_picked":["Skim","Streamline"],"picked":"Ball Lightning","floor":11},{"not_picked":["Hello World","Redo"],"picked":"Compile Driver","floor":12},{"not_picked":["Conserve Battery","FTL"],"picked":"Genetic Algorithm","floor":13},{"not_picked":["Reboot","Amplify"],"picked":"Core Surge","floor":16},{"not_picked":["Steam","Beam Cell"],"picked":"Cold Snap","floor":18},{"not_picked":["Storm","Double Energy"],"picked":"Steam","floor":19}],"player_experience":1581282,"relics_obtained":[{"floor":9,"key":"Sundial"},{"floor":11,"key":"Tiny Chest"}],"event_choices":[{"damage_healed":0,"gold_gain":0,"player_choice":"Donut","damage_taken":0,"max_hp_gain":5,"max_hp_loss":0,"event_name":"Big Fish","floor":7,"gold_loss":0},{"cards_removed":["Strike_B"],"damage_healed":0,"gold_gain":0,"player_choice":"Card Removal","damage_taken":0,"max_hp_gain":0,"max_hp_loss":0,"event_name":"The Cleric","floor":8,"gold_loss":75}],"is_beta":true,"boss_relics":[{"not_picked":["Black Star","Orrery"],"picked":"Philosopher\u0027s Stone"}],"items_purged_floors":[14],"is_endless":false,"potions_floor_spawned":[5,11,13,16,19],"killed_by":"Snake Plant","ascension_level":15}