{"gold_per_floor":[20,31,43,43,59,59,386,386,464,492,431,431,445,458,458,535,535,545,460,188,8,8,8,42,72,72,15,15,15,40,40,40,117,117,132,7,7,25,42,42,74,74,101,101,101],"floor_reached":45,"playtime":1279,"items_purged":["Strike_B","Strike_B","Zap"],"score":970,"play_id":"78bd8e04-5875-4600-bf10-5e0d0c0120d9","local_time":"20190608103131","is_ascension_mode":true,"campfire_choices":[{"floor":6.0,"key":"REST"},{"floor":8.0,"key":"REST"},{"data":"Coolheaded","floor":15.0,"key":"SMITH"},{"floor":23.0,"key":"REST"},{"floor":28.0,"key":"REST"},{"floor":32.0,"key":"REST"},{"floor":40.0,"key":"REST"},{"floor":42.0,"key":"REST"},{"floor":44.0,"key":"REST"}],"neow_cost":"NO_GOLD","seed_source_timestamp":47439425615970,"circlet_count":0,"master_deck":["AscendersBane","Defend_B+1","Defend_B+1","Defend_B+1","Defend_B+1","Dualcast","Reinforced Body+1","Doom and Gloom","Rip and Tear","Cold Snap","Reboot","Coolheaded+1","Creative AI+1","Glacier","Turbo","Consume","Multi-Cast","Sweeping Beam","Storm+1","Biased Cognition+1","Fusion","White Noise","Seek","Coolheaded+1","Sweeping Beam"],"special_seed":0,"relics":["Cracked Core","Prayer Wheel","Old Coin","Frozen Egg 2","Centennial Puzzle","Fusion Hammer","MawBank","OrangePellets","Bottled Flame","Red Mask","Gambling Chip","Cables","Empty Cage","Ice Cream","Vajra"],"potions_floor_usage":[],"damage_taken":[{"damage":10.0,"enemies":"Small Slimes","floor":1.0,"turns":4.0},{"damage":0.0,"enemies":"2 Louse","floor":2.0,"turns":3.0},{"damage":4.0,"enemies":"Jaw Worm","floor":3.0,"turns":3.0},{"damage":0.0,"enemies":"2 Fungi Beasts","floor":5.0,"turns":2.0},{"damage":28.0,"enemies":"Gremlin Nob","floor":7.0,"turns":4.0},{"damage":30.0,"enemies":"Lagavulin","floor":10.0,"turns":5.0},{"damage":9.0,"enemies":"Large Slime","floor":13.0,"turns":5.0},{"damage":0.0,"enemies":"Blue Slaver","floor":14.0,"turns":4.0},{"damage":10.0,"enemies":"Slime Boss","floor":16.0,"turns":6.0},{"damage":8.0,"enemies":"2 Thieves","floor":18.0,"turns":4.0},{"damage":37.0,"enemies":"Book of Stabbing","floor":24.0,"turns":5.0},{"damage":5.0,"enemies":"Masked Bandits","floor":25.0,"turns":2.0},{"damage":12.0,"enemies":"Gremlin Leader","floor":30.0,"turns":5.0},{"damage":20.0,"enemies":"Collector","floor":33.0,"turns":8.0},{"damage":7.0,"enemies":"3 Shapes","floor":35.0,"turns":3.0},{"damage":17.0,"enemies":"3 Darklings","floor":38.0,"turns":7.0},{"damage":0.0,"enemies":"Writhing Mass","floor":39.0,"turns":9.0},{"damage":33.0,"enemies":"Nemesis","floor":41.0,"turns":7.0},{"damage":101,"enemies":"Transient","floor":45,"turns":6}],"seed_played":"-7606699094168119274","potions_obtained":[{"floor":1.0,"key":"Swift Potion"},{"floor":3.0,"key":"EssenceOfSteel"},{"floor":10.0,"key":"SpeedPotion"},{"floor":14.0,"key":"Weak Potion"},{"floor":16.0,"key":"AttackPotion"},{"floor":25.0,"key":"Block Potion"},{"floor":30.0,"key":"GamblersBrew"},{"floor":37.0,"key":"FairyPotion"}],"is_trial":false,"path_per_floor":["M","M","M","?","M","R","E","R","T","E","?","?","M","M","R","B",null,"M","?","$","$","?","R","E","?","T","$","R","?","E","$","R","B",null,"M","$","?","M","M","R","E","R","T","R","M"],"character_chosen":"DEFECT","items_purchased":["OrangePellets","Storm+1","Explosive Potion"],"campfire_rested":8,"item_purchase_floors":[20,21,27],"current_hp_per_floor":[54,54,50,29,29,50,22,43,43,13,13,36,27,27,27,17,58,50,50,50,50,50,71,34,29,29,29,50,50,38,38,59,39,63,56,56,56,39,39,60,27,48,48,69,0],"gold":101,"neow_bonus":"ONE_RARE_RELIC","is_prod":false,"is_daily":false,"chose_seed":false,"campfire_upgraded":1,"win_rate":0,"timestamp":1559982691,"path_taken":["M","M","M","?","M","R","E","R","T","E","?","?","M","M","R","BOSS","M","?","?","$","?","R","E","?","T","$","R","?","E","?","R","BOSS","M","$","?","M","M","R","E","R","T","R","?"],"build_version":"2019-06-05","purchased_purges":3,"victory":false,"max_hp_per_floor":[71,71,71,71,71,71,71,71,71,71,71,71,71,71,71,71,71,71,71,71,71,71,71,71,71,71,71,71,71,71,71,71,71,71,71,71,71,71,71,71,71,71,71,71,71],"card_choices":[{"not_picked":["Aggregate","White Noise"],"picked":"Reinforced Body","floor":1.0},{"not_picked":["Barrage","Redo","Rebound"],"picked":"SKIP","floor":1.0},{"not_picked":["Capacitor","Go for the Eyes"],"picked":"Doom and Gloom","floor":2.0},{"not_picked":["Hello World","Turbo"],"picked":"Rip and Tear","floor":2.0},{"not_picked":["Consume","Turbo"],"picked":"Cold Snap","floor":3.0},{"not_picked":["Go for the Eyes","Turbo","Steam"],"picked":"SKIP","floor":3.0},{"not_picked":["Hologram","Steam Power"],"picked":"Reboot","floor":5.0},{"not_picked":["Barrage","Go for the Eyes"],"picked":"Coolheaded","floor":5.0},{"not_picked":["Stack","Rebound","Chaos"],"picked":"SKIP","floor":7.0},{"not_picked":["Reprogram","Rebound","Leap"],"picked":"SKIP","floor":10.0},{"not_picked":["Heatsinks+1","Leap"],"picked":"Creative AI+1","floor":13.0},{"not_picked":["Turbo","Cold Snap"],"picked":"Glacier","floor":13.0},{"not_picked":["Barrage","Go for the Eyes"],"picked":"Turbo","floor":14.0},{"not_picked":["Chill","Skim"],"picked":"Consume","floor":14.0},{"not_picked":["Thunder Strike","Rainbow"],"picked":"Multi-Cast","floor":16.0},{"not_picked":["Rebound","Steam"],"picked":"Sweeping Beam","floor":18.0},{"not_picked":["Turbo","Aggregate","Beam Cell"],"picked":"SKIP","floor":18.0},{"not_picked":["Steam Power","Leap"],"picked":"Biased Cognition+1","floor":24.0},{"not_picked":["Lockon","Cold Snap"],"picked":"Fusion","floor":25.0},{"not_picked":["Stack","Turbo"],"picked":"White Noise","floor":30.0},{"not_picked":["Buffer+1","Reboot"],"picked":"Seek","floor":33.0},{"not_picked":["Hello World+1","Hologram","Darkness"],"picked":"SKIP","floor":35.0},{"not_picked":["Beam Cell","Redo","Steam"],"picked":"SKIP","floor":35.0},{"not_picked":["Cold Snap+1","Steam"],"picked":"Coolheaded+1","floor":38.0},{"not_picked":["Barrage+1","Gash"],"picked":"Sweeping Beam","floor":38.0},{"not_picked":["Conserve Battery+1","Sunder+1","Gash"],"picked":"SKIP","floor":39.0},{"not_picked":["Stack","Chaos","Doom and Gloom"],"picked":"SKIP","floor":39.0},{"not_picked":["Stack","Gash","Ball Lightning"],"picked":"SKIP","floor":41.0}],"player_experience":1688404,"relics_obtained":[{"floor":7.0,"key":"Old Coin"},{"floor":9.0,"key":"Frozen Egg 2"},{"floor":10.0,"key":"Centennial Puzzle"},{"floor":24.0,"key":"Bottled Flame"},{"floor":25.0,"key":"Red Mask"},{"floor":26.0,"key":"Gambling Chip"},{"floor":30.0,"key":"Cables"},{"floor":41.0,"key":"Ice Cream"},{"floor":43.0,"key":"Vajra"}],"event_choices":[{"damage_healed":0.0,"max_hp_gain":0.0,"max_hp_loss":0.0,"gold_gain":0.0,"event_name":"Shining Light","player_choice":"Entered Light","floor":4.0,"gold_loss":0.0,"damage_taken":21.0,"cards_upgraded":["Reinforced Body","Strike_B"]},{"damage_healed":0.0,"max_hp_gain":0.0,"max_hp_loss":0.0,"gold_gain":0.0,"event_name":"World of Goop","player_choice":"Left Gold","floor":11.0,"gold_loss":61.0,"damage_taken":0.0},{"damage_healed":23.0,"max_hp_gain":0.0,"max_hp_loss":0.0,"gold_gain":0.0,"event_name":"Big Fish","player_choice":"Banana","floor":12.0,"gold_loss":0.0,"damage_taken":0.0},{"damage_healed":0.0,"max_hp_gain":0.0,"max_hp_loss":0.0,"gold_gain":0.0,"event_name":"Addict","player_choice":"Obtained Relic","floor":19.0,"gold_loss":85.0,"damage_taken":0.0,"relics_obtained":["MawBank"]},{"damage_healed":0.0,"max_hp_gain":0.0,"max_hp_loss":0.0,"gold_gain":0.0,"event_name":"Back to Basics","player_choice":"Simplicity","floor":22.0,"gold_loss":0.0,"damage_taken":0.0,"cards_upgraded":["Strike_B","Defend_B","Defend_B","Defend_B","Defend_B"]},{"damage_healed":0.0,"max_hp_gain":0.0,"max_hp_loss":0.0,"gold_gain":0.0,"event_name":"Masked Bandits","player_choice":"Fought Bandits","floor":25.0,"gold_loss":0.0,"damage_taken":0.0},{"damage_healed":0.0,"max_hp_gain":0.0,"max_hp_loss":0.0,"gold_gain":0.0,"event_name":"Ghosts","player_choice":"Ignored","floor":29.0,"gold_loss":0.0,"damage_taken":0.0},{"damage_healed":0.0,"max_hp_gain":0.0,"max_hp_loss":0.0,"gold_gain":0.0,"event_name":"Lab","player_choice":"Got Potions","floor":37.0,"gold_loss":0.0,"damage_taken":0.0}],"is_beta":true,"boss_relics":[{"not_picked":["FrozenCore","Black Star"],"picked":"Fusion Hammer"},{"not_picked":["Lizard Tail","Astrolabe"],"picked":"Empty Cage"}],"items_purged_floors":[20,21,36],"is_endless":false,"potions_floor_spawned":[1,3,10,14,16,25,30,33,38,39,41],"killed_by":"Transient","ascension_level":20}