{"gold_per_floor":[119,131,145,145,70,70,97,97,122,148,323,341,373,34,34,135,135,155,165,90,90,103,103,131,131,131,131,145,173,48,48,48,148,148,167,180,198,198,216,246,156,156,156,167,187,218,218,66,66,66],"floor_reached":50,"playtime":3008,"items_purged":["Strike_B","Doubt","Defend_B"],"score":823,"play_id":"6268dab2-5bc6-4718-b863-7c72e86b8b7f","local_time":"20190321191210","is_ascension_mode":true,"campfire_choices":[{"data":"Zap","floor":6.0,"key":"SMITH"},{"data":"Beam Cell","floor":8.0,"key":"SMITH"},{"data":"Dualcast","floor":15.0,"key":"SMITH"},{"data":"Gash","floor":23.0,"key":"SMITH"},{"data":"Hologram","floor":25.0,"key":"SMITH"},{"floor":32.0,"key":"REST"},{"floor":42.0,"key":"REST"},{"floor":47.0,"key":"RECALL"},{"floor":49.0,"key":"REST"}],"neow_cost":"NONE","seed_source_timestamp":61644440489305,"circlet_count":0,"master_deck":["Defend_B","Defend_B","Defend_B","Zap+1","Dualcast+1","Rebound+1","Sweeping Beam+1","Auto Shields","Beam Cell+1","Hologram+1","FTL+1","Scrape+1","Beam Cell","Self Repair","Reboot","Reboot+1","Gash+1","All For One","FTL","RitualDagger","Go for the Eyes+1","Seek","Dramatic Entrance","Gash","Hologram","Sweeping Beam+1","Streamline+1"],"special_seed":0,"relics":["Cracked Core","Dream Catcher","Art of War","FossilizedHelix","Bag of Marbles","Juzu Bracelet","Calipers","Whetstone","Astrolabe","Ginger","DataDisk","Philosopher\u0027s Stone","Centennial Puzzle","Singing Bowl","Girya","Bronze Scales"],"potions_floor_usage":[50],"damage_taken":[{"damage":1.0,"enemies":"Cultist","floor":1.0,"turns":4.0},{"damage":2.0,"enemies":"Jaw Worm","floor":2.0,"turns":2.0},{"damage":0.0,"enemies":"2 Louse","floor":3.0,"turns":2.0},{"damage":5.0,"enemies":"3 Sentries","floor":7.0,"turns":6.0},{"damage":0.0,"enemies":"Gremlin Nob","floor":10.0,"turns":3.0},{"damage":0.0,"enemies":"Gremlin Gang","floor":12.0,"turns":3.0},{"damage":0.0,"enemies":"Lagavulin","floor":13.0,"turns":6.0},{"damage":32.0,"enemies":"The Guardian","floor":16.0,"turns":8.0},{"damage":12.0,"enemies":"Shell Parasite","floor":18.0,"turns":4.0},{"damage":1.0,"enemies":"2 Thieves","floor":19.0,"turns":3.0},{"damage":0.0,"enemies":"Centurion and Healer","floor":22.0,"turns":4.0},{"damage":2.0,"enemies":"Slavers","floor":24.0,"turns":4.0},{"damage":0.0,"enemies":"Sentry and Sphere","floor":28.0,"turns":3.0},{"damage":28.0,"enemies":"Book of Stabbing","floor":29.0,"turns":4.0},{"damage":41.0,"enemies":"Automaton","floor":33.0,"turns":8.0},{"damage":20.0,"enemies":"3 Darklings","floor":35.0,"turns":4.0},{"damage":0.0,"enemies":"Orb Walker","floor":36.0,"turns":2.0},{"damage":0.0,"enemies":"Jaw Worm Horde","floor":37.0,"turns":3.0},{"damage":0.0,"enemies":"Spire Growth","floor":39.0,"turns":2.0},{"damage":60.0,"enemies":"Nemesis","floor":40.0,"turns":7.0},{"damage":0.0,"enemies":"3 Darklings","floor":44.0,"turns":2.0},{"damage":0.0,"enemies":"Maw","floor":45.0,"turns":4.0},{"damage":0.0,"enemies":"Giant Head","floor":46.0,"turns":5.0},{"damage":89,"enemies":"Time Eater","floor":50,"turns":5}],"seed_played":"-1507822559674765130","potions_obtained":[{"floor":1.0,"key":"Weak Potion"},{"floor":2.0,"key":"Fire Potion"},{"floor":3.0,"key":"EntropicBrew"},{"floor":10.0,"key":"Ancient Potion"},{"floor":19.0,"key":"SkillPotion"},{"floor":28.0,"key":"Fire Potion"},{"floor":36.0,"key":"Swift Potion"},{"floor":37.0,"key":"SteroidPotion"},{"floor":46.0,"key":"Strength Potion"}],"is_trial":false,"path_per_floor":["M","M","M","?","$","R","E","R","T","E","?","M","E","$","R","B",null,"M","M","?","?","M","R","E","R","T","?","M","E","$","?","R","B",null,"M","M","M","?","M","E","?","R","T","M","M","E","R","$","R","B"],"character_chosen":"DEFECT","items_purchased":["Beam Cell","Whetstone","Self Repair","Bronze Scales"],"campfire_rested":3,"item_purchase_floors":[14,14,14,48],"current_hp_per_floor":[67,65,65,62,62,62,57,57,57,57,57,57,57,57,57,32,64,59,58,58,58,65,65,70,70,70,70,75,54,54,48,70,36,65,59,73,75,75,75,22,22,44,44,46,48,57,57,57,81,0],"gold":66,"neow_bonus":"RANDOM_COMMON_RELIC","is_prod":false,"is_daily":false,"chose_seed":false,"campfire_upgraded":5,"win_rate":0,"timestamp":1553191930,"path_taken":["M","M","M","?","?","R","E","R","T","E","?","M","E","$","R","BOSS","M","M","?","?","M","R","E","R","T","?","M","E","$","?","R","BOSS","M","M","M","?","M","E","?","R","T","M","M","E","R","$","R","BOSS"],"build_version":"2019-01-23","purchased_purges":3,"victory":false,"max_hp_per_floor":[75,75,75,75,75,75,75,75,75,75,75,75,75,75,75,75,75,75,75,75,75,75,75,75,75,75,75,75,75,75,75,75,75,75,75,75,75,75,75,75,75,75,75,77,79,81,81,81,81,81],"card_choices":[{"not_picked":["Beam Cell","White Noise"],"picked":"Rebound","floor":1.0},{"not_picked":["Blizzard","Fusion"],"picked":"Sweeping Beam","floor":2.0},{"not_picked":["Stack","Turbo"],"picked":"Auto Shields","floor":3.0},{"not_picked":["Compile Driver","Leap"],"picked":"Beam Cell","floor":7.0},{"not_picked":["BootSequence","Sweeping Beam"],"picked":"Hologram","floor":10.0},{"not_picked":["Cold Snap","Conserve Battery"],"picked":"FTL","floor":12.0},{"not_picked":["Fission","Redo"],"picked":"Scrape","floor":13.0},{"not_picked":["Creative AI","Electrodynamics"],"picked":"Reboot","floor":16.0},{"not_picked":["Steam+1","Beam Cell","Sunder+1"],"picked":"SKIP","floor":18.0},{"not_picked":["Consume","Leap+1"],"picked":"Gash","floor":19.0},{"not_picked":["Redo+1","Genetic Algorithm","Coolheaded"],"picked":"SKIP","floor":22.0},{"not_picked":["Rebound","Glacier","Compile Driver"],"picked":"SKIP","floor":24.0},{"not_picked":["Conserve Battery+1","Beam Cell"],"picked":"FTL","floor":28.0},{"not_picked":["Rebound","Ball Lightning","Heatsinks"],"picked":"SKIP","floor":29.0},{"not_picked":["Core Surge","Reinforced Body"],"picked":"Go for the Eyes+1","floor":32.0},{"not_picked":["Amplify","Hyperbeam"],"picked":"Seek","floor":33.0},{"not_picked":["Ball Lightning+1","Chaos","Redo+1"],"picked":"SKIP","floor":35.0},{"not_picked":["Aggregate","Coolheaded+1","Turbo+1"],"picked":"SKIP","floor":36.0},{"not_picked":["Leap","Coolheaded","Rebound+1"],"picked":"SKIP","floor":37.0},{"not_picked":["Go for the Eyes","Genetic Algorithm+1"],"picked":"Gash","floor":39.0},{"not_picked":["Amplify","Cold Snap+1"],"picked":"Hologram","floor":40.0},{"not_picked":["Turbo","Rebound+1"],"picked":"Sweeping Beam+1","floor":42.0},{"not_picked":["Undo+1","Ball Lightning+1","Rebound+1"],"picked":"Singing Bowl","floor":44.0},{"not_picked":["Static Discharge+1","Ball Lightning","Redo"],"picked":"Singing Bowl","floor":45.0},{"not_picked":["Double Energy+1","Redo","Compile Driver"],"picked":"Singing Bowl","floor":46.0},{"not_picked":["Reprogram","Coolheaded"],"picked":"Streamline+1","floor":49.0}],"player_experience":115923,"relics_obtained":[{"floor":7.0,"key":"FossilizedHelix"},{"floor":9.0,"key":"Bag of Marbles"},{"floor":10.0,"key":"Juzu Bracelet"},{"floor":13.0,"key":"Calipers"},{"floor":24.0,"key":"Ginger"},{"floor":29.0,"key":"DataDisk"},{"floor":40.0,"key":"Centennial Puzzle"},{"floor":43.0,"key":"Singing Bowl"},{"floor":46.0,"key":"Girya"}],"event_choices":[{"damage_healed":0.0,"max_hp_gain":0.0,"max_hp_loss":0.0,"gold_gain":0.0,"event_name":"Scrap Ooze","player_choice":"Success","floor":4.0,"gold_loss":0.0,"damage_taken":3.0,"relics_obtained":["Art of War"]},{"damage_healed":0.0,"max_hp_gain":0.0,"max_hp_loss":0.0,"gold_gain":175.0,"event_name":"Liars Game","player_choice":"AGREE","floor":11.0,"gold_loss":0.0,"damage_taken":0.0,"cards_obtained":["Doubt"]},{"cards_removed":["Chaos"],"damage_healed":0.0,"max_hp_gain":0.0,"max_hp_loss":0.0,"gold_gain":0.0,"event_name":"Beggar","player_choice":"Gave Gold","floor":20.0,"gold_loss":75.0,"damage_taken":0.0},{"damage_healed":0.0,"max_hp_gain":0.0,"max_hp_loss":0.0,"gold_gain":0.0,"event_name":"Upgrade Shrine","player_choice":"Upgraded","floor":21.0,"gold_loss":0.0,"damage_taken":0.0,"cards_upgraded":["Scrape"]},{"damage_healed":0.0,"max_hp_gain":0.0,"max_hp_loss":0.0,"gold_gain":0.0,"event_name":"The Library","player_choice":"Read","floor":27.0,"gold_loss":0.0,"damage_taken":0.0,"cards_obtained":["All For One"]},{"damage_healed":0.0,"max_hp_gain":0.0,"max_hp_loss":0.0,"gold_gain":0.0,"event_name":"Nest","player_choice":"Joined the Cult","floor":31.0,"gold_loss":0.0,"damage_taken":6.0,"cards_obtained":["RitualDagger"]},{"damage_healed":0.0,"max_hp_gain":0.0,"max_hp_loss":0.0,"gold_gain":0.0,"event_name":"Match and Keep!","player_choice":"1 cards matched","floor":38.0,"gold_loss":0.0,"damage_taken":0.0,"cards_obtained":["Dramatic Entrance"]},{"cards_removed":["Amplify"],"damage_healed":0.0,"max_hp_gain":0.0,"max_hp_loss":0.0,"gold_gain":0.0,"event_name":"Designer","player_choice":"Upgrade and Remove","floor":41.0,"gold_loss":90.0,"damage_taken":0.0,"cards_upgraded":["Sweeping Beam"]}],"is_beta":false,"boss_relics":[{"not_picked":["Tiny House","Calling Bell"],"picked":"Astrolabe"},{"not_picked":["Orrery","Coffee Dripper"],"picked":"Philosopher\u0027s Stone"}],"items_purged_floors":[5,14,30],"is_endless":false,"potions_floor_spawned":[1,2,3,10,19,28,29,36,37,46],"killed_by":"Time Eater","ascension_level":6}