{"gold_per_floor":[111,111,124,124,124,124,158,158,158,172,172,216,241,272,272,370,370,389,404,32,52,72,72,87,87,87,87,87,87,106,123,123,202,202,212,232,232,54,69,69,102,52,52,52,64,64,64,80,80,80,80],"floor_reached":52,"playtime":2272,"items_purged":["Strike_B","Decay"],"score":1804,"play_id":"1ab20b3f-7abe-4f4e-9330-e86163490051","local_time":"20190521123324","is_ascension_mode":true,"campfire_choices":[{"floor":6.0,"key":"REST"},{"floor":8.0,"key":"REST"},{"floor":15.0,"key":"REST"},{"floor":23.0,"key":"REST"},{"floor":27.0,"key":"REST"},{"floor":29.0,"key":"REST"},{"data":"Chaos","floor":32.0,"key":"SMITH"},{"data":"Consume","floor":40.0,"key":"SMITH"},{"data":"Ghostly","floor":44.0,"key":"SMITH"},{"data":"Ghostly","floor":46.0,"key":"SMITH"},{"floor":49,"key":"REST"}],"neow_cost":"NONE","seed_source_timestamp":8904442685463,"circlet_count":0,"master_deck":["AscendersBane","Strike_B","Strike_B","Strike_B","Defend_B","Defend_B","Defend_B","Defend_B","Zap+1","Dualcast+1","Ball Lightning","Chaos+1","Sweeping Beam","Undo","Conserve Battery","Genetic Algorithm","Core Surge","Go for the Eyes","Leap","Loop+1","Consume+1","Chill","Ghostly+1","Ghostly+1","Ghostly+1","Turbo","Electrodynamics+1","Compile Driver+1","Coolheaded","Defragment+1"],"special_seed":0,"relics":["Cracked Core","Gambling Chip","Bloody Idol","Centennial Puzzle","Frozen Egg 2","Shuriken","Bag of Marbles","Inserter","ClockworkSouvenir","Cables","Snecko Eye","Singing Bowl","Sundial"],"potions_floor_usage":[50,50],"damage_taken":[{"damage":2.0,"enemies":"Jaw Worm","floor":1.0,"turns":4.0},{"damage":0.0,"enemies":"Small Slimes","floor":3.0,"turns":2.0},{"damage":20.0,"enemies":"Lagavulin","floor":7.0,"turns":7.0},{"damage":0.0,"enemies":"2 Louse","floor":10.0,"turns":2.0},{"damage":31.0,"enemies":"3 Sentries","floor":12.0,"turns":7.0},{"damage":8.0,"enemies":"Blue Slaver","floor":13.0,"turns":2.0},{"damage":8.0,"enemies":"Gremlin Nob","floor":14.0,"turns":3.0},{"damage":20.0,"enemies":"The Guardian","floor":16.0,"turns":10.0},{"damage":8.0,"enemies":"Spheric Guardian","floor":18.0,"turns":6.0},{"damage":0.0,"enemies":"Chosen","floor":19.0,"turns":4.0},{"damage":24.0,"enemies":"3 Cultists","floor":21.0,"turns":5.0},{"damage":8.0,"enemies":"Snecko","floor":22.0,"turns":5.0},{"damage":27.0,"enemies":"Shelled Parasite and Fungi","floor":24.0,"turns":9.0},{"damage":1.0,"enemies":"Centurion and Healer","floor":30.0,"turns":7.0},{"damage":1.0,"enemies":"Snecko","floor":31.0,"turns":6.0},{"damage":1.0,"enemies":"Champ","floor":33.0,"turns":15.0},{"damage":0.0,"enemies":"3 Darklings","floor":35.0,"turns":4.0},{"damage":0.0,"enemies":"3 Shapes","floor":36.0,"turns":4.0},{"damage":5.0,"enemies":"Writhing Mass","floor":39.0,"turns":8.0},{"damage":16.0,"enemies":"Nemesis","floor":41.0,"turns":9.0},{"damage":0.0,"enemies":"4 Shapes","floor":45.0,"turns":5.0},{"damage":12,"enemies":"Maw","floor":48,"turns":9},{"damage":7,"enemies":"Awakened One","floor":50,"turns":17},{"damage":5,"enemies":"Time Eater","floor":51,"turns":18}],"seed_played":"-3940145386869430799","potions_obtained":[{"floor":0.0,"key":"Swift Potion"},{"floor":0.0,"key":"SkillPotion"},{"floor":13.0,"key":"GamblersBrew"},{"floor":18.0,"key":"Swift Potion"},{"floor":19.0,"key":"Weak Potion"},{"floor":33.0,"key":"FearPotion"},{"floor":36.0,"key":"EssenceOfSteel"},{"floor":48,"key":"EssenceOfSteel"}],"is_trial":false,"path_per_floor":["M","?","M","?","?","R","E","R","T","M","?","E","M","E","R","B",null,"M","M","$","M","M","R","M","?","T","R","?","R","M","M","R","B",null,"M","M","?","$","M","R","E","?","T","R","M","R","$","M","R","B","B",null],"character_chosen":"DEFECT","items_purchased":["ClockworkSouvenir","Loop+1","Defragment+1"],"campfire_rested":7,"item_purchase_floors":[20,20,38],"current_hp_per_floor":[62,51,51,30,30,49,29,48,48,48,53,22,14,6,26,6,53,45,45,45,21,13,33,6,6,6,16,16,26,30,34,34,34,34,34,34,34,34,34,34,25,25,25,25,32,32,32,27,39,32,27],"gold":80,"neow_bonus":"THREE_SMALL_POTIONS","is_prod":false,"is_daily":false,"chose_seed":false,"campfire_upgraded":4,"win_rate":0,"timestamp":1558434804,"path_taken":["M","?","M","?","?","R","E","R","T","M","?","E","M","E","R","BOSS","M","M","$","M","M","R","M","?","T","R","?","R","M","M","R","BOSS","M","M","?","$","?","R","E","?","T","R","M","R","$","?","R","BOSS","BOSS"],"build_version":"2019-05-07","purchased_purges":2,"victory":true,"max_hp_per_floor":[71,71,71,71,64,64,64,64,64,64,69,69,69,69,69,69,69,69,69,69,69,69,69,69,34,34,34,34,34,34,34,34,34,34,34,34,34,34,34,34,36,36,36,36,38,38,38,40,40,40,40],"card_choices":[{"not_picked":["Rebound","Hologram"],"picked":"Ball Lightning","floor":1.0},{"not_picked":["Reprogram","Redo"],"picked":"Chaos","floor":3.0},{"not_picked":["Beam Cell","Storm","Thunder Strike"],"picked":"SKIP","floor":7.0},{"not_picked":["Hologram","Beam Cell"],"picked":"Sweeping Beam","floor":10.0},{"not_picked":["Genetic Algorithm","Beam Cell"],"picked":"Undo","floor":12.0},{"not_picked":["Leap","Force Field"],"picked":"Conserve Battery","floor":13.0},{"not_picked":["Rip and Tear","Ball Lightning"],"picked":"Genetic Algorithm","floor":14.0},{"not_picked":["Amplify","Buffer+1"],"picked":"Core Surge","floor":16.0},{"not_picked":["Fusion","Heatsinks+1"],"picked":"Go for the Eyes","floor":18.0},{"not_picked":["Redo","Heatsinks+1"],"picked":"Leap","floor":19.0},{"not_picked":["Gash","Blizzard","Leap"],"picked":"SKIP","floor":21.0},{"not_picked":["Sweeping Beam+1","Skim"],"picked":"Consume","floor":22.0},{"not_picked":["Beam Cell","Redo"],"picked":"Chill","floor":24.0},{"not_picked":["Turbo","Go for the Eyes+1","White Noise"],"picked":"SKIP","floor":30.0},{"not_picked":["Beam Cell","Turbo","Chaos"],"picked":"SKIP","floor":31.0},{"not_picked":["Beam Cell","Chaos"],"picked":"Turbo","floor":31.0},{"not_picked":["Hyperbeam","Fission"],"picked":"Electrodynamics+1","floor":33.0},{"not_picked":["Turbo+1","Leap+1"],"picked":"Compile Driver+1","floor":35.0},{"not_picked":["Undo","Force Field+1"],"picked":"Coolheaded","floor":36.0},{"not_picked":["Heatsinks+1","Chill","Stack+1"],"picked":"SKIP","floor":39.0},{"not_picked":["Genetic Algorithm+1","Chaos+1","Barrage"],"picked":"Singing Bowl","floor":41.0},{"not_picked":["Turbo+1","Gash","Hologram"],"picked":"Singing Bowl","floor":45.0},{"not_picked":["Sweeping Beam+1","Steam+1","Cold Snap"],"picked":"Singing Bowl","floor":48}],"player_experience":1573915,"relics_obtained":[{"floor":7.0,"key":"Centennial Puzzle"},{"floor":9.0,"key":"Frozen Egg 2"},{"floor":12.0,"key":"Shuriken"},{"floor":14.0,"key":"Bag of Marbles"},{"floor":26.0,"key":"Cables"},{"floor":41.0,"key":"Singing Bowl"},{"floor":43.0,"key":"Sundial"}],"event_choices":[{"damage_healed":0.0,"max_hp_gain":0.0,"max_hp_loss":0.0,"gold_gain":0.0,"event_name":"Scrap Ooze","player_choice":"Success","floor":2.0,"gold_loss":0.0,"damage_taken":11.0,"relics_obtained":["Gambling Chip"]},{"damage_healed":0.0,"max_hp_gain":0.0,"max_hp_loss":0.0,"gold_gain":0.0,"event_name":"Shining Light","player_choice":"Entered Light","floor":4.0,"gold_loss":0.0,"damage_taken":21.0,"cards_upgraded":["Zap","Dualcast"]},{"damage_healed":0.0,"max_hp_gain":0.0,"max_hp_loss":7.0,"gold_gain":0.0,"event_name":"Golden Idol","player_choice":"Lose Max HP","floor":5.0,"gold_loss":0.0,"damage_taken":0.0,"relics_obtained":["Golden Idol"]},{"damage_healed":0.0,"max_hp_gain":5.0,"max_hp_loss":0.0,"gold_gain":0.0,"event_name":"Big Fish","player_choice":"Donut","floor":11.0,"gold_loss":0.0,"damage_taken":0.0},{"damage_healed":0.0,"max_hp_gain":0.0,"max_hp_loss":35.0,"gold_gain":0.0,"event_name":"Ghosts","player_choice":"Became a Ghost","floor":25.0,"gold_loss":0.0,"damage_taken":0.0,"cards_obtained":["Ghostly","Ghostly","Ghostly"]},{"damage_healed":0.0,"max_hp_gain":0.0,"max_hp_loss":0.0,"gold_gain":0.0,"event_name":"Forgotten Altar","player_choice":"Gave Idol","floor":28.0,"relics_lost":["Golden Idol"],"gold_loss":0.0,"damage_taken":0.0,"relics_obtained":["Bloody Idol"]},{"damage_healed":0.0,"max_hp_gain":0.0,"max_hp_loss":0.0,"gold_gain":0.0,"event_name":"Wheel of Change","player_choice":"Cursed","floor":37.0,"gold_loss":0.0,"damage_taken":0.0,"cards_obtained":["Decay"]},{"damage_healed":0.0,"max_hp_gain":0.0,"max_hp_loss":0.0,"gold_gain":0.0,"event_name":"Designer","player_choice":"Upgrade","floor":42.0,"gold_loss":50.0,"damage_taken":0.0,"cards_upgraded":["Ghostly"]}],"is_beta":true,"boss_relics":[{"not_picked":["Tiny House","Velvet Choker"],"picked":"Inserter"},{"not_picked":["Eternal Feather","Coffee Dripper"],"picked":"Snecko Eye"}],"items_purged_floors":[20,38],"is_endless":false,"potions_floor_spawned":[3,10,13,18,19,21,33,36,39,48],"ascension_level":20}