{"gold_per_floor":[118,293,293,13,30,50,50,81,153,153,166,180,180,4,4,100,100,118,133,133],"floor_reached":20,"playtime":2175,"items_purged":["Strike_G","Strike_G"],"score":174,"play_id":"2f414aa3-ab4c-4d1c-8fbc-1e380d733111","local_time":"20190601223434","is_ascension_mode":false,"campfire_choices":[{"data":"Noxious Fumes","floor":7,"key":"SMITH"},{"data":"Catalyst","floor":13,"key":"SMITH"},{"floor":15,"key":"REST"}],"neow_cost":"NONE","seed_source_timestamp":3048620504480124,"circlet_count":0,"master_deck":["Defend_G","Defend_G","Defend_G","Defend_G","Defend_G","Strike_G","Strike_G","Strike_G","Survivor","Neutralize","Accuracy","Noxious Fumes+1","Impatience","Quick Slash","Catalyst+1","Poisoned Stab","Night Terror","Poisoned Stab","Well Laid Plans","Burst"],"relics":["Ring of the Snake","NeowsBlessing","Mummified Hand","Ancient Tea Set","Meat on the Bone","Black Star"],"potions_floor_usage":[19,20],"damage_taken":[{"damage":0,"enemies":"Jaw Worm","floor":1,"turns":1},{"damage":0,"enemies":"Cultist","floor":5,"turns":1},{"damage":0,"enemies":"2 Louse","floor":6,"turns":1},{"damage":23,"enemies":"Lagavulin","floor":8,"turns":6},{"damage":0,"enemies":"Looter","floor":11,"turns":4},{"damage":19,"enemies":"3 Louse","floor":12,"turns":3},{"damage":54,"enemies":"Slime Boss","floor":16,"turns":8},{"damage":23,"enemies":"3 Byrds","floor":18,"turns":6},{"damage":27,"enemies":"Chosen","floor":19,"turns":5},{"damage":34,"enemies":"Sentry and Sphere","floor":20,"turns":5}],"seed_played":"8306594721843380334","potions_obtained":[{"floor":5,"key":"Dexterity Potion"},{"floor":12,"key":"Swift Potion"},{"floor":16,"key":"GamblersBrew"},{"floor":18,"key":"AttackPotion"}],"is_trial":false,"path_per_floor":["M","?","T","$","M","M","R","E","T","?","M","M","R","$","R","B",null,"M","M","M"],"character_chosen":"THE_SILENT","items_purchased":["Noxious Fumes","Impatience","Quick Slash","Well Laid Plans"],"campfire_rested":1,"item_purchase_floors":[4,4,4,14],"current_hp_per_floor":[70,70,70,70,70,70,70,47,47,47,47,40,40,40,61,19,70,47,32,0],"gold":133,"neow_bonus":"THREE_ENEMY_KILL","is_prod":false,"is_daily":false,"chose_seed":false,"campfire_upgraded":2,"win_rate":0.0,"timestamp":1559442874,"path_taken":["M","?","?","$","M","?","R","E","T","?","M","?","R","$","R","BOSS","M","M","M"],"build_version":"2019-01-23","purchased_purges":2,"victory":false,"max_hp_per_floor":[70,70,70,70,70,70,70,70,70,70,70,70,70,70,70,70,70,70,70,70],"card_choices":[{"not_picked":["Dagger Throw","Prepared"],"picked":"Accuracy","floor":1},{"not_picked":["Skewer","Deflect"],"picked":"Catalyst","floor":5},{"not_picked":["Sucker Punch","Deflect"],"picked":"Poisoned Stab","floor":6},{"not_picked":["Distraction","Dash"],"picked":"Night Terror","floor":8},{"not_picked":["Dagger Throw","Blade Dance"],"picked":"Poisoned Stab","floor":11},{"not_picked":["Slice","Dagger Throw","Predator"],"picked":"SKIP","floor":12},{"not_picked":["Wraith Form v2","Adrenaline"],"picked":"Burst","floor":16},{"not_picked":["Acrobatics","Leg Sweep","Dagger Throw"],"picked":"SKIP","floor":18},{"not_picked":["Acrobatics","Dodge and Roll","Quick Slash+1"],"picked":"SKIP","floor":19}],"player_experience":1095591,"relics_obtained":[{"floor":3,"key":"Mummified Hand"},{"floor":8,"key":"Ancient Tea Set"},{"floor":9,"key":"Meat on the Bone"}],"event_choices":[{"damage_healed":0,"gold_gain":175,"player_choice":"AGREE","damage_taken":0,"max_hp_gain":0,"max_hp_loss":0,"event_name":"Liars Game","floor":2,"gold_loss":0,"cards_obtained":["Doubt"]},{"cards_removed":["Doubt"],"damage_healed":0,"gold_gain":0,"player_choice":"Removed Curses","damage_taken":0,"max_hp_gain":0,"max_hp_loss":0,"event_name":"Fountain of Cleansing","floor":10,"gold_loss":0}],"is_beta":false,"boss_relics":[{"not_picked":["Tiny House","Philosopher\u0027s Stone"],"picked":"Black Star"}],"items_purged_floors":[4,14],"is_endless":false,"potions_floor_spawned":[5,12,16,18],"killed_by":"Sentry and Sphere","ascension_level":0}