{"gold_per_floor":[118,118,132,132,132,157,176,176,199,231,231,259,278,278,278,355,355,372,372],"floor_reached":19,"playtime":638,"items_purged":[],"score":399,"play_id":"dc922192-a43f-4960-8520-5a5214d269e5","local_time":"20190607155157","is_ascension_mode":true,"campfire_choices":[{"data":"Darkness","floor":8,"key":"SMITH"},{"data":"Hologram","floor":11,"key":"SMITH"},{"floor":15,"key":"REST"}],"neow_cost":"NONE","seed_source_timestamp":232177506397917,"circlet_count":0,"master_deck":["AscendersBane","Strike_B+1","Strike_B","Strike_B","Defend_B+1","Defend_B","Defend_B","Defend_B","Zap+1","Dualcast","BootSequence","Gash","Ball Lightning","Darkness+1","Hologram+1","Reinforced Body","Redo","Echo Form","Auto Shields"],"relics":["Cracked Core","NeowsBlessing","Pen Nib","Art of War","Dream Catcher","Happy Flower","Cursed Key"],"potions_floor_usage":[12,12,18,19],"damage_taken":[{"damage":0,"enemies":"Jaw Worm","floor":1,"turns":1},{"damage":0,"enemies":"Small Slimes","floor":3,"turns":1},{"damage":0,"enemies":"Gremlin Nob","floor":6,"turns":1},{"damage":0,"enemies":"Cultist","floor":7,"turns":3},{"damage":12,"enemies":"Lagavulin","floor":10,"turns":6},{"damage":8,"enemies":"Gremlin Nob","floor":12,"turns":3},{"damage":0,"enemies":"Looter","floor":13,"turns":3},{"damage":35,"enemies":"Slime Boss","floor":16,"turns":11},{"damage":0,"enemies":"3 Byrds","floor":18,"turns":2},{"damage":66,"enemies":"Masked Bandits","floor":19,"turns":3}],"seed_played":"3703856201064575460","potions_obtained":[{"floor":6,"key":"LiquidBronze"},{"floor":7,"key":"Explosive Potion"},{"floor":10,"key":"AttackPotion"},{"floor":13,"key":"LiquidBronze"},{"floor":16,"key":"Weak Potion"}],"is_trial":false,"path_per_floor":["M","?","M","?","?","E","M","R","T","E","R","E","M","?","R","B",null,"M","?"],"character_chosen":"DEFECT","items_purchased":[],"campfire_rested":1,"item_purchase_floors":[],"current_hp_per_floor":[64,64,64,43,43,43,43,43,43,31,31,23,23,23,44,9,56,56,0],"gold":372,"neow_bonus":"THREE_ENEMY_KILL","is_prod":false,"is_daily":false,"chose_seed":false,"campfire_upgraded":2,"win_rate":0,"timestamp":1559915517,"path_taken":["M","?","M","?","?","E","M","R","T","E","R","E","M","?","R","BOSS","M","?"],"build_version":"2019-01-23","purchased_purges":0,"victory":false,"max_hp_per_floor":[71,71,71,71,71,71,71,71,71,71,71,71,71,71,71,71,71,71,71],"card_choices":[{"not_picked":["Stack","White Noise"],"picked":"BootSequence","floor":1},{"not_picked":["Double Energy","Static Discharge"],"picked":"Gash","floor":3},{"not_picked":["Go for the Eyes","Defragment"],"picked":"Ball Lightning","floor":6},{"not_picked":["Rip and Tear","Go for the Eyes"],"picked":"Darkness","floor":7},{"not_picked":["Melter","Streamline"],"picked":"Hologram","floor":10},{"not_picked":["Leap","Go for the Eyes","Streamline"],"picked":"SKIP","floor":12},{"not_picked":["Stack","Leap"],"picked":"Reinforced Body","floor":13},{"not_picked":["Storm","Sunder"],"picked":"Redo","floor":15},{"not_picked":["Reboot","Rainbow"],"picked":"Echo Form","floor":16},{"not_picked":["Rip and Tear","Darkness"],"picked":"Auto Shields","floor":18}],"player_experience":537805,"relics_obtained":[{"floor":6,"key":"Pen Nib"},{"floor":9,"key":"Art of War"},{"floor":10,"key":"Dream Catcher"},{"floor":12,"key":"Happy Flower"}],"event_choices":[{"damage_healed":0,"gold_gain":0,"player_choice":"Ignored","damage_taken":0,"max_hp_gain":0,"max_hp_loss":0,"event_name":"Liars Game","floor":2,"gold_loss":0},{"damage_healed":0,"gold_gain":0,"player_choice":"Entered Light","damage_taken":21,"max_hp_gain":0,"max_hp_loss":0,"event_name":"Shining Light","floor":4,"gold_loss":0,"cards_upgraded":["Defend_B","Strike_B"]},{"damage_healed":0,"gold_gain":0,"player_choice":"Grow","damage_taken":0,"max_hp_gain":0,"max_hp_loss":0,"event_name":"Living Wall","floor":5,"gold_loss":0,"cards_upgraded":["Zap"]},{"cards_removed":["Strike_B"],"damage_healed":0,"gold_gain":0,"player_choice":"Purged","damage_taken":0,"max_hp_gain":0,"max_hp_loss":0,"event_name":"Purifier","floor":14,"gold_loss":0},{"damage_healed":0,"gold_gain":0,"player_choice":"Fought Bandits","damage_taken":0,"max_hp_gain":0,"max_hp_loss":0,"event_name":"Masked Bandits","floor":19,"gold_loss":0}],"is_beta":false,"boss_relics":[{"not_picked":["Inserter","White Beast Statue"],"picked":"Cursed Key"}],"items_purged_floors":[],"is_endless":false,"potions_floor_spawned":[6,7,10,13,16],"killed_by":"Masked Bandits","ascension_level":18}