{"gold_per_floor":[111,36,36,111,128,128,159,159,184,184,199,234,248,260,260,336,336,353,370,60,60,77,77,105,105,105,105],"floor_reached":27,"playtime":917,"items_purged":["Strike_B","Strike_B"],"score":519,"play_id":"40b6bb61-f66a-46d7-9225-7c286f105abe","local_time":"20190619225049","is_ascension_mode":true,"campfire_choices":[{"data":"Zap","floor":6,"key":"SMITH"},{"data":"Tempest","floor":8,"key":"SMITH"},{"data":"Hello World","floor":15,"key":"SMITH"},{"floor":23,"key":"REST"},{"data":"Conserve Battery","floor":25,"key":"SMITH"}],"neow_cost":"NONE","seed_source_timestamp":457070378218528,"circlet_count":0,"master_deck":["AscendersBane","Strike_B","Defend_B","Defend_B","Defend_B","Zap+1","Dualcast","Self Repair","Tempest+1","Ball Lightning","Loop","Conserve Battery+1","Hello World+1","Electrodynamics"],"relics":["Cracked Core","NeowsBlessing","Dream Catcher","Centennial Puzzle","Potion Belt","Busted Crown","Lee\u0027s Waffle","Toxic Egg 2","Boot"],"potions_floor_usage":[12,14,18,24],"damage_taken":[{"damage":0,"enemies":"Jaw Worm","floor":1,"turns":1},{"damage":0,"enemies":"2 Louse","floor":5,"turns":2},{"damage":0,"enemies":"Lagavulin","floor":7,"turns":1},{"damage":7,"enemies":"Small Slimes","floor":11,"turns":3},{"damage":23,"enemies":"3 Sentries","floor":12,"turns":6},{"damage":2,"enemies":"Red Slaver","floor":13,"turns":3},{"damage":20,"enemies":"Gremlin Gang","floor":14,"turns":4},{"damage":33,"enemies":"Slime Boss","floor":16,"turns":11},{"damage":1,"enemies":"3 Byrds","floor":18,"turns":2},{"damage":32,"enemies":"Shell Parasite","floor":19,"turns":5},{"damage":46,"enemies":"Shelled Parasite and Fungi","floor":22,"turns":6},{"damage":37,"enemies":"Slavers","floor":24,"turns":3},{"damage":32,"enemies":"Book of Stabbing","floor":27,"turns":2}],"seed_played":"-7427025957543429525","potions_obtained":[{"floor":11,"key":"Block Potion"},{"floor":12,"key":"Strength Potion"},{"floor":16,"key":"SkillPotion"},{"floor":18,"key":"EssenceOfSteel"},{"floor":24,"key":"SteroidPotion"}],"is_trial":false,"path_per_floor":["M","$","?","?","M","R","E","R","T","?","M","E","M","M","R","B",null,"M","M","$","?","M","R","E","R","T","E"],"character_chosen":"DEFECT","items_purchased":["Lee\u0027s Waffle"],"campfire_rested":1,"item_purchase_floors":[20],"current_hp_per_floor":[64,64,57,46,53,53,60,60,60,60,60,44,49,36,36,10,56,62,37,78,78,39,62,32,32,32,0],"gold":105,"neow_bonus":"THREE_ENEMY_KILL","is_prod":false,"is_daily":false,"chose_seed":false,"campfire_upgraded":4,"win_rate":0,"timestamp":1560977449,"path_taken":["M","$","?","?","M","R","E","R","T","?","M","E","M","M","R","BOSS","M","M","$","?","?","R","E","R","T","E"],"build_version":"2019-01-23","purchased_purges":2,"victory":false,"max_hp_per_floor":[71,71,71,71,71,71,71,71,71,71,71,71,71,71,71,71,71,71,71,78,78,78,78,78,78,78,78],"card_choices":[{"not_picked":["Go for the Eyes","BootSequence"],"picked":"Self Repair","floor":1},{"not_picked":["Hologram","Compile Driver"],"picked":"Tempest","floor":5},{"not_picked":["Hello World","Melter"],"picked":"Ball Lightning","floor":7},{"not_picked":["Coolheaded","Ball Lightning"],"picked":"Loop","floor":11},{"not_picked":["Steam","Cold Snap"],"picked":"Conserve Battery","floor":12},{"not_picked":["Force Field","Turbo"],"picked":"Hello World","floor":13},{"not_picked":["Chaos","Streamline","Recycle"],"picked":"SKIP","floor":14},{"not_picked":["Seek","Rainbow"],"picked":"Electrodynamics","floor":16},{"not_picked":["Go for the Eyes"],"picked":"SKIP","floor":18},{"not_picked":["Stack"],"picked":"SKIP","floor":19},{"not_picked":["Gash"],"picked":"SKIP","floor":22},{"not_picked":["Streamline"],"picked":"SKIP","floor":24}],"player_experience":606711,"relics_obtained":[{"floor":7,"key":"Dream Catcher"},{"floor":9,"key":"Centennial Puzzle"},{"floor":12,"key":"Potion Belt"},{"floor":24,"key":"Toxic Egg 2"},{"floor":26,"key":"Boot"}],"event_choices":[{"cards_removed":["Defend_B"],"damage_healed":0,"gold_gain":0,"player_choice":"Card Removal","damage_taken":7,"max_hp_gain":0,"max_hp_loss":0,"event_name":"Golden Wing","floor":3,"gold_loss":0},{"damage_healed":0,"gold_gain":75,"player_choice":"Gather Gold","damage_taken":11,"max_hp_gain":0,"max_hp_loss":0,"event_name":"World of Goop","floor":4,"gold_loss":0},{"damage_healed":0,"gold_gain":0,"player_choice":"0 cards matched","damage_taken":0,"max_hp_gain":0,"max_hp_loss":0,"event_name":"Match and Keep!","floor":10,"gold_loss":0,"cards_obtained":[]},{"damage_healed":0,"gold_gain":0,"player_choice":"0 cards matched","damage_taken":0,"max_hp_gain":0,"max_hp_loss":0,"event_name":"Match and Keep!","floor":10,"gold_loss":0,"cards_obtained":[]},{"cards_removed":["Strike_B"],"damage_healed":0,"gold_gain":0,"player_choice":"Purged","damage_taken":0,"max_hp_gain":0,"max_hp_loss":0,"event_name":"Purifier","floor":21,"gold_loss":0}],"is_beta":false,"boss_relics":[{"not_picked":["Fusion Hammer","Cursed Key"],"picked":"Busted Crown"}],"items_purged_floors":[2,20],"is_endless":false,"potions_floor_spawned":[11,12,16,18,24],"killed_by":"Book of Stabbing","ascension_level":19}