{"gold_per_floor":[99,99,99,49,49,49,49,19,19,19,19,19,19,19,19,19,19,19,19,19,19,19,19,19,19,19,19,19,19,19,19,19,19,19,19,19,19,19,19,19,19,19,19,19,19,19,19,19,19,19],"floor_reached":50,"playtime":3040,"items_purged":[],"score":918,"play_id":"7b14a83a-6458-41ad-adc5-53ee348139b1","local_time":"20190519184415","is_ascension_mode":true,"campfire_choices":[{"data":"Neutralize","floor":6.0,"key":"SMITH"},{"floor":10.0,"key":"REST"},{"data":"Underhanded Strike","floor":15.0,"key":"SMITH"},{"floor":30.0,"key":"REST"},{"data":"Footwork","floor":32.0,"key":"SMITH"},{"data":"Skewer","floor":41.0,"key":"SMITH"},{"floor":44.0,"key":"REST"},{"floor":47.0,"key":"RECALL"},{"data":"Tactician","floor":49.0,"key":"SMITH"}],"neow_cost":"NONE","seed_source_timestamp":173171092283572,"circlet_count":0,"master_deck":["AscendersBane","Survivor","Neutralize+1","Underhanded Strike+1","Backflip","Dagger Throw","Blur","Quick Slash","Tools of the Trade","Dagger Throw","Acrobatics","A Thousand Cuts+1","Expertise","Quick Slash","Tools of the Trade","Well Laid Plans","Tactician+1","Skewer+1","Underhanded Strike","Dash","Dodge and Roll+1","Shame","Escape Plan","Skewer","Footwork+1","Die Die Die","Footwork+1","Reflex"],"special_seed":0,"relics":["Ectoplasm","The Courier","Pen Nib","Ancient Tea Set","Paper Crane","Pandora\u0027s Box","Red Mask","Juzu Bracelet","Regal Pillow","Dream Catcher","Eternal Feather","Gremlin Horn","Happy Flower"],"potions_floor_usage":[],"damage_taken":[{"damage":3.0,"enemies":"Jaw Worm","floor":1.0,"turns":6.0},{"damage":9.0,"enemies":"Small Slimes","floor":2.0,"turns":5.0},{"damage":0.0,"enemies":"2 Louse","floor":3.0,"turns":3.0},{"damage":7.0,"enemies":"3 Sentries","floor":7.0,"turns":5.0},{"damage":1.0,"enemies":"Looter","floor":8.0,"turns":3.0},{"damage":15.0,"enemies":"Gremlin Nob","floor":11.0,"turns":4.0},{"damage":9.0,"enemies":"Lagavulin","floor":13.0,"turns":7.0},{"damage":2.0,"enemies":"3 Louse","floor":14.0,"turns":4.0},{"damage":12.0,"enemies":"The Guardian","floor":16.0,"turns":14.0},{"damage":4.0,"enemies":"Chosen","floor":18.0,"turns":4.0},{"damage":6.0,"enemies":"Spheric Guardian","floor":19.0,"turns":3.0},{"damage":20.0,"enemies":"Masked Bandits","floor":20.0,"turns":4.0},{"damage":0.0,"enemies":"Snecko","floor":21.0,"turns":4.0},{"damage":22.0,"enemies":"Book of Stabbing","floor":23.0,"turns":6.0},{"damage":6.0,"enemies":"Snake Plant","floor":24.0,"turns":5.0},{"damage":7.0,"enemies":"Chosen and Byrds","floor":28.0,"turns":5.0},{"damage":10.0,"enemies":"Shelled Parasite and Fungi","floor":29.0,"turns":6.0},{"damage":22.0,"enemies":"Automaton","floor":33.0,"turns":11.0},{"damage":24.0,"enemies":"3 Darklings","floor":35.0,"turns":5.0},{"damage":12.0,"enemies":"Giant Head","floor":40.0,"turns":10.0},{"damage":29.0,"enemies":"Nemesis","floor":42.0,"turns":9.0},{"damage":0.0,"enemies":"3 Shapes","floor":45.0,"turns":3.0},{"damage":23.0,"enemies":"Writhing Mass","floor":46.0,"turns":7.0},{"damage":0.0,"enemies":"Sphere and 2 Shapes","floor":48.0,"turns":4.0},{"damage":71,"enemies":"Donu and Deca","floor":50,"turns":9}],"seed_played":"350225813404356889","potions_obtained":[{"floor":1.0,"key":"PowerPotion"},{"floor":7.0,"key":"Ancient Potion"},{"floor":11.0,"key":"Dexterity Potion"},{"floor":14.0,"key":"Regen Potion"},{"floor":20.0,"key":"FairyPotion"},{"floor":23.0,"key":"SteroidPotion"},{"floor":33.0,"key":"SkillPotion"},{"floor":42.0,"key":"AttackPotion"}],"is_trial":false,"path_per_floor":["M","M","M","?","?","R","E","M","T","R","E","$","E","M","R","B",null,"M","M","?","M","?","E","M","?","T","?","M","M","R","?","R","B",null,"M","?","?","?","$","E","R","E","T","R","M","M","R","M","R","B"],"character_chosen":"THE_SILENT","items_purchased":[],"campfire_rested":3,"item_purchase_floors":[],"current_hp_per_floor":[56,47,47,47,47,47,40,39,39,58,43,43,34,32,32,20,55,51,45,25,37,37,15,9,9,9,9,2,6,40,40,40,18,54,30,30,30,30,30,18,33,4,4,53,53,30,45,45,60,0],"gold":19,"neow_bonus":"BOSS_RELIC","is_prod":false,"is_daily":false,"chose_seed":false,"campfire_upgraded":5,"win_rate":0,"timestamp":1558284255,"path_taken":["M","M","M","?","?","R","E","M","T","R","E","$","E","M","R","BOSS","M","M","?","M","?","E","M","?","T","?","M","M","R","?","R","BOSS","M","?","?","?","?","E","R","E","T","R","M","M","R","M","R","BOSS"],"build_version":"2019-01-23","purchased_purges":0,"victory":false,"max_hp_per_floor":[66,66,66,66,66,66,66,66,66,66,66,66,66,66,66,66,66,66,66,66,66,66,66,66,66,66,66,66,66,66,66,66,66,66,66,66,66,66,66,66,66,66,66,66,66,66,66,66,66,66],"card_choices":[{"not_picked":["Eviscerate","Sucker Punch"],"picked":"Underhanded Strike","floor":1.0},{"not_picked":["Setup","Slice"],"picked":"Backflip","floor":2.0},{"not_picked":["Flechettes","Endless Agony"],"picked":"Dagger Throw","floor":3.0},{"not_picked":["Dagger Spray","Slice"],"picked":"Blur","floor":7.0},{"not_picked":["Poisoned Stab","Outmaneuver","Deflect"],"picked":"SKIP","floor":8.0},{"not_picked":["Outmaneuver","Cloak And Dagger","Deflect"],"picked":"SKIP","floor":11.0},{"not_picked":["Calculated Gamble","Cloak And Dagger"],"picked":"Quick Slash","floor":13.0},{"not_picked":["Prepared","Outmaneuver","Poisoned Stab"],"picked":"SKIP","floor":14.0},{"not_picked":["Grand Finale","Doppelganger"],"picked":"Tools of the Trade","floor":16.0},{"not_picked":["Eviscerate","Prepared+1"],"picked":"Skewer","floor":18.0},{"not_picked":["Outmaneuver","Bane"],"picked":"Underhanded Strike","floor":19.0},{"not_picked":["Flying Knee","Noxious Fumes"],"picked":"Dash","floor":20.0},{"not_picked":["Concentrate","Bane+1","Slice"],"picked":"SKIP","floor":21.0},{"not_picked":["PiercingWail","Quick Slash"],"picked":"Dodge and Roll+1","floor":23.0},{"not_picked":["Riddle With Holes","Slice","Acrobatics"],"picked":"SKIP","floor":24.0},{"not_picked":["Deflect","A Thousand Cuts"],"picked":"Escape Plan","floor":28.0},{"not_picked":["Slice+1","Well Laid Plans"],"picked":"Skewer","floor":29.0},{"not_picked":["Flying Knee","Concentrate"],"picked":"Footwork","floor":30.0},{"not_picked":["Doppelganger","Grand Finale"],"picked":"Die Die Die","floor":33.0},{"not_picked":["All Out Attack","Poisoned Stab+1","Blade Dance"],"picked":"SKIP","floor":35.0},{"not_picked":["Quick Slash","Die Die Die","Tools of the Trade"],"picked":"SKIP","floor":40.0},{"not_picked":["Dagger Spray","Sucker Punch","Calculated Gamble+1"],"picked":"SKIP","floor":42.0},{"not_picked":["Outmaneuver+1","Endless Agony"],"picked":"Reflex","floor":44.0},{"not_picked":["Infinite Blades","Dagger Spray","Deflect"],"picked":"SKIP","floor":45.0},{"not_picked":["Deflect+1","Underhanded Strike","Cloak And Dagger+1"],"picked":"SKIP","floor":46.0},{"not_picked":["Dagger Spray","Flying Knee+1","Poisoned Stab"],"picked":"SKIP","floor":48.0}],"player_experience":341693,"relics_obtained":[{"floor":7.0,"key":"The Courier"},{"floor":9.0,"key":"Pen Nib"},{"floor":11.0,"key":"Ancient Tea Set"},{"floor":13.0,"key":"Paper Crane"},{"floor":20.0,"key":"Red Mask"},{"floor":23.0,"key":"Juzu Bracelet"},{"floor":26.0,"key":"Dream Catcher"},{"floor":40.0,"key":"Gremlin Horn"},{"floor":42.0,"key":"Happy Flower"}],"event_choices":[{"cards_removed":["Defend_G"],"damage_healed":0.0,"max_hp_gain":0.0,"max_hp_loss":0.0,"gold_gain":0.0,"event_name":"The Cleric","player_choice":"Card Removal","floor":4.0,"gold_loss":50.0,"damage_taken":0.0},{"cards_removed":["Defend_G"],"damage_healed":0.0,"max_hp_gain":0.0,"max_hp_loss":0.0,"gold_gain":0.0,"event_name":"Living Wall","player_choice":"Forget","floor":5.0,"gold_loss":0.0,"damage_taken":0.0},{"damage_healed":0.0,"max_hp_gain":0.0,"max_hp_loss":0.0,"gold_gain":0.0,"event_name":"Masked Bandits","player_choice":"Fought Bandits","floor":20.0,"gold_loss":0.0,"damage_taken":0.0},{"damage_healed":0.0,"max_hp_gain":0.0,"max_hp_loss":0.0,"gold_gain":0.0,"event_name":"Beggar","player_choice":"Ignored","floor":22.0,"gold_loss":0.0,"damage_taken":0.0},{"damage_healed":0.0,"max_hp_gain":0.0,"max_hp_loss":0.0,"gold_gain":0.0,"event_name":"Addict","player_choice":"Stole Relic","floor":25.0,"gold_loss":0.0,"damage_taken":0.0,"relics_obtained":["Regal Pillow"],"cards_obtained":["Shame"]},{"damage_healed":0.0,"max_hp_gain":0.0,"max_hp_loss":0.0,"gold_gain":0.0,"event_name":"Cursed Tome","player_choice":"Ignored","floor":27.0,"gold_loss":0.0,"damage_taken":0.0},{"damage_healed":0.0,"max_hp_gain":0.0,"max_hp_loss":0.0,"gold_gain":99.0,"event_name":"Nest","player_choice":"Stole From Cult","floor":31.0,"gold_loss":0.0,"damage_taken":0.0},{"damage_healed":0.0,"max_hp_gain":0.0,"max_hp_loss":0.0,"gold_gain":0.0,"event_name":"Accursed Blacksmith","player_choice":"Forge","floor":36.0,"gold_loss":0.0,"damage_taken":0.0,"cards_upgraded":["A Thousand Cuts"]},{"damage_healed":0.0,"max_hp_gain":0.0,"max_hp_loss":0.0,"gold_gain":0.0,"event_name":"Duplicator","player_choice":"Copied","floor":37.0,"gold_loss":0.0,"damage_taken":0.0,"cards_obtained":["Footwork"]},{"damage_healed":0.0,"max_hp_gain":0.0,"max_hp_loss":0.0,"gold_gain":300.0,"event_name":"Wheel of Change","player_choice":"Gold","floor":38.0,"gold_loss":0.0,"damage_taken":0.0}],"is_beta":false,"boss_relics":[{"not_picked":["Runic Pyramid","Busted Crown"],"picked":"Pandora\u0027s Box"},{"not_picked":["Runic Dome","Sozu"],"picked":"Eternal Feather"}],"items_purged_floors":[],"is_endless":false,"potions_floor_spawned":[1,7,11,14,16,20,23,24,33,42,45],"killed_by":"Donu and Deca","ascension_level":14}