{"gold_per_floor":[113,113,128,138,7,7,82,82,82,82,112,129,129,164,164,237,237,255,14,14,30,45,45,55,3,29,29,29,40,40,56,56,130,130,146,146,165,165,65,65,65],"floor_reached":41,"playtime":1249,"items_purged":["Strike_B","Strike_B"],"score":738,"play_id":"c7d7d52a-a49f-46f7-b427-296e87754145","local_time":"20190603175256","is_ascension_mode":true,"campfire_choices":[{"data":"Zap","floor":6.0,"key":"SMITH"},{"data":"Coolheaded","floor":8.0,"key":"SMITH"},{"data":"Gash","floor":13.0,"key":"SMITH"},{"floor":15.0,"key":"REST"},{"floor":23.0,"key":"REST"},{"floor":27.0,"key":"REST"},{"floor":30.0,"key":"REST"},{"floor":32.0,"key":"REST"},{"floor":40,"key":"REST"}],"neow_cost":"NONE","seed_source_timestamp":1468103618036928,"circlet_count":0,"master_deck":["AscendersBane","Strike_B","Strike_B","Defend_B","Defend_B","Defend_B","Defend_B","Zap+1","Dualcast","Rebound","Steam","Gash+1","Hologram+1","Coolheaded+1","Genetic Algorithm","All For One","Gash","Gash","Hologram","All For One"],"special_seed":0,"relics":["Cracked Core","NeowsBlessing","WarpedTongs","Bottled Flame","Shuriken","Gremlin Horn","Sozu","Pen Nib","Happy Flower","Runic Pyramid"],"potions_floor_usage":[],"damage_taken":[{"damage":0.0,"enemies":"Jaw Worm","floor":1.0,"turns":1.0},{"damage":0.0,"enemies":"Cultist","floor":3.0,"turns":1.0},{"damage":0.0,"enemies":"2 Louse","floor":4.0,"turns":1.0},{"damage":3.0,"enemies":"Lagavulin","floor":11.0,"turns":7.0},{"damage":4.0,"enemies":"Large Slime","floor":12.0,"turns":5.0},{"damage":10.0,"enemies":"Gremlin Nob","floor":14.0,"turns":3.0},{"damage":39.0,"enemies":"Hexaghost","floor":16.0,"turns":9.0},{"damage":16.0,"enemies":"Chosen","floor":18.0,"turns":4.0},{"damage":19.0,"enemies":"Shell Parasite","floor":21.0,"turns":3.0},{"damage":20.0,"enemies":"Snecko","floor":22.0,"turns":4.0},{"damage":22.0,"enemies":"Cultist and Chosen","floor":24.0,"turns":5.0},{"damage":7.0,"enemies":"3 Cultists","floor":29.0,"turns":4.0},{"damage":8.0,"enemies":"Snake Plant","floor":31.0,"turns":3.0},{"damage":34.0,"enemies":"Collector","floor":33.0,"turns":7.0},{"damage":41,"enemies":"3 Darklings","floor":35,"turns":4},{"damage":11,"enemies":"Orb Walker","floor":37,"turns":3},{"damage":28,"enemies":"Maw","floor":41,"turns":2}],"seed_played":"-1943885663833446273","potions_obtained":[{"floor":1.0,"key":"AttackPotion"},{"floor":11.0,"key":"Swift Potion"},{"floor":12.0,"key":"SteroidPotion"}],"is_trial":false,"path_per_floor":["M","?","M","M","$","R","?","R","T","?","E","M","R","E","R","B",null,"M","$","?","M","M","R","M","$","T","R","?","M","R","M","R","B",null,"M","?","M","?","$","R","M"],"character_chosen":"DEFECT","items_purchased":["Gash","Hologram","Coolheaded","Pen Nib","Gash"],"campfire_rested":6,"item_purchase_floors":[5,5,5,19,25],"current_hp_per_floor":[64,64,64,64,64,64,53,53,53,53,50,46,46,36,57,18,58,42,42,42,23,3,24,2,2,2,23,23,16,37,29,50,16,57,16,16,5,5,5,26,0],"gold":65,"neow_bonus":"THREE_ENEMY_KILL","is_prod":false,"is_daily":false,"chose_seed":false,"campfire_upgraded":3,"win_rate":0,"timestamp":1559577176,"path_taken":["M","?","?","M","?","R","?","R","T","?","E","M","R","E","R","BOSS","M","$","?","M","M","R","M","$","T","R","?","M","R","M","R","BOSS","M","?","M","?","$","R","?"],"build_version":"2019-01-23","purchased_purges":2,"victory":false,"max_hp_per_floor":[71,71,71,71,71,71,71,71,71,71,71,71,71,71,71,71,71,71,71,71,71,71,71,71,71,71,71,71,71,71,71,71,71,71,71,71,71,71,71,71,71],"card_choices":[{"not_picked":["Consume","Skim","Go for the Eyes"],"picked":"SKIP","floor":1.0},{"not_picked":["Go for the Eyes","Force Field"],"picked":"Rebound","floor":3.0},{"not_picked":["Turbo","Barrage"],"picked":"Steam","floor":4.0},{"not_picked":["Heatsinks","Stack","Consume"],"picked":"SKIP","floor":11.0},{"not_picked":["Heatsinks","Chaos"],"picked":"Genetic Algorithm","floor":12.0},{"not_picked":["Go for the Eyes","Ball Lightning"],"picked":"All For One","floor":14.0},{"not_picked":["Steam","Rebound","Redo"],"picked":"SKIP","floor":18.0},{"not_picked":["Loop","Recycle"],"picked":"Gash","floor":21.0},{"not_picked":["Sunder","Conserve Battery","Streamline"],"picked":"SKIP","floor":22.0},{"not_picked":["Turbo","Coolheaded","Skim"],"picked":"SKIP","floor":24.0},{"not_picked":["Conserve Battery","Undo"],"picked":"Hologram","floor":29.0},{"not_picked":["Sweeping Beam","Force Field","Chaos"],"picked":"SKIP","floor":31.0},{"not_picked":["Creative AI","Thunder Strike"],"picked":"All For One","floor":33.0},{"not_picked":["Beam Cell","Redo","Steam"],"picked":"SKIP","floor":35},{"not_picked":["Stack","Defragment","Gash"],"picked":"SKIP","floor":37}],"player_experience":512704,"relics_obtained":[{"floor":9.0,"key":"Bottled Flame"},{"floor":11.0,"key":"Shuriken"},{"floor":14.0,"key":"Gremlin Horn"},{"floor":26.0,"key":"Happy Flower"}],"event_choices":[{"damage_healed":0.0,"max_hp_gain":0.0,"max_hp_loss":0.0,"gold_gain":0.0,"event_name":"Accursed Blacksmith","player_choice":"Rummage","floor":2.0,"gold_loss":0.0,"damage_taken":0.0,"relics_obtained":["WarpedTongs"],"cards_obtained":["Pain"]},{"damage_healed":0.0,"max_hp_gain":0.0,"max_hp_loss":0.0,"gold_gain":75.0,"event_name":"World of Goop","player_choice":"Gather Gold","floor":7.0,"gold_loss":0.0,"damage_taken":11.0},{"cards_removed":["Pain"],"damage_healed":0.0,"max_hp_gain":0.0,"max_hp_loss":0.0,"gold_gain":0.0,"event_name":"Living Wall","player_choice":"Forget","floor":10.0,"gold_loss":0.0,"damage_taken":0.0},{"damage_healed":0.0,"max_hp_gain":0.0,"max_hp_loss":0.0,"gold_gain":0.0,"event_name":"Cursed Tome","player_choice":"Ignored","floor":28.0,"gold_loss":0.0,"damage_taken":0.0},{"damage_healed":0,"gold_gain":0,"player_choice":"Ignored","damage_taken":0,"max_hp_gain":0,"max_hp_loss":0,"event_name":"Mysterious Sphere","floor":36,"gold_loss":0},{"damage_healed":0,"gold_gain":0,"player_choice":"Upgraded","damage_taken":0,"max_hp_gain":0,"max_hp_loss":0,"event_name":"Upgrade Shrine","floor":38,"gold_loss":0,"cards_upgraded":["Hologram"]}],"is_beta":false,"boss_relics":[{"not_picked":["Snecko Eye","Philosopher\u0027s Stone"],"picked":"Sozu"},{"not_picked":["Astrolabe","White Beast Statue"],"picked":"Runic Pyramid"}],"items_purged_floors":[19,39],"is_endless":false,"potions_floor_spawned":[1,11,12,24,29,31,33],"killed_by":"Maw","ascension_level":17}