{"gold_per_floor":[219,230,249,249,3,31,31,61,61,61,74,89,118,118,118,118],"floor_reached":16,"playtime":714,"items_purged":["Strike_R"],"score":240,"play_id":"30ba8692-167b-4b4e-b97d-d48ba619870e","local_time":"20190627212307","is_ascension_mode":true,"campfire_choices":[{"floor":7.0,"key":"REST"},{"floor":10.0,"key":"REST"},{"data":"Armaments","floor":15,"key":"SMITH"}],"neow_cost":"NONE","seed_source_timestamp":12909528810714,"circlet_count":0,"master_deck":["AscendersBane","Strike_R","Strike_R","Strike_R","Strike_R","Defend_R","Defend_R","Defend_R","Defend_R","Bash","Cleave","Clothesline","Metallicize","Carnage","Shrug It Off","Armaments+1"],"special_seed":0,"relics":["Burning Blood","Lantern","Strawberry","Peace Pipe","Happy Flower","Art of War"],"potions_floor_usage":[16],"damage_taken":[{"damage":15.0,"enemies":"Small Slimes","floor":1.0,"turns":5.0},{"damage":9.0,"enemies":"Jaw Worm","floor":2.0,"turns":4.0},{"damage":9.0,"enemies":"2 Louse","floor":3.0,"turns":2.0},{"damage":48.0,"enemies":"Lagavulin","floor":6.0,"turns":8.0},{"damage":11.0,"enemies":"3 Sentries","floor":8.0,"turns":7.0},{"damage":1.0,"enemies":"Large Slime","floor":11.0,"turns":6.0},{"damage":5,"enemies":"Blue Slaver","floor":12,"turns":4},{"damage":34,"enemies":"Lagavulin","floor":13,"turns":10},{"damage":39,"enemies":"Hexaghost","floor":16,"turns":9}],"seed_played":"-209464077789327306","potions_obtained":[{"floor":1.0,"key":"Fire Potion"},{"floor":2.0,"key":"Dexterity Potion"},{"floor":6.0,"key":"AttackPotion"},{"floor":13,"key":"Fire Potion"}],"is_trial":false,"path_per_floor":["M","M","M","?","$","E","R","E","T","R","M","M","E","T","R","B"],"character_chosen":"IRONCLAD","items_purchased":["Lantern"],"campfire_rested":2,"item_purchase_floors":[5],"current_hp_per_floor":[59,56,53,53,53,18,42,37,37,61,66,67,39,39,39,0],"gold":118,"neow_bonus":"HUNDRED_GOLD","is_prod":false,"is_daily":false,"chose_seed":false,"campfire_upgraded":1,"win_rate":0,"timestamp":1561695787,"path_taken":["M","M","M","?","$","E","R","E","T","R","M","M","E","?","R","BOSS"],"build_version":"2019-06-24","purchased_purges":1,"victory":false,"max_hp_per_floor":[75,75,75,75,75,82,82,82,82,82,82,82,82,82,82,82],"card_choices":[{"not_picked":["Iron Wave","True Grit"],"picked":"Cleave","floor":1.0},{"not_picked":["Warcry","Body Slam"],"picked":"Clothesline","floor":2.0},{"not_picked":["Clothesline","Headbutt"],"picked":"Metallicize","floor":3.0},{"not_picked":["Iron Wave","Second Wind","Wild Strike"],"picked":"SKIP","floor":6.0},{"not_picked":["Hemokinesis","Headbutt"],"picked":"Carnage","floor":8.0},{"not_picked":["Hemokinesis","Warcry"],"picked":"Shrug It Off","floor":11.0},{"not_picked":["Blood for Blood","Pummel","Brutality"],"picked":"SKIP","floor":12},{"not_picked":["Cleave","Dual Wield"],"picked":"Armaments","floor":13}],"player_experience":1695443,"relics_obtained":[{"floor":6.0,"key":"Strawberry"},{"floor":8.0,"key":"Peace Pipe"},{"floor":13,"key":"Happy Flower"},{"floor":14,"key":"Art of War"}],"event_choices":[{"damage_healed":0.0,"max_hp_gain":0.0,"max_hp_loss":0.0,"gold_gain":0.0,"event_name":"Liars Game","player_choice":"Ignored","floor":4.0,"gold_loss":0.0,"damage_taken":0.0}],"is_beta":true,"boss_relics":[],"items_purged_floors":[5],"is_endless":false,"potions_floor_spawned":[1,2,6,13],"killed_by":"Hexaghost","ascension_level":20}