{"gold_per_floor":[211,224,234,8,8,36,36,71,71,96,114,33,53,73,73,171,171,182,182,182,97,116,151,168,168,243,274,294,294,325,340,340,340],"floor_reached":33,"playtime":1663,"items_purged":[],"score":516,"play_id":"0d6b7fb3-c6ce-4831-9fdf-65224ff1234f","local_time":"20190624194737","is_ascension_mode":true,"campfire_choices":[{"data":"Deadly Poison","floor":7,"key":"SMITH"},{"data":"Doppelganger","floor":15,"key":"SMITH"},{"floor":32,"key":"REST"}],"neow_cost":"NONE","seed_source_timestamp":342531517737952,"circlet_count":0,"master_deck":["AscendersBane","Defend_G+1","Defend_G+1","Defend_G+1","Defend_G+1","Defend_G+1","Strike_G+1","Strike_G+1","Strike_G+1","Strike_G+1","Survivor","Neutralize","Slice","Deadly Poison+1","Quick Slash","Well Laid Plans","Caltrops","Deflect","Predator","Crippling Poison","Bouncing Flask","Doppelganger+1","Wraith Form v2","Backstab","Backflip","Dodge and Roll","Pain","Bouncing Flask+1","Catalyst","Decay","Quick Slash+1","Dagger Throw"],"relics":["Ring of the Snake","Snake Skull","Meat on the Bone","Mummified Hand","Pear","Art of War","Cursed Key","Tough Bandages","Ornamental Fan","Kunai","Red Mask","Frozen Egg 2","PreservedInsect"],"potions_floor_usage":[6,8,10,22,33],"damage_taken":[{"damage":9,"enemies":"Cultist","floor":1,"turns":5},{"damage":2,"enemies":"2 Louse","floor":2,"turns":5},{"damage":0,"enemies":"Small Slimes","floor":3,"turns":3},{"damage":23,"enemies":"Gremlin Nob","floor":6,"turns":4},{"damage":12,"enemies":"3 Sentries","floor":8,"turns":8},{"damage":15,"enemies":"Lagavulin","floor":10,"turns":7},{"damage":1,"enemies":"Looter","floor":11,"turns":3},{"damage":4,"enemies":"Large Slime","floor":13,"turns":4},{"damage":8,"enemies":"3 Louse","floor":14,"turns":3},{"damage":7,"enemies":"The Guardian","floor":16,"turns":7},{"damage":6,"enemies":"2 Thieves","floor":18,"turns":4},{"damage":17,"enemies":"Shell Parasite","floor":22,"turns":3},{"damage":23,"enemies":"Gremlin Leader","floor":23,"turns":6},{"damage":22,"enemies":"Cultist and Chosen","floor":24,"turns":6},{"damage":10,"enemies":"Masked Bandits","floor":27,"turns":4},{"damage":14,"enemies":"Snake Plant","floor":28,"turns":4},{"damage":13,"enemies":"Book of Stabbing","floor":30,"turns":4},{"damage":9,"enemies":"Shelled Parasite and Fungi","floor":31,"turns":4},{"damage":62,"enemies":"Collector","floor":33,"turns":6}],"seed_played":"5604260827461275113","potions_obtained":[{"floor":1,"key":"Poison Potion"},{"floor":6,"key":"Fire Potion"},{"floor":8,"key":"EssenceOfSteel"},{"floor":13,"key":"SkillPotion"},{"floor":14,"key":"Ancient Potion"},{"floor":23,"key":"EssenceOfSteel"}],"is_trial":false,"path_per_floor":["M","M","M","$","?","E","R","E","T","E","M","$","M","M","R","B",null,"M","?","$","?","M","E","M","?","T","?","M","T","E","M","R","B"],"character_chosen":"THE_SILENT","items_purchased":["Snake Skull","Well Laid Plans","Crippling Poison"],"campfire_rested":1,"item_purchase_floors":[4,4,12],"current_hp_per_floor":[54,52,52,52,52,29,29,29,39,36,47,47,43,47,47,52,73,67,52,52,52,47,36,26,26,26,28,26,26,25,28,53,0],"gold":340,"neow_bonus":"HUNDRED_GOLD","is_prod":false,"is_daily":false,"chose_seed":false,"campfire_upgraded":2,"win_rate":0,"timestamp":1561423657,"path_taken":["M","?","M","$","?","E","R","E","T","E","M","?","M","M","R","BOSS","M","?","$","?","M","E","M","?","T","?","M","?","E","M","R","BOSS"],"build_version":"2019-01-23","purchased_purges":0,"victory":false,"max_hp_per_floor":[70,70,70,70,70,70,70,70,80,80,80,80,80,80,80,80,80,80,85,85,85,85,85,85,85,85,85,85,85,85,85,85,85],"card_choices":[{"not_picked":["Concentrate","Backflip"],"picked":"Slice","floor":1},{"not_picked":["Bane","Prepared"],"picked":"Deadly Poison","floor":2},{"not_picked":["Acrobatics","Tactician"],"picked":"Quick Slash","floor":3},{"not_picked":["Distraction","Prepared"],"picked":"Caltrops","floor":6},{"not_picked":["Slice","Accuracy"],"picked":"Deflect","floor":8},{"not_picked":["Eviscerate","Quick Slash","Slice"],"picked":"SKIP","floor":10},{"not_picked":["Deadly Poison","Outmaneuver"],"picked":"Predator","floor":11},{"not_picked":["Finisher","Bane"],"picked":"Bouncing Flask","floor":13},{"not_picked":["Crippling Poison","Slice"],"picked":"Doppelganger","floor":14},{"not_picked":["Doppelganger","Envenom"],"picked":"Wraith Form v2","floor":16},{"not_picked":["Terror","Crippling Poison"],"picked":"Backstab","floor":18},{"not_picked":["Poisoned Stab","Endless Agony","Deadly Poison"],"picked":"SKIP","floor":22},{"not_picked":["Deadly Poison","Outmaneuver"],"picked":"Backflip","floor":23},{"not_picked":["Endless Agony","Blur"],"picked":"Dodge and Roll","floor":24},{"not_picked":["Poisoned Stab","Tactician"],"picked":"Bouncing Flask+1","floor":27},{"not_picked":["Leg Sweep","Bane"],"picked":"Catalyst","floor":28},{"not_picked":["Outmaneuver","Phantasmal Killer"],"picked":"Quick Slash+1","floor":30},{"not_picked":["Masterful Stab","Backstab+1"],"picked":"Dagger Throw","floor":31}],"player_experience":284495,"relics_obtained":[{"floor":6,"key":"Meat on the Bone"},{"floor":8,"key":"Mummified Hand"},{"floor":9,"key":"Pear"},{"floor":10,"key":"Art of War"},{"floor":23,"key":"Ornamental Fan"},{"floor":26,"key":"Kunai"},{"floor":27,"key":"Red Mask"},{"floor":29,"key":"Frozen Egg 2"},{"floor":30,"key":"PreservedInsect"}],"event_choices":[{"cards_removed":["Strike_G"],"damage_healed":0,"gold_gain":0,"player_choice":"Purged","damage_taken":0,"max_hp_gain":0,"max_hp_loss":0,"event_name":"Purifier","floor":5,"gold_loss":0},{"damage_healed":0,"gold_gain":0,"player_choice":"Shed Blood","damage_taken":20,"max_hp_gain":5,"max_hp_loss":0,"event_name":"Forgotten Altar","floor":19,"gold_loss":0},{"damage_healed":0,"gold_gain":0,"player_choice":"Obtained Relic","damage_taken":0,"relics_obtained":["Tough Bandages"],"max_hp_gain":0,"max_hp_loss":0,"event_name":"Addict","floor":21,"gold_loss":85},{"damage_healed":0,"gold_gain":0,"player_choice":"Simplicity","damage_taken":0,"max_hp_gain":0,"max_hp_loss":0,"event_name":"Back to Basics","floor":25,"gold_loss":0,"cards_upgraded":["Defend_G","Defend_G","Defend_G","Defend_G","Defend_G","Strike_G","Strike_G","Strike_G","Strike_G"]},{"damage_healed":0,"gold_gain":0,"player_choice":"Fought Bandits","damage_taken":0,"max_hp_gain":0,"max_hp_loss":0,"event_name":"Masked Bandits","floor":27,"gold_loss":0}],"is_beta":false,"boss_relics":[{"not_picked":["Eternal Feather","White Beast Statue"],"picked":"Cursed Key"}],"items_purged_floors":[],"is_endless":false,"potions_floor_spawned":[1,6,8,13,14,18,23,28,31],"killed_by":"Collector","ascension_level":12}