{"gold_per_floor":[117,117,132,146,159,159,139,165,195,210,210,16,116,143,143,143],"floor_reached":16,"playtime":851,"items_purged":[],"score":160,"play_id":"284e98be-02d4-40ea-a0eb-507a935426ef","local_time":"20190619174938","is_ascension_mode":true,"campfire_choices":[{"data":"Armaments","floor":6,"key":"SMITH"},{"floor":11,"key":"REST"},{"floor":15,"key":"REST"}],"neow_cost":"PERCENT_DAMAGE","seed_source_timestamp":678785539772258,"circlet_count":0,"master_deck":["Strike_R","Strike_R","Strike_R","Strike_R","Strike_R","Defend_R","Defend_R","Defend_R","Defend_R","Bash","Offering","Armaments+1","Shrug It Off","Searing Blow","True Grit","Fire Breathing","Flame Barrier"],"relics":["Burning Blood","Ancient Tea Set","Tiny Chest","Membership Card","Bottled Flame"],"potions_floor_usage":[3,8],"damage_taken":[{"damage":9,"enemies":"Jaw Worm","floor":1,"turns":4},{"damage":6,"enemies":"Cultist","floor":3,"turns":4},{"damage":0,"enemies":"2 Louse","floor":4,"turns":3},{"damage":6,"enemies":"Gremlin Gang","floor":5,"turns":6},{"damage":36,"enemies":"Lagavulin","floor":8,"turns":13},{"damage":10,"enemies":"Looter","floor":10,"turns":5},{"damage":37,"enemies":"Gremlin Nob","floor":14,"turns":4},{"damage":39,"enemies":"The Guardian","floor":16,"turns":18}],"seed_played":"3999230202960116023","potions_obtained":[{"floor":1,"key":"SkillPotion"},{"floor":5,"key":"PowerPotion"},{"floor":7,"key":"Strength Potion"},{"floor":14,"key":"SteroidPotion"}],"is_trial":false,"path_per_floor":["M","$","M","M","M","R","?","E","T","M","R","$","?","E","R","B"],"character_chosen":"IRONCLAD","items_purchased":["Membership Card"],"campfire_rested":2,"item_purchase_floors":[12],"current_hp_per_floor":[48,48,48,54,54,54,54,24,24,20,44,44,44,13,37,0],"gold":143,"neow_bonus":"THREE_RARE_CARDS","is_prod":false,"is_daily":false,"chose_seed":false,"campfire_upgraded":1,"win_rate":0,"timestamp":1560984578,"path_taken":["M","$","M","M","M","R","?","E","T","?","R","$","?","E","R","BOSS"],"build_version":"2019-01-23","purchased_purges":0,"victory":false,"max_hp_per_floor":[80,80,80,80,80,80,80,80,80,80,80,80,80,80,80,80],"card_choices":[{"not_picked":["Berserk","Juggernaut"],"picked":"Offering","floor":0},{"not_picked":["Pummel","Rage"],"picked":"Armaments","floor":1},{"not_picked":["Twin Strike","Pommel Strike"],"picked":"Shrug It Off","floor":3},{"not_picked":["Flex","Brutality"],"picked":"Searing Blow","floor":4},{"not_picked":["Sword Boomerang","Flex"],"picked":"True Grit","floor":5},{"not_picked":["Sever Soul","Armaments"],"picked":"Fire Breathing","floor":8},{"not_picked":["True Grit","Twin Strike","Thunderclap"],"picked":"SKIP","floor":10},{"not_picked":["Headbutt","Shockwave"],"picked":"Flame Barrier","floor":14}],"player_experience":220831,"relics_obtained":[{"floor":8,"key":"Ancient Tea Set"},{"floor":9,"key":"Tiny Chest"},{"floor":14,"key":"Bottled Flame"}],"event_choices":[{"damage_healed":0,"gold_gain":0,"player_choice":"Bought 1 Potion","damage_taken":0,"max_hp_gain":0,"max_hp_loss":0,"event_name":"The Woman in Blue","floor":7,"gold_loss":0},{"damage_healed":0,"gold_gain":100,"player_choice":"Pray","damage_taken":0,"max_hp_gain":0,"max_hp_loss":0,"event_name":"Golden Shrine","floor":13,"gold_loss":0}],"is_beta":false,"boss_relics":[],"items_purged_floors":[],"is_endless":false,"potions_floor_spawned":[1,5,14],"killed_by":"The Guardian","ascension_level":9}