{"gold_per_floor":[114,114,39,4,18,45,45,45,95,170,186,222,222,236,236,355,355,380,295,319,4,4,4,28,28,55,55,55,78,78,94,94,224,224,247,247,265,281,406,406,437,452,452,452,0,0,19,44,44,44],"floor_reached":50,"playtime":53792,"items_purged":["Defend_R","Defend_R"],"score":606,"play_id":"922100ee-163a-4239-aa6a-952dfa21823d","local_time":"20190629124821","is_ascension_mode":true,"campfire_choices":[{"data":"Flame Barrier","floor":7,"key":"SMITH"},{"floor":13,"key":"REST"},{"data":"Armaments","floor":15,"key":"SMITH"},{"floor":23,"key":"REST"},{"floor":25,"key":"REST"},{"floor":27,"key":"REST"},{"data":"Seeing Red","floor":32,"key":"SMITH"},{"floor":40,"key":"REST"},{"floor":44,"key":"REST"},{"floor":46,"key":"REST"},{"floor":49,"key":"REST"}],"neow_cost":"CURSE","seed_source_timestamp":1740167984584658,"circlet_count":0,"master_deck":["Strike_R","Strike_R","Strike_R","Strike_R","Strike_R","Defend_R","Defend_R","Bash","Perfected Strike","Armaments+1","Flame Barrier+1","Injury","Wild Strike","Cleave","Rampage","Barricade","Shame","Decay","Iron Wave+1","Blood for Blood+1","Rage","Double Tap","Seeing Red+1","Offering","Headbutt+1","Body Slam+1","Seeing Red+1","Perfected Strike+1","Juggernaut","Dual Wield","Clash+1","Carnage+1","Clash+1","Metallicize","Armaments","Armaments+1"],"relics":["Burning Blood","Pocketwatch","Spirit Poop","Letter Opener","Golden Idol","Lantern","Orichalcum","Calling Bell","Dream Catcher","Molten Egg 2","Dead Branch","Potion Belt","Nilry\u0027s Codex","Anchor","Busted Crown","StoneCalendar","Pear","Mercury Hourglass","Red Mask"],"potions_floor_usage":[18,20,24,31,33,33,39,39,41,48,48,48],"damage_taken":[{"damage":25,"enemies":"Jaw Worm","floor":1,"turns":5},{"damage":1,"enemies":"Cultist","floor":5,"turns":3},{"damage":14,"enemies":"3 Sentries","floor":6,"turns":8},{"damage":0,"enemies":"2 Louse","floor":11,"turns":2},{"damage":25,"enemies":"Lagavulin","floor":12,"turns":7},{"damage":0,"enemies":"Large Slime","floor":14,"turns":4},{"damage":60,"enemies":"The Guardian","floor":16,"turns":11},{"damage":35,"enemies":"Spheric Guardian","floor":18,"turns":8},{"damage":14,"enemies":"2 Thieves","floor":20,"turns":4},{"damage":32,"enemies":"3 Cultists","floor":24,"turns":6},{"damage":19,"enemies":"Centurion and Healer","floor":29,"turns":6},{"damage":6,"enemies":"Cultist and Chosen","floor":31,"turns":4},{"damage":12,"enemies":"Champ","floor":33,"turns":12},{"damage":22,"enemies":"3 Darklings","floor":35,"turns":4},{"damage":0,"enemies":"Orb Walker","floor":37,"turns":3},{"damage":23,"enemies":"4 Shapes","floor":38,"turns":5},{"damage":21,"enemies":"Mind Bloom Boss Battle","floor":39,"turns":6},{"damage":66,"enemies":"Reptomancer","floor":41,"turns":7},{"damage":11,"enemies":"Sphere and 2 Shapes","floor":42,"turns":3},{"damage":31,"enemies":"3 Darklings","floor":47,"turns":4},{"damage":22,"enemies":"Transient","floor":48,"turns":5},{"damage":63,"enemies":"Donu and Deca","floor":50,"turns":4}],"seed_played":"7140170547575520432","potions_obtained":[{"floor":5,"key":"Swift Potion"},{"floor":6,"key":"SkillPotion"},{"floor":16,"key":"SteroidPotion"},{"floor":20,"key":"Ancient Potion"},{"floor":24,"key":"GamblersBrew"},{"floor":30,"key":"PowerPotion"},{"floor":30,"key":"SteroidPotion"},{"floor":30,"key":"Fire Potion"},{"floor":37,"key":"Regen Potion"},{"floor":38,"key":"Swift Potion"},{"floor":39,"key":"Strength Potion"},{"floor":47,"key":"AttackPotion"},{"floor":48,"key":"Dexterity Potion"}],"is_trial":false,"path_per_floor":["M","?","$","?","M","E","R","?","T","?","M","E","R","M","R","B",null,"M","?","M","$","?","R","M","R","T","R","?","M","?","M","R","B",null,"M","?","M","M","?","R","E","M","T","R","?","R","M","M","R","B"],"character_chosen":"IRONCLAD","items_purchased":["Rage","Double Tap"],"campfire_rested":8,"item_purchase_floors":[21,21],"current_hp_per_floor":[61,61,61,80,80,72,72,72,72,61,67,48,72,78,78,24,80,51,51,43,43,27,51,25,49,49,73,73,60,60,60,60,54,80,64,64,70,53,52,76,26,21,21,48,48,75,50,34,61,0],"gold":44,"neow_bonus":"ONE_RARE_RELIC","is_prod":false,"is_daily":false,"chose_seed":false,"campfire_upgraded":3,"win_rate":0,"timestamp":1561826901,"path_taken":["M","?","?","?","?","E","R","?","T","?","M","E","R","M","R","BOSS","M","?","M","$","?","R","M","R","T","R","?","?","?","M","R","BOSS","M","?","M","?","?","R","E","M","T","R","?","R","M","M","R","BOSS"],"build_version":"2019-01-23","purchased_purges":2,"victory":false,"max_hp_per_floor":[80,80,80,80,80,80,80,80,80,80,80,80,80,80,80,80,80,80,80,80,80,80,80,80,80,80,80,80,80,80,80,80,80,80,80,80,80,80,80,80,90,90,90,90,90,90,90,90,90,90],"card_choices":[{"not_picked":["Pommel Strike","Clothesline"],"picked":"Perfected Strike","floor":1},{"not_picked":["Thunderclap","Pummel"],"picked":"Armaments","floor":5},{"not_picked":["Impervious","Ghostly Armor"],"picked":"Flame Barrier","floor":6},{"not_picked":["Armaments","Iron Wave"],"picked":"Wild Strike","floor":11},{"not_picked":["Entrench","Havoc"],"picked":"Cleave","floor":12},{"not_picked":["Clothesline","Pommel Strike"],"picked":"Rampage","floor":14},{"not_picked":["Feed","Double Tap"],"picked":"Barricade","floor":16},{"not_picked":["Thunderclap+1","Pommel Strike+1"],"picked":"Iron Wave+1","floor":18},{"not_picked":["Battle Trance","Carnage+1"],"picked":"Blood for Blood+1","floor":20},{"not_picked":["Iron Wave+1","Flame Barrier"],"picked":"Seeing Red","floor":23},{"not_picked":["Entrench","Sword Boomerang+1"],"picked":"Offering","floor":24},{"not_picked":["Pommel Strike+1","Dual Wield"],"picked":"Headbutt+1","floor":25},{"not_picked":["Headbutt+1","Carnage+1"],"picked":"Body Slam+1","floor":27},{"not_picked":["Disarm","Dropkick+1"],"picked":"Seeing Red","floor":29},{"not_picked":["Burning Pact","True Grit"],"picked":"Perfected Strike+1","floor":31},{"not_picked":["Brutality","Bludgeon+1"],"picked":"Juggernaut","floor":33},{"not_picked":["Dropkick+1"],"picked":"SKIP","floor":35},{"not_picked":[],"picked":"Dual Wield","floor":37},{"not_picked":[],"picked":"Clash+1","floor":38},{"not_picked":[],"picked":"Carnage+1","floor":39},{"not_picked":["Pummel+1"],"picked":"SKIP","floor":41},{"not_picked":[],"picked":"Clash+1","floor":42},{"not_picked":[],"picked":"Metallicize","floor":46},{"not_picked":[],"picked":"Armaments","floor":47},{"not_picked":[],"picked":"Armaments+1","floor":48}],"player_experience":1245925,"relics_obtained":[{"floor":6,"key":"Letter Opener"},{"floor":9,"key":"Lantern"},{"floor":12,"key":"Orichalcum"},{"floor":17,"key":"Dream Catcher"},{"floor":17,"key":"Molten Egg 2"},{"floor":17,"key":"Dead Branch"},{"floor":22,"key":"Nilry\u0027s Codex"},{"floor":26,"key":"Anchor"},{"floor":39,"key":"StoneCalendar"},{"floor":41,"key":"Pear"},{"floor":43,"key":"Mercury Hourglass"}],"event_choices":[{"cards_removed":["Regret"],"damage_healed":0,"gold_gain":0,"player_choice":"Offered Curse","damage_taken":0,"relics_obtained":["Spirit Poop"],"max_hp_gain":0,"max_hp_loss":0,"event_name":"Bonfire Elementals","floor":2,"gold_loss":0},{"damage_healed":20,"gold_gain":0,"player_choice":"Healed","damage_taken":0,"max_hp_gain":0,"max_hp_loss":0,"event_name":"The Cleric","floor":4,"gold_loss":35},{"damage_healed":0,"gold_gain":0,"player_choice":"Take Wound","damage_taken":0,"relics_obtained":["Golden Idol"],"max_hp_gain":0,"max_hp_loss":0,"event_name":"Golden Idol","floor":8,"gold_loss":0,"cards_obtained":["Injury"]},{"damage_healed":0,"gold_gain":75,"player_choice":"Gather Gold","damage_taken":11,"max_hp_gain":0,"max_hp_loss":0,"event_name":"World of Goop","floor":10,"gold_loss":0},{"damage_healed":0,"gold_gain":0,"player_choice":"Obtained Relic","damage_taken":0,"relics_obtained":["Potion Belt"],"max_hp_gain":0,"max_hp_loss":0,"event_name":"Addict","floor":19,"gold_loss":85},{"damage_healed":0,"gold_gain":0,"player_choice":"Obtained Book","damage_taken":16,"max_hp_gain":0,"max_hp_loss":0,"event_name":"Cursed Tome","floor":22,"gold_loss":0},{"cards_removed":["Decay"],"damage_healed":0,"gold_gain":0,"player_choice":"Purged","damage_taken":0,"max_hp_gain":0,"max_hp_loss":0,"event_name":"Purifier","floor":28,"gold_loss":0},{"damage_healed":0,"gold_gain":0,"player_choice":"Got Potions","damage_taken":0,"max_hp_gain":0,"max_hp_loss":0,"event_name":"Lab","floor":30,"gold_loss":0},{"damage_healed":0,"gold_gain":0,"player_choice":"Forge","damage_taken":0,"max_hp_gain":0,"max_hp_loss":0,"event_name":"Accursed Blacksmith","floor":36,"gold_loss":0,"cards_upgraded":["Seeing Red"]},{"damage_healed":0,"gold_gain":0,"player_choice":"Fight","damage_taken":0,"max_hp_gain":0,"max_hp_loss":0,"event_name":"MindBloom","floor":39,"gold_loss":0},{"damage_healed":0,"gold_gain":0,"player_choice":"Paid","damage_taken":0,"relics_obtained":["Red Mask"],"max_hp_gain":0,"max_hp_loss":0,"event_name":"Tomb of Lord Red Mask","floor":45,"gold_loss":452}],"is_beta":false,"boss_relics":[{"not_picked":["Astrolabe","Fusion Hammer"],"picked":"Calling Bell"},{"not_picked":["Mark of Pain","Velvet Choker"],"picked":"Busted Crown"}],"items_purged_floors":[3,21],"is_endless":false,"potions_floor_spawned":[5,6,16,20,24,37,38,39,47,48],"killed_by":"Donu and Deca","ascension_level":1}