{"gold_per_floor":[115,131,131,131,151,151,166,193,220,220,239,73,92,109,109,109],"floor_reached":16,"playtime":485,"items_purged":["Strike_B"],"score":208,"play_id":"55894813-3961-43a7-8edc-064f43dab273","local_time":"20190530164009","is_ascension_mode":true,"campfire_choices":[{"floor":6.0,"key":"REST"},{"floor":10.0,"key":"REST"},{"floor":15,"key":"REST"}],"neow_cost":"NONE","seed_source_timestamp":288228378263,"circlet_count":0,"master_deck":["AscendersBane","Strike_B+1","Strike_B+1","Strike_B","Defend_B","Defend_B","Defend_B","Defend_B","Zap","Dualcast","Auto Shields","Ball Lightning","Chaos","Hologram","Chill","Core Surge","Defragment","Doom and Gloom","Conserve Battery"],"special_seed":0,"relics":["White Beast Statue","Lantern","Boot"],"potions_floor_usage":[14,16],"damage_taken":[{"damage":8.0,"enemies":"2 Louse","floor":1.0,"turns":3.0},{"damage":9.0,"enemies":"Jaw Worm","floor":2.0,"turns":6.0},{"damage":0.0,"enemies":"Cultist","floor":5.0,"turns":3.0},{"damage":2.0,"enemies":"2 Fungi Beasts","floor":7.0,"turns":4.0},{"damage":42.0,"enemies":"3 Sentries","floor":8.0,"turns":8.0},{"damage":17.0,"enemies":"Gremlin Gang","floor":11.0,"turns":5.0},{"damage":6.0,"enemies":"Red Slaver","floor":13.0,"turns":5.0},{"damage":0,"enemies":"Looter","floor":14,"turns":3},{"damage":22,"enemies":"Slime Boss","floor":16,"turns":3}],"seed_played":"2873358112105725641","potions_obtained":[{"floor":1.0,"key":"SpeedPotion"},{"floor":2.0,"key":"Explosive Potion"},{"floor":4.0,"key":"FocusPotion"},{"floor":5.0,"key":"Strength Potion"},{"floor":8.0,"key":"Weak Potion"},{"floor":11.0,"key":"LiquidBronze"},{"floor":13,"key":"Explosive Potion"},{"floor":14,"key":"Weak Potion"}],"is_trial":false,"path_per_floor":["M","M","?","?","M","R","M","E","T","R","M","$","M","M","R","B"],"character_chosen":"DEFECT","items_purchased":["Defragment","Block Potion"],"campfire_rested":3,"item_purchase_floors":[12,12],"current_hp_per_floor":[56,47,26,26,26,47,45,3,3,24,7,7,1,1,22,0],"gold":109,"neow_bonus":"BOSS_RELIC","is_prod":false,"is_daily":false,"chose_seed":false,"campfire_upgraded":0,"win_rate":0,"timestamp":1559227209,"path_taken":["M","M","?","?","M","R","M","E","T","R","M","$","?","M","R","BOSS"],"build_version":"2019-05-28","purchased_purges":1,"victory":false,"max_hp_per_floor":[71,71,71,71,71,71,71,71,71,71,71,71,71,71,71,71],"card_choices":[{"not_picked":["Coolheaded","Reprogram"],"picked":"Auto Shields","floor":1.0},{"not_picked":["Cold Snap","Go for the Eyes"],"picked":"Ball Lightning","floor":2.0},{"not_picked":["Blizzard","Gash"],"picked":"Chaos","floor":5.0},{"not_picked":["Chaos","Steam Power"],"picked":"Hologram","floor":7.0},{"not_picked":["Fusion","Barrage"],"picked":"Chill","floor":8.0},{"not_picked":["Rip and Tear","Double Energy"],"picked":"Core Surge","floor":11.0},{"not_picked":["Coolheaded","Steam"],"picked":"Doom and Gloom","floor":13},{"not_picked":["Recycle","Barrage"],"picked":"Conserve Battery","floor":14}],"player_experience":1618334,"relics_obtained":[{"floor":8.0,"key":"Lantern"},{"floor":9.0,"key":"Boot"}],"event_choices":[{"damage_healed":0.0,"max_hp_gain":0.0,"max_hp_loss":0.0,"gold_gain":0.0,"event_name":"Shining Light","player_choice":"Entered Light","floor":3.0,"gold_loss":0.0,"damage_taken":21.0,"cards_upgraded":["Strike_B","Strike_B"]},{"damage_healed":0.0,"max_hp_gain":0.0,"max_hp_loss":0.0,"gold_gain":0.0,"event_name":"Lab","player_choice":"Got Potions","floor":4.0,"gold_loss":0.0,"damage_taken":0.0}],"is_beta":true,"boss_relics":[],"items_purged_floors":[12],"is_endless":false,"potions_floor_spawned":[1,2,5,7,8,11,13,14],"killed_by":"Slime Boss","ascension_level":20}