{"gold_per_floor":[17,32,32,46,65,92,92,112,139,153,153,169,180,105,105,205,205,223,223,236,236,247,247,279,292,292,326,241,266,366,377,377,377],"floor_reached":33,"playtime":1553,"items_purged":["Strike_B"],"score":327,"play_id":"7274a469-3fd4-459e-b2df-3ebef4a8d3b2","local_time":"20190307013500","is_ascension_mode":true,"campfire_choices":[{"data":"FTL","floor":7.0,"key":"SMITH"},{"data":"Static Discharge","floor":15.0,"key":"SMITH"},{"data":"Tempest","floor":23.0,"key":"SMITH"},{"floor":32,"key":"REST"}],"neow_cost":"NO_GOLD","seed_source_timestamp":439410664531817,"circlet_count":0,"master_deck":["Strike_B","Strike_B","Defend_B","Defend_B","Defend_B","Defend_B","Zap+1","Dualcast","Ball Lightning","Auto Shields","Sweeping Beam","FTL+1","BootSequence","White Noise","Self Repair","Genetic Algorithm","Static Discharge+1","Multi-Cast","Static Discharge+1","Tempest+1","Leap","Injury","Conserve Battery"],"special_seed":0,"relics":["Cracked Core","Ginger","Vajra","Cursed Key","Potion Belt","Ornamental Fan","Lantern","Juzu Bracelet","Calipers"],"potions_floor_usage":[29,31],"damage_taken":[{"damage":0.0,"enemies":"Small Slimes","floor":1.0,"turns":3.0},{"damage":0.0,"enemies":"Cultist","floor":2.0,"turns":3.0},{"damage":0.0,"enemies":"Jaw Worm","floor":4.0,"turns":3.0},{"damage":5.0,"enemies":"Lots of Slimes","floor":5.0,"turns":3.0},{"damage":20.0,"enemies":"Lagavulin","floor":6.0,"turns":5.0},{"damage":3.0,"enemies":"Red Slaver","floor":8.0,"turns":3.0},{"damage":2.0,"enemies":"Exordium Thugs","floor":10.0,"turns":3.0},{"damage":0.0,"enemies":"Blue Slaver","floor":12.0,"turns":3.0},{"damage":15.0,"enemies":"Gremlin Gang","floor":13.0,"turns":4.0},{"damage":37.0,"enemies":"Slime Boss","floor":16.0,"turns":7.0},{"damage":8.0,"enemies":"2 Thieves","floor":18.0,"turns":4.0},{"damage":4.0,"enemies":"3 Byrds","floor":20.0,"turns":3.0},{"damage":15.0,"enemies":"Snecko","floor":22.0,"turns":4.0},{"damage":24,"enemies":"Book of Stabbing","floor":24,"turns":5},{"damage":10,"enemies":"Centurion and Healer","floor":25,"turns":5},{"damage":24,"enemies":"Slavers","floor":27,"turns":4},{"damage":23,"enemies":"Book of Stabbing","floor":29,"turns":4},{"damage":0,"enemies":"Shelled Parasite and Fungi","floor":31,"turns":8},{"damage":49,"enemies":"Automaton","floor":33,"turns":6}],"seed_played":"3782764029610244727","potions_obtained":[{"floor":1.0,"key":"Weak Potion"},{"floor":2.0,"key":"PowerPotion"},{"floor":4.0,"key":"SteroidPotion"},{"floor":8.0,"key":"FocusPotion"},{"floor":22.0,"key":"SpeedPotion"},{"floor":29,"key":"SkillPotion"}],"is_trial":false,"path_per_floor":["M","M","?","M","M","E","R","M","T","M","?","M","M","$","R","B",null,"M","?","M","?","M","R","E","M","T","E","?","E","?","M","R","B"],"character_chosen":"DEFECT","items_purchased":[],"campfire_rested":1,"item_purchase_floors":[],"current_hp_per_floor":[75,75,75,75,70,50,50,47,47,45,45,52,44,44,44,14,75,74,74,75,75,67,67,50,47,47,30,30,14,14,21,43,0],"gold":377,"neow_bonus":"THREE_RARE_CARDS","is_prod":false,"is_daily":false,"chose_seed":false,"campfire_upgraded":3,"win_rate":1,"timestamp":1551918900,"path_taken":["M","M","?","?","M","E","R","M","T","M","?","?","M","?","R","BOSS","M","?","M","?","?","R","E","M","T","E","?","E","?","M","R","BOSS"],"build_version":"2019-01-23","purchased_purges":1,"victory":false,"max_hp_per_floor":[75,75,75,75,75,75,75,75,75,75,75,75,75,75,75,75,75,75,75,75,75,75,75,75,75,75,75,75,75,75,75,75,75],"card_choices":[{"not_picked":["Biased Cognition","Amplify"],"picked":"Meteor Strike","floor":0.0},{"not_picked":["Streamline","Rebound"],"picked":"Ball Lightning","floor":1.0},{"not_picked":["Go for the Eyes","Gash"],"picked":"Auto Shields","floor":2.0},{"not_picked":["Turbo","Melter"],"picked":"Sweeping Beam","floor":4.0},{"not_picked":["All For One","Rebound","Auto Shields"],"picked":"SKIP","floor":5.0},{"not_picked":["Stack","Chaos"],"picked":"FTL","floor":6.0},{"not_picked":["Blizzard","Doom and Gloom"],"picked":"BootSequence","floor":8.0},{"not_picked":["Conserve Battery","Streamline"],"picked":"White Noise","floor":10.0},{"not_picked":["Coolheaded","Conserve Battery"],"picked":"Genetic Algorithm","floor":12.0},{"not_picked":["Sweeping Beam","FTL"],"picked":"Static Discharge","floor":13.0},{"not_picked":["Creative AI","Seek"],"picked":"Multi-Cast","floor":16.0},{"not_picked":["Darkness+1","Ball Lightning"],"picked":"Static Discharge+1","floor":18.0},{"not_picked":["Streamline","Ball Lightning","Capacitor"],"picked":"SKIP","floor":20.0},{"not_picked":["Sweeping Beam","Fusion","Rebound"],"picked":"SKIP","floor":22.0},{"not_picked":["Lockon+1","Rebound"],"picked":"Leap","floor":24},{"not_picked":["Steam Power+1","Stack+1","Turbo"],"picked":"SKIP","floor":25},{"not_picked":["Sweeping Beam","Compile Driver","Leap"],"picked":"SKIP","floor":27},{"not_picked":["Stack+1","Genetic Algorithm"],"picked":"Conserve Battery","floor":29},{"not_picked":["Redo","Leap+1","Compile Driver"],"picked":"SKIP","floor":31}],"player_experience":26647,"relics_obtained":[{"floor":6.0,"key":"Ginger"},{"floor":9.0,"key":"Vajra"},{"floor":24,"key":"Potion Belt"},{"floor":26,"key":"Ornamental Fan"},{"floor":27,"key":"Lantern"},{"floor":29,"key":"Calipers"}],"event_choices":[{"damage_healed":0.0,"max_hp_gain":0.0,"max_hp_loss":0.0,"gold_gain":0.0,"event_name":"Upgrade Shrine","player_choice":"Upgraded","floor":3.0,"gold_loss":0.0,"damage_taken":0.0,"cards_upgraded":["Zap"]},{"damage_healed":0.0,"max_hp_gain":0.0,"max_hp_loss":0.0,"gold_gain":0.0,"cards_transformed":["Meteor Strike"],"event_name":"Transmorgrifier","player_choice":"Transformed","floor":11.0,"gold_loss":0.0,"damage_taken":0.0,"cards_obtained":["Self Repair"]},{"damage_healed":0.0,"max_hp_gain":0.0,"max_hp_loss":0.0,"gold_gain":0.0,"event_name":"The Library","player_choice":"Read","floor":19.0,"gold_loss":0.0,"damage_taken":0.0,"cards_obtained":["Tempest"]},{"cards_removed":["Strike_B"],"damage_healed":0.0,"max_hp_gain":0.0,"max_hp_loss":0.0,"gold_gain":0.0,"event_name":"Bonfire Elementals","player_choice":"Offered Basic","floor":21.0,"gold_loss":0.0,"damage_taken":0.0},{"damage_healed":0,"gold_gain":0,"player_choice":"Obtained Relic","damage_taken":0,"relics_obtained":["Juzu Bracelet"],"max_hp_gain":0,"max_hp_loss":0,"event_name":"Addict","floor":28,"gold_loss":85},{"damage_healed":0,"gold_gain":100,"player_choice":"Pray","damage_taken":0,"max_hp_gain":0,"max_hp_loss":0,"event_name":"Golden Shrine","floor":30,"gold_loss":0}],"is_beta":false,"boss_relics":[{"not_picked":["Lizard Tail","Orrery"],"picked":"Cursed Key"}],"items_purged_floors":[14],"is_endless":false,"potions_floor_spawned":[1,2,4,8,22,29],"killed_by":"Automaton","ascension_level":1}