{"gold_per_floor":[109,128,148,158,171,171,203,220,269,269,269,284,298,317,317,420,420,439,439,439,439,455,455,481,481,481,492,235,265,282,300,300,399,399,418,518,534,93,105,130,145,175,199,224,240,251,251,251,251,251],"floor_reached":51,"playtime":6376,"items_purged":["Strike_G","Strike_G"],"score":885,"play_id":"79e8b497-2593-4320-aa88-dca1f28e9352","local_time":"20190628224517","is_ascension_mode":false,"campfire_choices":[{"data":"Blade Dance","floor":6,"key":"SMITH"},{"data":"Footwork","floor":11,"key":"SMITH"},{"floor":15,"key":"REST"},{"data":"Deflect","floor":23,"key":"SMITH"},{"data":"Backstab","floor":25,"key":"SMITH"},{"data":"Prepared","floor":32,"key":"SMITH"},{"data":"Noxious Fumes","floor":47,"key":"SMITH"},{"floor":49,"key":"REST"}],"neow_cost":"NONE","seed_source_timestamp":5534104805010,"circlet_count":0,"master_deck":["Defend_G","Defend_G","Defend_G","Defend_G+1","Defend_G","Strike_G+1","Survivor+1","Neutralize","Dagger Spray","Blade Dance+1","Deflect","Noxious Fumes+1","Acrobatics+1","Footwork+1","Footwork","All Out Attack","Flying Knee","Corpse Explosion","Deflect+1","Backstab+1","Dagger Spray","Crippling Poison","Adrenaline","Footwork","Prepared+1","Deflect","Dagger Spray+1","Burst","Tactician","Dodge and Roll+1","Poisoned Stab+1","Adrenaline","Parasite","Outmaneuver+1","Prepared+1","Crippling Poison+1","Backflip","Footwork+1","Deflect","Bane","Sadistic Nature","Backstab+1"],"relics":["Ring of the Snake","Meat on the Bone","Blood Vial","Black Star","Anchor","Centennial Puzzle","Matryoshka","Happy Flower","Letter Opener","War Paint","Dream Catcher","Bag of Marbles","Empty Cage","Tingsha","Oddly Smooth Stone","DollysMirror","Ancient Tea Set","Question Card","Snake Skull","Gremlin Horn","Ornamental Fan","Omamori","Mango","Smiling Mask"],"potions_floor_usage":[7,7,24,33,33,50,50],"damage_taken":[{"damage":2,"enemies":"Jaw Worm","floor":1,"turns":4},{"damage":0,"enemies":"Small Slimes","floor":2,"turns":2},{"damage":2,"enemies":"Cultist","floor":3,"turns":4},{"damage":0,"enemies":"Blue Slaver","floor":4,"turns":5},{"damage":17,"enemies":"Large Slime","floor":5,"turns":7},{"damage":37,"enemies":"Gremlin Nob","floor":7,"turns":6},{"damage":1,"enemies":"3 Louse","floor":8,"turns":5},{"damage":3,"enemies":"Blue Slaver","floor":12,"turns":4},{"damage":9,"enemies":"Exordium Wildlife","floor":13,"turns":5},{"damage":11,"enemies":"Exordium Thugs","floor":14,"turns":5},{"damage":34,"enemies":"The Guardian","floor":16,"turns":17},{"damage":14,"enemies":"2 Thieves","floor":18,"turns":4},{"damage":13,"enemies":"Spheric Guardian","floor":22,"turns":7},{"damage":13,"enemies":"Slavers","floor":24,"turns":5},{"damage":8,"enemies":"Snake Plant","floor":27,"turns":5},{"damage":29,"enemies":"Gremlin Leader","floor":29,"turns":10},{"damage":7,"enemies":"Sentry and Sphere","floor":30,"turns":4},{"damage":12,"enemies":"Centurion and Healer","floor":31,"turns":5},{"damage":28,"enemies":"Collector","floor":33,"turns":9},{"damage":13,"enemies":"3 Darklings","floor":35,"turns":5},{"damage":3,"enemies":"Mind Bloom Boss Battle","floor":36,"turns":10},{"damage":3,"enemies":"3 Shapes","floor":37,"turns":3},{"damage":1,"enemies":"Writhing Mass","floor":39,"turns":6},{"damage":26,"enemies":"Reptomancer","floor":40,"turns":8},{"damage":8,"enemies":"4 Shapes","floor":41,"turns":3},{"damage":22,"enemies":"Nemesis","floor":42,"turns":7},{"damage":0,"enemies":"Reptomancer","floor":44,"turns":5},{"damage":9,"enemies":"3 Darklings","floor":45,"turns":4},{"damage":16,"enemies":"Spire Growth","floor":46,"turns":5},{"damage":40,"enemies":"Donu and Deca","floor":50,"turns":7}],"seed_played":"-514661376731346502","potions_obtained":[{"floor":3,"key":"Weak Potion"},{"floor":5,"key":"Energy Potion"},{"floor":8,"key":"FearPotion"},{"floor":12,"key":"LiquidBronze"},{"floor":14,"key":"Strength Potion"},{"floor":18,"key":"Fire Potion"},{"floor":27,"key":"Block Potion"},{"floor":29,"key":"PowerPotion"},{"floor":33,"key":"Energy Potion"},{"floor":35,"key":"Fire Potion"},{"floor":44,"key":"PowerPotion"}],"is_trial":false,"path_per_floor":["M","M","M","M","M","R","E","M","T","?","R","M","M","M","R","B",null,"M","?","?","T","M","R","E","R","T","M","$","E","M","M","R","B",null,"M","?","M","$","M","E","M","E","T","E","M","M","R","?","R","B",null],"character_chosen":"THE_SILENT","items_purchased":["Adrenaline","Footwork","Oddly Smooth Stone","DollysMirror"],"campfire_rested":2,"item_purchase_floors":[28,28,38,38],"current_hp_per_floor":[75,75,73,73,56,56,19,30,30,15,15,26,31,34,57,37,77,63,63,63,63,52,52,41,41,41,47,47,32,39,41,41,27,77,64,63,62,62,63,39,45,37,37,53,46,44,44,44,71,45],"gold":251,"neow_bonus":"TEN_PERCENT_HP_BONUS","is_prod":false,"is_daily":false,"chose_seed":false,"campfire_upgraded":6,"win_rate":0.0,"timestamp":1561733117,"path_taken":["M","M","M","M","M","R","E","M","T","?","R","M","M","M","R","BOSS","M","?","?","?","M","R","E","R","T","M","$","E","?","M","R","BOSS","M","?","M","$","M","E","M","E","T","E","M","M","R","?","R","BOSS"],"build_version":"2019-01-23","purchased_purges":2,"victory":true,"max_hp_per_floor":[77,77,77,77,77,77,77,77,77,77,77,77,77,77,77,77,77,77,77,77,77,77,77,77,77,77,77,77,77,77,77,77,77,77,77,77,77,77,77,77,77,77,77,91,91,91,91,91,91,91],"card_choices":[{"not_picked":["Riddle With Holes","PiercingWail"],"picked":"Dagger Spray","floor":1},{"not_picked":["All Out Attack","Poisoned Stab"],"picked":"Blade Dance","floor":2},{"not_picked":["Predator","Backflip"],"picked":"Deflect","floor":3},{"not_picked":["Dagger Spray","Blade Dance"],"picked":"Noxious Fumes","floor":4},{"not_picked":["PiercingWail","Finisher"],"picked":"Acrobatics","floor":5},{"not_picked":["Eviscerate","Infinite Blades"],"picked":"Footwork","floor":7},{"not_picked":["Glass Knife","Catalyst","Outmaneuver"],"picked":"SKIP","floor":8},{"not_picked":["Predator","Prepared"],"picked":"Footwork","floor":12},{"not_picked":["Bane","Dagger Spray"],"picked":"All Out Attack","floor":13},{"not_picked":["Dodge and Roll","Sucker Punch"],"picked":"Flying Knee","floor":14},{"not_picked":["Malaise","Tools of the Trade"],"picked":"Corpse Explosion","floor":16},{"not_picked":["Dodge and Roll","Underhanded Strike+1"],"picked":"Deflect","floor":18},{"not_picked":["Slice","Acrobatics"],"picked":"Backstab","floor":22},{"not_picked":["Dash","Slice"],"picked":"Dagger Spray","floor":24},{"not_picked":["Acrobatics+1","Slice"],"picked":"Crippling Poison","floor":27},{"not_picked":["Bouncing Flask","Quick Slash"],"picked":"Prepared","floor":29},{"not_picked":["Flechettes","Dagger Throw"],"picked":"Deflect","floor":30},{"not_picked":["Well Laid Plans+1","Sucker Punch+1"],"picked":"Dagger Spray+1","floor":31},{"not_picked":["Night Terror","Phantasmal Killer"],"picked":"Burst","floor":33},{"not_picked":["Footwork+1","All Out Attack+1"],"picked":"Tactician","floor":35},{"not_picked":["PiercingWail","Acrobatics+1"],"picked":"Dodge and Roll+1","floor":36},{"not_picked":["Blade Dance","Underhanded Strike+1"],"picked":"Poisoned Stab+1","floor":37},{"not_picked":["Blade Dance","Underhanded Strike"],"picked":"Outmaneuver+1","floor":39},{"not_picked":["Acrobatics","Masterful Stab+1"],"picked":"Prepared+1","floor":40},{"not_picked":["Dodge and Roll","Blur+1","Tactician"],"picked":"Crippling Poison+1","floor":41},{"not_picked":["Malaise","Skewer+1","Endless Agony"],"picked":"Backflip","floor":42},{"not_picked":["Endless Agony+1","Quick Slash+1","Skewer+1"],"picked":"Footwork+1","floor":44},{"not_picked":["Prepared","Slice","Dagger Throw+1"],"picked":"Deflect","floor":45},{"not_picked":["Heel Hook+1","Deflect","Eviscerate"],"picked":"Bane","floor":46},{"not_picked":["Enlightenment","Panacea","Dramatic Entrance"],"picked":"Sadistic Nature","floor":48},{"not_picked":["Infinite Blades","Dagger Spray+1","Dagger Throw+1"],"picked":"Backstab+1","floor":49}],"player_experience":28014,"relics_obtained":[{"floor":7,"key":"Meat on the Bone"},{"floor":9,"key":"Blood Vial"},{"floor":21,"key":"Centennial Puzzle"},{"floor":24,"key":"Matryoshka"},{"floor":24,"key":"Happy Flower"},{"floor":26,"key":"Letter Opener"},{"floor":26,"key":"War Paint"},{"floor":29,"key":"Dream Catcher"},{"floor":29,"key":"Bag of Marbles"},{"floor":36,"key":"Tingsha"},{"floor":40,"key":"Ancient Tea Set"},{"floor":40,"key":"Question Card"},{"floor":42,"key":"Snake Skull"},{"floor":42,"key":"Gremlin Horn"},{"floor":43,"key":"Ornamental Fan"},{"floor":43,"key":"Omamori"},{"floor":44,"key":"Mango"},{"floor":44,"key":"Smiling Mask"}],"event_choices":[{"damage_healed":0,"gold_gain":0,"player_choice":"Entered Light","damage_taken":15,"max_hp_gain":0,"max_hp_loss":0,"event_name":"Shining Light","floor":10,"gold_loss":0,"cards_upgraded":["Defend_G","Strike_G"]},{"damage_healed":0,"gold_gain":0,"player_choice":"Opened","damage_taken":0,"relics_obtained":["Anchor"],"max_hp_gain":0,"max_hp_loss":0,"event_name":"The Mausoleum","floor":19,"gold_loss":0},{"damage_healed":0,"gold_gain":0,"player_choice":"Ignored","damage_taken":0,"max_hp_gain":0,"max_hp_loss":0,"event_name":"Ghosts","floor":20,"gold_loss":0},{"damage_healed":0,"gold_gain":0,"player_choice":"Fight","damage_taken":0,"max_hp_gain":0,"max_hp_loss":0,"event_name":"MindBloom","floor":36,"gold_loss":0},{"damage_healed":0,"gold_gain":0,"player_choice":"Memory 1","damage_taken":0,"max_hp_gain":0,"max_hp_loss":0,"event_name":"SensoryStone","floor":48,"gold_loss":0}],"is_beta":false,"boss_relics":[{"not_picked":["Astrolabe","Ring of the Serpent"],"picked":"Black Star"},{"not_picked":["Lizard Tail","Coffee Dripper"],"picked":"Empty Cage"}],"items_purged_floors":[28,38],"is_endless":false,"potions_floor_spawned":[3,5,8,12,14,18,27,29,33,35,40,44,45],"ascension_level":0}