{"gold_per_floor":[119,44,44,60,210,239,239,264,287,362,362,378,389,417,417,493,493,507,557,583,593,78,78],"floor_reached":23,"playtime":683,"items_purged":["Strike_R","Doubt"],"score":464,"play_id":"5445a2c3-82cf-4543-ac83-b0543fcc36eb","local_time":"20190627124630","is_ascension_mode":true,"campfire_choices":[{"data":"Bash","floor":7.0,"key":"SMITH"},{"data":"Sword Boomerang","floor":15,"key":"SMITH"}],"neow_cost":"NONE","seed_source_timestamp":162153688462755,"circlet_count":0,"master_deck":["AscendersBane","Strike_R","Strike_R","Strike_R","Strike_R","Defend_R","Defend_R","Defend_R","Defend_R","Bash+1","Cleave","True Grit+1","Fiend Fire","Demon Form","Heavy Blade","Sword Boomerang+1","Iron Wave+1","Shrug It Off","Battle Trance","Reaper"],"special_seed":0,"relics":["Burning Blood","NeowsBlessing","Art of War","Centennial Puzzle","Strawberry","Pen Nib","Lizard Tail","Regal Pillow","Lantern"],"potions_floor_usage":[14,14,18,23,23],"damage_taken":[{"damage":0.0,"enemies":"Jaw Worm","floor":1.0,"turns":1.0},{"damage":0.0,"enemies":"2 Louse","floor":4.0,"turns":1.0},{"damage":0.0,"enemies":"3 Sentries","floor":6.0,"turns":1.0},{"damage":60.0,"enemies":"Lagavulin","floor":8.0,"turns":9.0},{"damage":0.0,"enemies":"Cultist","floor":12.0,"turns":3.0},{"damage":3.0,"enemies":"Exordium Wildlife","floor":13.0,"turns":2.0},{"damage":21,"enemies":"3 Sentries","floor":14,"turns":7},{"damage":14,"enemies":"Hexaghost","floor":16,"turns":7},{"damage":23,"enemies":"Shell Parasite","floor":18,"turns":5},{"damage":39,"enemies":"2 Thieves","floor":21,"turns":4},{"damage":73,"enemies":"Slavers","floor":23,"turns":5}],"seed_played":"1019263107557462784","potions_obtained":[{"floor":4.0,"key":"Regen Potion"},{"floor":8.0,"key":"Strength Potion"},{"floor":13.0,"key":"LiquidBronze"},{"floor":14,"key":"Weak Potion"},{"floor":21,"key":"Explosive Potion"}],"is_trial":false,"path_per_floor":["M","$","?","M","?","E","R","E","T","?","?","M","M","E","R","B",null,"M","?","T","M","$","E"],"character_chosen":"IRONCLAD","items_purchased":["Lantern","Battle Trance","Reaper","BloodPotion"],"campfire_rested":0,"item_purchase_floors":[22,22,22,22],"current_hp_per_floor":[74,74,79,80,80,80,80,41,48,37,37,43,46,31,31,23,71,54,54,54,21,21,0],"gold":78,"neow_bonus":"THREE_ENEMY_KILL","is_prod":false,"is_daily":false,"chose_seed":false,"campfire_upgraded":2,"win_rate":0,"timestamp":1561632390,"path_taken":["M","$","?","M","?","E","R","E","T","?","?","M","M","E","R","BOSS","M","?","?","M","$","E"],"build_version":"2019-01-23","purchased_purges":2,"victory":false,"max_hp_per_floor":[75,75,80,80,80,80,80,80,87,87,87,87,87,87,87,87,87,87,87,87,87,87,87],"card_choices":[{"not_picked":["Clothesline","Feel No Pain"],"picked":"Cleave","floor":1.0},{"not_picked":["Perfected Strike","Burning Pact"],"picked":"True Grit","floor":4.0},{"not_picked":["Perfected Strike","Clash"],"picked":"Fiend Fire","floor":6.0},{"not_picked":["Sever Soul","Flex"],"picked":"Demon Form","floor":8.0},{"not_picked":["True Grit","Sever Soul"],"picked":"Heavy Blade","floor":12.0},{"not_picked":["Blood for Blood","Armaments"],"picked":"Sword Boomerang","floor":13.0},{"not_picked":["Hemokinesis","Carnage","Flex"],"picked":"SKIP","floor":14},{"not_picked":["Flex","Disarm"],"picked":"Iron Wave+1","floor":18},{"not_picked":["Thunderclap","Disarm"],"picked":"Shrug It Off","floor":21}],"player_experience":667845,"relics_obtained":[{"floor":6.0,"key":"Art of War"},{"floor":8.0,"key":"Centennial Puzzle"},{"floor":9.0,"key":"Strawberry"},{"floor":14,"key":"Pen Nib"},{"floor":20,"key":"Regal Pillow"}],"event_choices":[{"damage_healed":0.0,"max_hp_gain":5.0,"max_hp_loss":0.0,"gold_gain":0.0,"event_name":"Big Fish","player_choice":"Donut","floor":3.0,"gold_loss":0.0,"damage_taken":0.0},{"damage_healed":0.0,"max_hp_gain":0.0,"max_hp_loss":0.0,"gold_gain":150.0,"event_name":"Liars Game","player_choice":"AGREE","floor":5.0,"gold_loss":0.0,"damage_taken":0.0,"cards_obtained":["Doubt"]},{"damage_healed":0.0,"max_hp_gain":0.0,"max_hp_loss":0.0,"gold_gain":75.0,"event_name":"World of Goop","player_choice":"Gather Gold","floor":10.0,"gold_loss":0.0,"damage_taken":11.0},{"damage_healed":0.0,"max_hp_gain":0.0,"max_hp_loss":0.0,"gold_gain":0.0,"event_name":"Upgrade Shrine","player_choice":"Upgraded","floor":11.0,"gold_loss":0.0,"damage_taken":0.0,"cards_upgraded":["True Grit"]},{"damage_healed":0,"gold_gain":50,"player_choice":"Stole From Cult","damage_taken":0,"max_hp_gain":0,"max_hp_loss":0,"event_name":"Nest","floor":19,"gold_loss":0}],"is_beta":false,"boss_relics":[{"not_picked":["Eternal Feather","Orrery"],"picked":"Lizard Tail"}],"items_purged_floors":[2,22],"is_endless":false,"potions_floor_spawned":[4,8,13,14,21],"killed_by":"Slavers","ascension_level":20}