{"gold_per_floor":[115,134,144,144,160,160,195,195],"floor_reached":8,"playtime":283,"items_purged":[],"score":116,"play_id":"e0bc2f9e-058b-4702-8464-22c03e0bf70d","local_time":"20190531011546","is_ascension_mode":true,"campfire_choices":[{"data":"Hologram","floor":6,"key":"SMITH"}],"neow_cost":"NONE","seed_source_timestamp":14891857491384,"circlet_count":0,"master_deck":["AscendersBane","Strike_B","Strike_B","Strike_B","Defend_B","Defend_B","Defend_B","Defend_B","Zap","Dualcast","Conserve Battery","Gash","Gash","Hologram+1","Thunder Strike","Coolheaded","Steam"],"special_seed":0,"relics":["Cracked Core","Torii"],"potions_floor_usage":[8],"damage_taken":[{"damage":0.0,"enemies":"2 Louse","floor":1.0,"turns":3.0},{"damage":0.0,"enemies":"Cultist","floor":2.0,"turns":3.0},{"damage":12.0,"enemies":"Jaw Worm","floor":3.0,"turns":3.0},{"damage":17.0,"enemies":"3 Louse","floor":5.0,"turns":3.0},{"damage":28,"enemies":"3 Sentries","floor":7,"turns":9},{"damage":26,"enemies":"Gremlin Gang","floor":8,"turns":3}],"seed_played":"-3911330187783031178","potions_obtained":[{"floor":2.0,"key":"Energy Potion"}],"is_trial":false,"path_per_floor":["M","M","M","?","M","R","E","M"],"character_chosen":"DEFECT","items_purchased":[],"campfire_rested":0,"item_purchase_floors":[],"current_hp_per_floor":[64,64,52,52,35,35,7,0],"gold":195,"neow_bonus":"THREE_CARDS","is_prod":false,"is_daily":false,"chose_seed":false,"campfire_upgraded":1,"win_rate":0,"timestamp":1559258146,"path_taken":["M","M","M","?","M","R","E","M"],"build_version":"2019-05-28","purchased_purges":0,"victory":false,"max_hp_per_floor":[71,71,71,71,71,71,71,71],"card_choices":[{"not_picked":["Lockon","Redo"],"picked":"Conserve Battery","floor":0.0},{"not_picked":["Turbo","Barrage"],"picked":"Gash","floor":1.0},{"not_picked":["Hello World","Beam Cell"],"picked":"Gash","floor":2.0},{"not_picked":["Fission","Conserve Battery"],"picked":"Hologram","floor":3.0},{"not_picked":["Gash","Hologram"],"picked":"Coolheaded","floor":5.0},{"not_picked":["Redo","Beam Cell"],"picked":"Steam","floor":7}],"player_experience":1631792,"relics_obtained":[{"floor":7,"key":"Torii"}],"event_choices":[{"damage_healed":0.0,"max_hp_gain":0.0,"max_hp_loss":0.0,"gold_gain":0.0,"cards_transformed":["Strike_B"],"event_name":"Transmorgrifier","player_choice":"Transformed","floor":4.0,"gold_loss":0.0,"damage_taken":0.0,"cards_obtained":["Thunder Strike"]}],"is_beta":true,"boss_relics":[],"items_purged_floors":[],"is_endless":false,"potions_floor_spawned":[2],"killed_by":"Gremlin Gang","ascension_level":20}