{"gold_per_floor":[20,40,53,53,53,53,65,98,125,140,160,194,194,225,225,225],"floor_reached":16,"playtime":448,"items_purged":[],"score":244,"play_id":"f8a86bca-4884-43c4-9fe5-031e048b0124","local_time":"20190527225020","is_ascension_mode":true,"campfire_choices":[{"data":"Zap","floor":6,"key":"SMITH"},{"floor":13,"key":"REST"},{"data":"Consume","floor":15,"key":"SMITH"}],"neow_cost":"NO_GOLD","seed_source_timestamp":2511409656175,"circlet_count":0,"master_deck":["AscendersBane","Strike_B","Strike_B","Strike_B","Defend_B","Defend_B","Defend_B+1","Zap+1","Dualcast","Consume+1","Cold Snap","Cold Snap+1","Auto Shields","Biased Cognition","Hologram","BootSequence","Seek"],"relics":["Cracked Core","Boot","Lantern","DataDisk","Meat on the Bone"],"potions_floor_usage":[8,12],"damage_taken":[{"damage":4,"enemies":"Jaw Worm","floor":1,"turns":4},{"damage":0,"enemies":"Small Slimes","floor":2,"turns":3},{"damage":0,"enemies":"Cultist","floor":3,"turns":3},{"damage":9,"enemies":"3 Louse","floor":7,"turns":3},{"damage":4,"enemies":"Gremlin Nob","floor":8,"turns":3},{"damage":4,"enemies":"Large Slime","floor":10,"turns":6},{"damage":0,"enemies":"Blue Slaver","floor":11,"turns":2},{"damage":10,"enemies":"Lagavulin","floor":12,"turns":6},{"damage":11,"enemies":"3 Sentries","floor":14,"turns":6},{"damage":22,"enemies":"Slime Boss","floor":16,"turns":8}],"seed_played":"2960912528317261046","potions_obtained":[{"floor":1,"key":"Fire Potion"},{"floor":7,"key":"SpeedPotion"}],"is_trial":false,"path_per_floor":["M","M","M","?","$","R","M","E","T","M","M","E","R","E","R","B"],"character_chosen":"DEFECT","items_purchased":[],"campfire_rested":1,"item_purchase_floors":[],"current_hp_per_floor":[60,60,60,39,39,39,30,26,26,22,22,12,33,22,22,0],"gold":225,"neow_bonus":"REMOVE_TWO","is_prod":false,"is_daily":false,"chose_seed":false,"campfire_upgraded":2,"win_rate":0,"timestamp":1558990220,"path_taken":["M","M","M","?","$","R","M","E","T","M","M","E","R","E","R","BOSS"],"build_version":"2019-05-26","purchased_purges":0,"victory":false,"max_hp_per_floor":[71,71,71,71,71,71,71,71,71,71,71,71,71,71,71,71],"card_choices":[{"not_picked":["Loop","Stack"],"picked":"Consume","floor":1},{"not_picked":["Storm","Static Discharge"],"picked":"Cold Snap","floor":2},{"not_picked":["Conserve Battery","Beam Cell"],"picked":"Cold Snap","floor":3},{"not_picked":["Rip and Tear","Recycle"],"picked":"Auto Shields","floor":7},{"not_picked":["Cold Snap","Recycle"],"picked":"Biased Cognition","floor":8},{"not_picked":["Streamline","FTL"],"picked":"Hologram","floor":10},{"not_picked":["Stack","Hologram"],"picked":"BootSequence","floor":11},{"not_picked":["Barrage","Meteor Strike"],"picked":"Seek","floor":12},{"not_picked":["Reprogram","Scrape","Hello World"],"picked":"SKIP","floor":14}],"player_experience":1612058,"relics_obtained":[{"floor":8,"key":"Boot"},{"floor":9,"key":"Lantern"},{"floor":12,"key":"DataDisk"},{"floor":14,"key":"Meat on the Bone"}],"event_choices":[{"damage_healed":0,"gold_gain":0,"player_choice":"Entered Light","damage_taken":21,"max_hp_gain":0,"max_hp_loss":0,"event_name":"Shining Light","floor":4,"gold_loss":0,"cards_upgraded":["Cold Snap","Defend_B"]}],"is_beta":true,"boss_relics":[],"items_purged_floors":[],"is_endless":false,"potions_floor_spawned":[1,7],"killed_by":"Slime Boss","ascension_level":20}