{"gold_per_floor":[12,12,28,41,41,71,86,2,2,17,17,42,42,42,42,146,146,156,43,56,76,92,92,92,106,406,426,525,123,123,123],"floor_reached":31,"playtime":1491,"items_purged":["Strike_R","Strike_R"],"score":333,"play_id":"097053af-8b12-4570-bd60-57fa65bbf9e0","local_time":"20190503160128","is_ascension_mode":true,"campfire_choices":[{"data":"Searing Blow","floor":11.0,"key":"SMITH"},{"data":"Searing Blow+1","floor":13.0,"key":"SMITH"},{"data":"Body Slam","floor":15.0,"key":"SMITH"},{"data":"True Grit","floor":24,"key":"SMITH"}],"neow_cost":"NO_GOLD","seed_source_timestamp":0,"circlet_count":0,"master_deck":["Defend_R+1","Defend_R","Defend_R","Defend_R","Bash","True Grit","Searing Blow+2","Headbutt+1","Impervious","Iron Wave","Body Slam+1","Metallicize","Thunderclap","Demon Form","Burning Pact","Whirlwind","True Grit+1","Flame Barrier","True Grit","Dropkick","Rupture"],"special_seed":0,"relics":["Burning Blood","Bottled Flame","Mercury Hourglass","Boot","Pantograph","Mark of Pain","Old Coin","Bottled Tornado"],"potions_floor_usage":[21,23,23],"damage_taken":[{"damage":8.0,"enemies":"Jaw Worm","floor":1.0,"turns":5.0},{"damage":1.0,"enemies":"Cultist","floor":3.0,"turns":3.0},{"damage":14.0,"enemies":"Small Slimes","floor":4.0,"turns":4.0},{"damage":40.0,"enemies":"3 Sentries","floor":6.0,"turns":11.0},{"damage":0.0,"enemies":"Exordium Wildlife","floor":7.0,"turns":5.0},{"damage":3.0,"enemies":"Blue Slaver","floor":10.0,"turns":5.0},{"damage":64.0,"enemies":"Hexaghost","floor":16.0,"turns":12.0},{"damage":2,"enemies":"2 Thieves","floor":18,"turns":4},{"damage":5,"enemies":"Spheric Guardian","floor":20,"turns":4},{"damage":31,"enemies":"Snake Plant","floor":21,"turns":5},{"damage":20,"enemies":"Centurion and Healer","floor":22,"turns":6},{"damage":43,"enemies":"Book of Stabbing","floor":23,"turns":5},{"damage":8,"enemies":"Snecko","floor":25,"turns":5},{"damage":24,"enemies":"Snake Plant","floor":27,"turns":5},{"damage":11,"enemies":"Cultist and Chosen","floor":31,"turns":3}],"seed_played":"-1349612921603380476","potions_obtained":[{"floor":7.0,"key":"PowerPotion"},{"floor":10.0,"key":"SmokeBomb"},{"floor":16.0,"key":"Swift Potion"},{"floor":21,"key":"BloodPotion"}],"is_trial":false,"path_per_floor":["M","?","M","M","?","E","M","$","T","M","R","T","R","?","R","B",null,"M","$","M","M","M","E","R","M","T","M","?","$","?","M"],"character_chosen":"IRONCLAD","items_purchased":["Body Slam","Metallicize","Burning Pact","Bottled Tornado","True Grit"],"campfire_rested":0,"item_purchase_floors":[8,8,19,29,29],"current_hp_per_floor":[94,94,96,88,69,35,41,41,41,44,44,44,44,44,44,11,96,96,96,96,71,57,29,29,27,27,9,9,9,9,0],"gold":123,"neow_bonus":"TWENTY_PERCENT_HP_BONUS","is_prod":false,"is_daily":false,"chose_seed":false,"campfire_upgraded":4,"win_rate":0,"timestamp":1556924488,"path_taken":["M","?","?","M","?","E","M","$","T","M","R","?","R","?","R","BOSS","M","$","?","M","M","E","R","M","T","?","?","$","?","M"],"build_version":"2019-01-23","purchased_purges":2,"victory":false,"max_hp_per_floor":[96,96,96,96,96,96,96,96,96,96,96,96,96,96,96,96,96,96,96,96,96,96,96,96,96,96,96,96,96,96,96],"card_choices":[{"not_picked":["Thunderclap","Perfected Strike"],"picked":"True Grit","floor":1.0},{"not_picked":["Thunderclap","Anger"],"picked":"Searing Blow","floor":3.0},{"not_picked":["Body Slam","Anger"],"picked":"Headbutt","floor":4.0},{"not_picked":["Body Slam","Clash"],"picked":"Impervious","floor":6.0},{"not_picked":["Pommel Strike","Flex"],"picked":"Iron Wave","floor":7.0},{"not_picked":["Wild Strike","Limit Break"],"picked":"Thunderclap","floor":10.0},{"not_picked":["Double Tap","Limit Break"],"picked":"Demon Form","floor":16.0},{"not_picked":["Hemokinesis","Anger","Havoc"],"picked":"SKIP","floor":18},{"not_picked":["Combust","Body Slam","Anger"],"picked":"SKIP","floor":20},{"not_picked":["Anger","True Grit"],"picked":"Whirlwind","floor":21},{"not_picked":["True Grit","Combust","Blood for Blood"],"picked":"SKIP","floor":22},{"not_picked":["Combust","Blood for Blood"],"picked":"True Grit","floor":22},{"not_picked":["Pommel Strike","Rupture+1","Wild Strike"],"picked":"SKIP","floor":25},{"not_picked":["Pommel Strike+1","Dropkick"],"picked":"Flame Barrier","floor":27}],"player_experience":282945,"relics_obtained":[{"floor":6.0,"key":"Bottled Flame"},{"floor":9.0,"key":"Mercury Hourglass"},{"floor":12.0,"key":"Boot"},{"floor":26,"key":"Old Coin"}],"event_choices":[{"cards_removed":["Strike_R"],"damage_healed":0.0,"max_hp_gain":0.0,"max_hp_loss":0.0,"gold_gain":0.0,"event_name":"Purifier","player_choice":"Purged","floor":2.0,"gold_loss":0.0,"damage_taken":0.0},{"damage_healed":0.0,"max_hp_gain":0.0,"max_hp_loss":0.0,"gold_gain":0.0,"event_name":"Shining Light","player_choice":"Entered Light","floor":5.0,"gold_loss":0.0,"damage_taken":19.0,"cards_upgraded":["Headbutt","Defend_R"]},{"damage_healed":0.0,"max_hp_gain":0.0,"max_hp_loss":0.0,"gold_gain":0.0,"event_name":"WeMeetAgain","player_choice":"Gave Potion","floor":14.0,"gold_loss":0.0,"damage_taken":0.0,"relics_obtained":["Pantograph"]},{"damage_healed":0,"gold_gain":99,"player_choice":"Stole From Cult","damage_taken":0,"max_hp_gain":0,"max_hp_loss":0,"event_name":"Nest","floor":28,"gold_loss":0},{"damage_healed":0,"gold_gain":0,"cards_transformed":["Strike_R","Strike_R"],"player_choice":"Became Test Subject","damage_taken":0,"max_hp_gain":0,"max_hp_loss":0,"event_name":"Drug Dealer","floor":30,"gold_loss":0,"cards_obtained":["Dropkick","Rupture"]}],"is_beta":false,"boss_relics":[{"not_picked":["Ectoplasm","Lizard Tail"],"picked":"Mark of Pain"}],"items_purged_floors":[19,29],"is_endless":false,"potions_floor_spawned":[7,10,16,21,23],"killed_by":"Cultist and Chosen","ascension_level":4}