{"gold_per_floor":[110,185,185,185,200,231,231,265,333,333,349,376,439,449,449,545,545,565,565,579,592,66,93,93,119,119,8,8,37,37,51,51,148,148,166,266,17,17,63,63],"floor_reached":40,"playtime":5508,"items_purged":["Strike_R","Writhe"],"score":506,"play_id":"f6cbcc4d-f061-48b7-b7be-ecbbb149ed2f","local_time":"20190615194852","is_ascension_mode":true,"campfire_choices":[{"floor":7.0,"key":"REST"},{"floor":10.0,"key":"REST"},{"floor":15,"key":"REST"},{"floor":24,"key":"REST"},{"floor":28,"key":"REST"},{"floor":32,"key":"REST"}],"neow_cost":"NONE","seed_source_timestamp":0,"circlet_count":0,"master_deck":["Strike_R","Strike_R","Defend_R","Defend_R","Defend_R","Defend_R","Bash","Twin Strike","Seeing Red","Anger","Armaments","Pummel","Juggernaut","Juggernaut","Flex","Feed","Heavy Blade","Cleave+1","Second Wind","Shrug It Off","Feel No Pain","Spot Weakness","Shrug It Off+1","Impervious","Sentinel","Flex+1","Cleave+1","Feed","Combust+1","Entrench+1"],"special_seed":0,"relics":["Burning Blood","Strawberry","Bronze Scales","Blue Candle","Dream Catcher","Mercury Hourglass","Mango","Happy Flower","Runic Cube","Gremlin Horn","Paper Frog","Ancient Tea Set","Potion Belt","Turnip","Smiling Mask","Velvet Choker","Champion Belt","Lantern","Ginger"],"potions_floor_usage":[13,14,14,16,23,23,29,31,39,40],"damage_taken":[{"damage":5.0,"enemies":"Jaw Worm","floor":1.0,"turns":5.0},{"damage":1.0,"enemies":"2 Louse","floor":5.0,"turns":2.0},{"damage":42.0,"enemies":"3 Sentries","floor":6.0,"turns":9.0},{"damage":51.0,"enemies":"Gremlin Nob","floor":8.0,"turns":5.0},{"damage":0.0,"enemies":"Cultist","floor":11.0,"turns":3.0},{"damage":43,"enemies":"Lagavulin","floor":12,"turns":10},{"damage":11,"enemies":"Gremlin Nob","floor":13,"turns":4},{"damage":5,"enemies":"Large Slime","floor":14,"turns":5},{"damage":42,"enemies":"The Guardian","floor":16,"turns":11},{"damage":22,"enemies":"Spheric Guardian","floor":18,"turns":4},{"damage":15,"enemies":"3 Byrds","floor":20,"turns":3},{"damage":34,"enemies":"Snake Plant","floor":21,"turns":4},{"damage":34,"enemies":"Book of Stabbing","floor":23,"turns":5},{"damage":52,"enemies":"Slavers","floor":25,"turns":5},{"damage":12,"enemies":"Gremlin Leader","floor":29,"turns":5},{"damage":18,"enemies":"Centurion and Healer","floor":31,"turns":6},{"damage":53,"enemies":"Collector","floor":33,"turns":8},{"damage":10,"enemies":"3 Shapes","floor":35,"turns":2},{"damage":22,"enemies":"Mind Bloom Boss Battle","floor":36,"turns":8},{"damage":72,"enemies":"2 Orb Walkers","floor":39,"turns":4},{"damage":28,"enemies":"Giant Head","floor":40,"turns":5}],"seed_played":"5901684381195903157","potions_obtained":[{"floor":5.0,"key":"SteroidPotion"},{"floor":8.0,"key":"PowerPotion"},{"floor":12,"key":"Regen Potion"},{"floor":13,"key":"BloodPotion"},{"floor":14,"key":"Poison Potion"},{"floor":18,"key":"GamblersBrew"},{"floor":21,"key":"BloodPotion"},{"floor":29,"key":"AttackPotion"},{"floor":39,"key":"Poison Potion"}],"is_trial":false,"path_per_floor":["M","?","?","?","M","E","R","E","T","R","M","E","?","M","R","B",null,"M","?","M","M","$","E","R","E","T","$","R","E","?","M","R","B",null,"M","?","$","?","?","E"],"character_chosen":"IRONCLAD","items_purchased":["Gremlin Horn","Second Wind","Shrug It Off","Feel No Pain","BloodPotion","Sentinel","Lantern","PowerPotion"],"campfire_rested":6,"item_purchase_floors":[22,22,22,22,27,27,37,37],"current_hp_per_floor":[87,76,69,69,74,38,64,19,19,45,51,28,32,43,73,37,101,85,85,76,48,48,30,60,17,17,17,48,52,52,40,71,24,104,100,84,84,84,21,0],"gold":63,"neow_bonus":"RANDOM_COMMON_RELIC","is_prod":false,"is_daily":false,"chose_seed":false,"campfire_upgraded":0,"win_rate":0,"timestamp":1560642532,"path_taken":["M","?","?","?","?","E","R","E","T","R","M","E","?","M","R","BOSS","M","?","M","?","$","E","R","E","T","$","R","E","?","M","R","BOSS","M","?","$","?","?","E"],"build_version":"2019-01-23","purchased_purges":2,"victory":false,"max_hp_per_floor":[87,87,87,87,87,87,87,87,87,87,87,101,101,101,101,101,101,101,101,101,101,101,101,101,104,104,104,104,104,104,104,104,104,104,104,104,104,104,107,107],"card_choices":[{"not_picked":["Pummel","Clothesline"],"picked":"Twin Strike","floor":1.0},{"not_picked":["Sword Boomerang","Whirlwind"],"picked":"Seeing Red","floor":5.0},{"not_picked":["Iron Wave","Thunderclap","Seeing Red"],"picked":"SKIP","floor":6.0},{"not_picked":["Havoc","Clash"],"picked":"Anger","floor":8.0},{"not_picked":["True Grit","Wild Strike"],"picked":"Armaments","floor":10.0},{"not_picked":["Pommel Strike","Armaments","Second Wind"],"picked":"SKIP","floor":11.0},{"not_picked":["Armaments","Body Slam"],"picked":"Pummel","floor":12},{"not_picked":["Twin Strike","Burning Pact"],"picked":"Juggernaut","floor":14},{"not_picked":["Impervious","Feed"],"picked":"Juggernaut","floor":16},{"not_picked":["Spot Weakness","Heavy Blade"],"picked":"Flex","floor":18},{"not_picked":["Shrug It Off","Warcry"],"picked":"Heavy Blade","floor":20},{"not_picked":["Evolve+1","Twin Strike"],"picked":"Cleave+1","floor":21},{"not_picked":["Whirlwind","Wild Strike"],"picked":"Spot Weakness","floor":23},{"not_picked":["Sentinel","Warcry"],"picked":"Shrug It Off+1","floor":24},{"not_picked":["Pommel Strike","Shockwave"],"picked":"Impervious","floor":25},{"not_picked":["Sever Soul+1","Thunderclap"],"picked":"Hemokinesis+1","floor":29},{"not_picked":["Intimidate","Sword Boomerang"],"picked":"Flex+1","floor":31},{"not_picked":["Iron Wave","Clash"],"picked":"Cleave+1","floor":32},{"not_picked":["Brutality","Double Tap"],"picked":"Feed","floor":33},{"not_picked":["Blood for Blood","Wild Strike+1"],"picked":"Combust+1","floor":35},{"not_picked":["Rupture","Heavy Blade"],"picked":"Entrench+1","floor":36}],"player_experience":1160868,"relics_obtained":[{"floor":6.0,"key":"Blue Candle"},{"floor":8.0,"key":"Dream Catcher"},{"floor":9.0,"key":"Mercury Hourglass"},{"floor":12,"key":"Mango"},{"floor":13,"key":"Happy Flower"},{"floor":23,"key":"Paper Frog"},{"floor":25,"key":"Ancient Tea Set"},{"floor":26,"key":"Potion Belt"},{"floor":29,"key":"Turnip"},{"floor":36,"key":"Champion Belt"},{"floor":39,"key":"Ginger"}],"event_choices":[{"damage_healed":0.0,"max_hp_gain":0.0,"max_hp_loss":0.0,"gold_gain":75.0,"event_name":"World of Goop","player_choice":"Gather Gold","floor":2.0,"gold_loss":0.0,"damage_taken":11.0},{"damage_healed":0.0,"max_hp_gain":0.0,"max_hp_loss":0.0,"gold_gain":0.0,"event_name":"Scrap Ooze","player_choice":"Success","floor":3.0,"gold_loss":0.0,"damage_taken":7.0,"relics_obtained":["Bronze Scales"]},{"cards_removed":["Strike_R"],"damage_healed":0.0,"max_hp_gain":0.0,"max_hp_loss":0.0,"gold_gain":0.0,"event_name":"Living Wall","player_choice":"Forget","floor":4.0,"gold_loss":0.0,"damage_taken":0.0},{"damage_healed":0,"gold_gain":0,"player_choice":"Searched \u00271\u0027 times","damage_taken":0,"max_hp_gain":0,"max_hp_loss":0,"event_name":"Dead Adventurer","floor":13,"gold_loss":0},{"damage_healed":0,"gold_gain":0,"cards_transformed":["Strike_R"],"player_choice":"Transformed","damage_taken":0,"max_hp_gain":0,"max_hp_loss":0,"event_name":"Transmorgrifier","floor":19,"gold_loss":0,"cards_obtained":["Feed"]},{"damage_healed":0,"gold_gain":0,"player_choice":"Opened","damage_taken":0,"relics_obtained":["Smiling Mask"],"max_hp_gain":0,"max_hp_loss":0,"event_name":"The Mausoleum","floor":30,"gold_loss":0,"cards_obtained":["Writhe"]},{"damage_healed":0,"gold_gain":0,"player_choice":"Fight","damage_taken":0,"max_hp_gain":0,"max_hp_loss":0,"event_name":"MindBloom","floor":36,"gold_loss":0},{"cards_removed":["Hemokinesis"],"damage_healed":0,"gold_gain":0,"player_choice":"Removed Attack","damage_taken":0,"max_hp_gain":0,"max_hp_loss":0,"event_name":"Falling","floor":38,"gold_loss":0},{"damage_healed":0,"gold_gain":0,"player_choice":"Fight","damage_taken":0,"max_hp_gain":0,"max_hp_loss":0,"event_name":"Mysterious Sphere","floor":39,"gold_loss":0}],"is_beta":false,"boss_relics":[{"not_picked":["Mark of Pain","Snecko Eye"],"picked":"Runic Cube"},{"not_picked":["Coffee Dripper","Runic Dome"],"picked":"Velvet Choker"}],"items_purged_floors":[22,37],"is_endless":false,"potions_floor_spawned":[5,8,12,13,14,18,21,29,39],"killed_by":"Giant Head","ascension_level":1}