{"gold_per_floor":[213,224,81,156,156,156,156,156,179,191,216,257,280,319,331,441,453,485,497,521,533,132,132],"floor_reached":23,"playtime":964,"items_purged":["Strike_G","Strike_G"],"score":259,"play_id":"9ab01077-7d51-49e9-8f49-63aa52ab3115","local_time":"20190320164944","is_ascension_mode":true,"campfire_choices":[{"data":"Blade Dance","floor":6,"key":"SMITH"},{"data":"Accuracy","floor":8,"key":"SMITH"},{"data":"Neutralize","floor":10,"key":"SMITH"},{"data":"Terror","floor":15,"key":"SMITH"}],"neow_cost":"NONE","seed_source_timestamp":539717782030749,"circlet_count":0,"master_deck":["Defend_G","Defend_G","Defend_G","Defend_G","Defend_G","Strike_G","Strike_G","Strike_G","Survivor","Neutralize+1","Backstab","Blade Dance+1","Accuracy+1","Escape Plan","Slice","Dagger Spray","Terror+1","Dodge and Roll","Caltrops"],"relics":["Ring of the Serpent","StoneCalendar","MawBank","Orichalcum","Peace Pipe","Question Card"],"potions_floor_usage":[12,16,21,23],"damage_taken":[{"damage":0,"enemies":"Jaw Worm","floor":1,"turns":4},{"damage":2,"enemies":"Small Slimes","floor":2,"turns":4},{"damage":0,"enemies":"Cultist","floor":11,"turns":1},{"damage":20,"enemies":"Lagavulin","floor":12,"turns":6},{"damage":1,"enemies":"Looter","floor":13,"turns":4},{"damage":10,"enemies":"Gremlin Nob","floor":14,"turns":4},{"damage":10,"enemies":"The Guardian","floor":16,"turns":11},{"damage":7,"enemies":"Shell Parasite","floor":18,"turns":5},{"damage":5,"enemies":"3 Byrds","floor":20,"turns":5},{"damage":0,"enemies":"Snecko","floor":21,"turns":2},{"damage":55,"enemies":"Gremlin Leader","floor":23,"turns":5}],"seed_played":"7505709373567938220","potions_obtained":[{"floor":1,"key":"FearPotion"},{"floor":2,"key":"Weak Potion"},{"floor":14,"key":"SmokeBomb"},{"floor":16,"key":"AttackPotion"}],"is_trial":false,"path_per_floor":["M","M","$","?","?","R","?","R","T","R","M","E","M","E","R","B",null,"M","?","M","M","$","E"],"character_chosen":"THE_SILENT","items_purchased":["Accuracy","Question Card","Caltrops"],"campfire_rested":0,"item_purchase_floors":[3,22,22],"current_hp_per_floor":[63,61,61,50,55,55,55,55,55,55,55,35,34,24,24,14,60,53,53,48,48,48,0],"gold":132,"neow_bonus":"HUNDRED_GOLD","is_prod":false,"is_daily":false,"chose_seed":false,"campfire_upgraded":4,"win_rate":0,"timestamp":1553096984,"path_taken":["M","M","$","?","?","R","?","R","T","R","M","E","M","E","R","BOSS","M","?","M","?","$","E"],"build_version":"2019-01-23","purchased_purges":2,"victory":false,"max_hp_per_floor":[70,70,70,70,75,75,75,75,75,75,75,75,75,75,75,75,75,75,75,75,75,75,75],"card_choices":[{"not_picked":["Dagger Throw","Tactician"],"picked":"Backstab","floor":1},{"not_picked":["Deflect","Eviscerate"],"picked":"Blade Dance","floor":2},{"not_picked":["Blade Dance","Outmaneuver"],"picked":"Escape Plan","floor":11},{"not_picked":["Bouncing Flask","Sucker Punch"],"picked":"Slice","floor":12},{"not_picked":["Sucker Punch","Poisoned Stab"],"picked":"Dagger Spray","floor":13},{"not_picked":["Outmaneuver","Deflect"],"picked":"Terror","floor":14},{"not_picked":["Acrobatics","Underhanded Strike+1"],"picked":"Dodge and Roll","floor":18},{"not_picked":["Reflex+1","Finisher+1","Riddle With Holes"],"picked":"SKIP","floor":20}],"player_experience":107052,"relics_obtained":[{"floor":9,"key":"MawBank"},{"floor":12,"key":"Orichalcum"},{"floor":14,"key":"Peace Pipe"}],"event_choices":[{"damage_healed":0,"gold_gain":75,"player_choice":"Gather Gold","damage_taken":11,"max_hp_gain":0,"max_hp_loss":0,"event_name":"World of Goop","floor":4,"gold_loss":0},{"damage_healed":0,"gold_gain":0,"player_choice":"Donut","damage_taken":0,"max_hp_gain":5,"max_hp_loss":0,"event_name":"Big Fish","floor":5,"gold_loss":0},{"damage_healed":0,"gold_gain":0,"player_choice":"Searched \u00271\u0027 times","damage_taken":0,"relics_obtained":["StoneCalendar"],"max_hp_gain":0,"max_hp_loss":0,"event_name":"Dead Adventurer","floor":7,"gold_loss":0},{"damage_healed":0,"gold_gain":0,"player_choice":"Bought 0 Potions","damage_taken":0,"max_hp_gain":0,"max_hp_loss":0,"event_name":"The Woman in Blue","floor":19,"gold_loss":0}],"is_beta":false,"boss_relics":[{"not_picked":["White Beast Statue","Astrolabe"],"picked":"Ring of the Serpent"}],"items_purged_floors":[3,22],"is_endless":false,"potions_floor_spawned":[1,2,14,16],"killed_by":"Gremlin Leader","ascension_level":6}