{"gold_per_floor":[109,184,184,198,214,214,34,34,34,68,68,68,29,39,39,138,138,148,166,183,108,108,108,124,124,124,124],"floor_reached":27,"playtime":2121,"items_purged":[],"score":317,"play_id":"28592104-b9df-4d61-b34f-0298f5401138","local_time":"20190627201758","is_ascension_mode":true,"campfire_choices":[{"data":"Neutralize","floor":6,"key":"SMITH"},{"data":"Footwork","floor":8,"key":"SMITH"},{"data":"Backflip","floor":11,"key":"SMITH"},{"data":"Survivor","floor":15,"key":"SMITH"},{"data":"Malaise","floor":23,"key":"SMITH"},{"floor":25,"key":"REST"}],"neow_cost":"NONE","seed_source_timestamp":201968781539300,"circlet_count":0,"master_deck":["AscendersBane","Defend_G","Defend_G","Defend_G","Defend_G","Defend_G","Strike_G","Survivor+1","Neutralize+1","Backflip+1","Footwork+1","Infinite Blades","Malaise+1","Dagger Throw+1","Night Terror+1","Dash+1","Backflip","Bouncing Flask+1","Necronomicurse","Well Laid Plans+1"],"relics":["Ring of the Snake","NeowsBlessing","Darkstone Periapt","Bronze Scales","Ornamental Fan","Letter Opener","GremlinMask","Astrolabe","Necronomicon","Bird Faced Urn"],"potions_floor_usage":[16,27,27,27],"damage_taken":[{"damage":0,"enemies":"Cultist","floor":1,"turns":1},{"damage":0,"enemies":"Jaw Worm","floor":4,"turns":1},{"damage":0,"enemies":"Small Slimes","floor":5,"turns":1},{"damage":19,"enemies":"Lagavulin","floor":10,"turns":13},{"damage":0,"enemies":"Blue Slaver","floor":14,"turns":5},{"damage":19,"enemies":"Slime Boss","floor":16,"turns":20},{"damage":0,"enemies":"Shell Parasite","floor":18,"turns":7},{"damage":2,"enemies":"Spheric Guardian","floor":19,"turns":8},{"damage":13,"enemies":"Chosen and Byrds","floor":20,"turns":7},{"damage":7,"enemies":"Snecko","floor":24,"turns":6},{"damage":52,"enemies":"Slavers","floor":27,"turns":4}],"seed_played":"-8597037764721014239","potions_obtained":[{"floor":10,"key":"Fire Potion"},{"floor":14,"key":"SpeedPotion"},{"floor":16,"key":"SkillPotion"},{"floor":18,"key":"LiquidBronze"},{"floor":19,"key":"PowerPotion"}],"is_trial":false,"path_per_floor":["M","?","T","M","M","R","$","R","T","E","R","?","$","M","R","B",null,"M","M","M","?","?","R","M","R","T","E"],"character_chosen":"THE_SILENT","items_purchased":["Footwork","Bronze Scales","Infinite Blades"],"campfire_rested":1,"item_purchase_floors":[7,7,13],"current_hp_per_floor":[63,52,52,52,52,52,52,52,52,33,33,33,33,33,33,14,56,56,54,41,41,31,31,24,46,46,0],"gold":124,"neow_bonus":"THREE_ENEMY_KILL","is_prod":false,"is_daily":false,"chose_seed":false,"campfire_upgraded":5,"win_rate":0,"timestamp":1561681078,"path_taken":["M","?","?","?","M","R","$","R","T","E","R","?","$","?","R","BOSS","M","M","M","?","?","R","M","R","T","E"],"build_version":"2019-01-23","purchased_purges":0,"victory":false,"max_hp_per_floor":[70,70,70,70,70,70,70,70,70,70,70,70,70,70,70,70,70,70,70,70,70,76,76,76,76,76,76],"card_choices":[{"not_picked":["Blade Dance","Slice","Dodge and Roll"],"picked":"SKIP","floor":1},{"not_picked":["Distraction","Flying Knee","Bane"],"picked":"SKIP","floor":4},{"not_picked":["Outmaneuver","Crippling Poison"],"picked":"Backflip","floor":5},{"not_picked":["Envenom","Flying Knee","Eviscerate"],"picked":"SKIP","floor":10},{"not_picked":["Dagger Throw","Riddle With Holes","Expertise"],"picked":"SKIP","floor":14},{"not_picked":["Unload","Phantasmal Killer"],"picked":"Malaise","floor":16},{"not_picked":["Poisoned Stab","Dagger Spray+1"],"picked":"Backflip","floor":18},{"not_picked":["Backflip","Reflex"],"picked":"Bouncing Flask+1","floor":19},{"not_picked":["Slice","Poisoned Stab","Deflect"],"picked":"SKIP","floor":20},{"not_picked":["Riddle With Holes+1","Deflect"],"picked":"Well Laid Plans+1","floor":24}],"player_experience":114919,"relics_obtained":[{"floor":3,"key":"Darkstone Periapt"},{"floor":9,"key":"Ornamental Fan"},{"floor":10,"key":"Letter Opener"},{"floor":22,"key":"Necronomicon"},{"floor":26,"key":"Bird Faced Urn"}],"event_choices":[{"damage_healed":0,"gold_gain":75,"player_choice":"Gather Gold","damage_taken":11,"max_hp_gain":0,"max_hp_loss":0,"event_name":"World of Goop","floor":2,"gold_loss":0},{"damage_healed":0,"gold_gain":0,"player_choice":"Trade","damage_taken":0,"relics_obtained":["GremlinMask"],"max_hp_gain":0,"max_hp_loss":0,"event_name":"FaceTrader","floor":12,"gold_loss":0},{"cards_removed":["Strike_G"],"damage_healed":0,"gold_gain":0,"player_choice":"Gave Gold","damage_taken":0,"max_hp_gain":0,"max_hp_loss":0,"event_name":"Beggar","floor":21,"gold_loss":75},{"damage_healed":0,"gold_gain":0,"player_choice":"Obtained Book","damage_taken":16,"max_hp_gain":0,"max_hp_loss":0,"event_name":"Cursed Tome","floor":22,"gold_loss":0}],"is_beta":false,"boss_relics":[{"not_picked":["Tiny House","Lizard Tail"],"picked":"Astrolabe"}],"items_purged_floors":[],"is_endless":false,"potions_floor_spawned":[10,14,16,18,19],"killed_by":"Slavers","ascension_level":10}