{"gold_per_floor":[20,20,30,30,47,47,81,91,91,91,109,165,145,155,155,232,232,247,297,314,324,337,366,366,401,428,428,459,476,502,522,522,596,596,609,619,639,659,673,731,749,778,778,791,840,870,870,887,887,887],"floor_reached":50,"playtime":2280,"items_purged":[],"score":1391,"play_id":"ea752a0d-c697-484d-a188-548c12c2014a","local_time":"20190523151943","is_ascension_mode":true,"campfire_choices":[{"data":"Perfected Strike","floor":6,"key":"SMITH"},{"data":"True Grit","floor":10,"key":"SMITH"},{"data":"Perfected Strike","floor":15,"key":"SMITH"},{"floor":24,"key":"RECALL"},{"floor":27,"key":"REST"},{"floor":32,"key":"REST"},{"floor":49,"key":"DIG"}],"neow_cost":"NO_GOLD","seed_source_timestamp":507401537328253,"circlet_count":0,"master_deck":["AscendersBane","Strike_R","Strike_R","Strike_R","Strike_R","Strike_R","Defend_R+1","Defend_R","Defend_R","Defend_R+1","Bash","Jack Of All Trades","Secret Technique","Perfected Strike+1","Perfected Strike+1","Twin Strike","True Grit+1","Reaper","Twin Strike+1","Iron Wave+1","Evolve","Impervious","Perfected Strike+1","Battle Trance","Twin Strike+1","Perfected Strike+1","Thunderclap+1","Thunderclap+1","Flame Barrier+1","Pommel Strike+1","Shockwave","Warcry+1","Wild Strike+1","Impervious","Rage","Pommel Strike+1","Shrug It Off+1","Rage","Perfected Strike+1","Intimidate"],"relics":["Burning Blood","War Paint","Prayer Wheel","Molten Egg 2","Gremlin Horn","Fusion Hammer","Bottled Lightning","Du-Vu Doll","Bronze Scales","Anchor","Busted Crown","Tiny Chest","Dead Branch","PreservedInsect","Shovel","Bird Faced Urn","Strawberry"],"potions_floor_usage":[21,21,25,33,45,50],"damage_taken":[{"damage":3,"enemies":"Jaw Worm","floor":1,"turns":5},{"damage":2,"enemies":"Small Slimes","floor":3,"turns":3},{"damage":6,"enemies":"Cultist","floor":5,"turns":3},{"damage":14,"enemies":"Lagavulin","floor":7,"turns":5},{"damage":18,"enemies":"3 Louse","floor":8,"turns":4},{"damage":0,"enemies":"Large Slime","floor":11,"turns":2},{"damage":9,"enemies":"Gremlin Nob","floor":12,"turns":3},{"damage":18,"enemies":"Gremlin Gang","floor":14,"turns":4},{"damage":58,"enemies":"Slime Boss","floor":16,"turns":10},{"damage":0,"enemies":"Spheric Guardian","floor":18,"turns":3},{"damage":0,"enemies":"Chosen","floor":20,"turns":3},{"damage":0,"enemies":"Snake Plant","floor":21,"turns":1},{"damage":4,"enemies":"Cultist and Chosen","floor":22,"turns":4},{"damage":0,"enemies":"Gremlin Leader","floor":23,"turns":3},{"damage":13,"enemies":"Slavers","floor":25,"turns":4},{"damage":12,"enemies":"Book of Stabbing","floor":28,"turns":4},{"damage":12,"enemies":"Chosen and Byrds","floor":29,"turns":3},{"damage":0,"enemies":"Gremlin Leader","floor":30,"turns":3},{"damage":0,"enemies":"3 Cultists","floor":31,"turns":2},{"damage":59,"enemies":"Champ","floor":33,"turns":10},{"damage":7,"enemies":"3 Shapes","floor":35,"turns":2},{"damage":0,"enemies":"Orb Walker","floor":36,"turns":3},{"damage":1,"enemies":"Transient","floor":37,"turns":5},{"damage":3,"enemies":"Spire Growth","floor":38,"turns":2},{"damage":0,"enemies":"Jaw Worm Horde","floor":39,"turns":2},{"damage":0,"enemies":"Reptomancer","floor":40,"turns":2},{"damage":33,"enemies":"Maw","floor":41,"turns":5},{"damage":1,"enemies":"Giant Head","floor":42,"turns":5},{"damage":0,"enemies":"Transient","floor":44,"turns":5},{"damage":10,"enemies":"2 Orb Walkers","floor":45,"turns":3},{"damage":0,"enemies":"Reptomancer","floor":46,"turns":2},{"damage":0,"enemies":"4 Shapes","floor":48,"turns":2},{"damage":95,"enemies":"Time Eater","floor":50,"turns":8}],"seed_played":"8104195258431556627","potions_obtained":[{"floor":1,"key":"SpeedPotion"},{"floor":3,"key":"Ancient Potion"},{"floor":23,"key":"Explosive Potion"},{"floor":29,"key":"SkillPotion"},{"floor":31,"key":"Dexterity Potion"},{"floor":33,"key":"PowerPotion"},{"floor":45,"key":"LiquidBronze"}],"is_trial":false,"path_per_floor":["M","?","M","?","M","R","E","M","T","R","M","?","?","M","R","B",null,"M","?","M","M","M","E","R","E","T","R","E","M","E","M","R","B",null,"M","M","M","M","M","E","M","E","T","M","?","E","?","M","R","B"],"character_chosen":"IRONCLAD","items_purchased":[],"campfire_rested":2,"item_purchase_floors":[],"current_hp_per_floor":[71,60,64,64,64,64,56,44,44,44,50,47,47,47,47,7,58,64,57,69,75,75,75,75,68,68,75,69,75,75,75,75,22,62,61,72,75,75,75,75,53,58,58,64,60,66,66,74,81,0],"gold":887,"neow_bonus":"RANDOM_COLORLESS_2","is_prod":false,"is_daily":false,"chose_seed":false,"campfire_upgraded":3,"win_rate":0,"timestamp":1558617583,"path_taken":["M","?","M","?","?","R","E","M","T","R","M","?","?","?","R","BOSS","M","?","?","M","M","E","R","E","T","R","E","M","E","?","R","BOSS","M","?","M","M","M","E","M","E","T","M","?","E","?","?","R","BOSS"],"build_version":"2019-01-23","purchased_purges":0,"victory":false,"max_hp_per_floor":[75,75,75,75,75,75,75,75,75,75,75,75,75,75,75,75,75,75,75,75,75,75,75,75,75,75,75,75,75,75,75,75,75,75,75,75,75,75,75,75,75,75,75,75,75,75,75,75,82,82],"card_choices":[{"not_picked":["Clothesline","Twin Strike"],"picked":"Perfected Strike","floor":1},{"not_picked":["True Grit","Dual Wield"],"picked":"Perfected Strike","floor":3},{"not_picked":["Warcry","Havoc"],"picked":"Twin Strike","floor":5},{"not_picked":["Armaments","Uppercut","Sword Boomerang"],"picked":"SKIP","floor":7},{"not_picked":["Flex","Second Wind"],"picked":"True Grit","floor":8},{"not_picked":["Uppercut","Headbutt"],"picked":"Reaper","floor":8},{"not_picked":["Warcry","Hemokinesis+1"],"picked":"Twin Strike+1","floor":11},{"not_picked":["Heavy Blade+1","Second Wind","Disarm"],"picked":"SKIP","floor":11},{"not_picked":["Flex","Warcry"],"picked":"Iron Wave+1","floor":12},{"not_picked":["Ghostly Armor","Heavy Blade+1"],"picked":"Evolve","floor":14},{"not_picked":["Burning Pact","Armaments","Clothesline+1"],"picked":"SKIP","floor":14},{"not_picked":["Brutality","Fiend Fire+1"],"picked":"Impervious","floor":16},{"not_picked":["Second Wind+1","Searing Blow+1"],"picked":"Perfected Strike+1","floor":18},{"not_picked":["Clothesline+1","Headbutt+1"],"picked":"Battle Trance","floor":18},{"not_picked":["Shrug It Off","Reckless Charge+1"],"picked":"Twin Strike+1","floor":20},{"not_picked":["Fire Breathing","Havoc"],"picked":"Perfected Strike+1","floor":20},{"not_picked":["Armaments+1","Limit Break"],"picked":"Thunderclap+1","floor":21},{"not_picked":["Flex","Body Slam+1"],"picked":"Thunderclap+1","floor":21},{"not_picked":["Battle Trance","Hemokinesis+1"],"picked":"Flame Barrier+1","floor":22},{"not_picked":["Shrug It Off","Pummel+1","Thunderclap+1"],"picked":"SKIP","floor":22},{"not_picked":["Thunderclap+1","Feel No Pain","Carnage+1"],"picked":"SKIP","floor":23},{"not_picked":["Body Slam+1","Thunderclap+1","Rupture"],"picked":"SKIP","floor":25},{"not_picked":["Flame Barrier","Cleave+1"],"picked":"Pommel Strike+1","floor":28},{"not_picked":["Body Slam+1","Juggernaut"],"picked":"Shockwave","floor":29},{"not_picked":["Iron Wave+1","Anger+1","Heavy Blade+1"],"picked":"SKIP","floor":29},{"not_picked":["Seeing Red","Cleave+1","Body Slam+1"],"picked":"SKIP","floor":30},{"not_picked":["Carnage+1","Havoc"],"picked":"Warcry+1","floor":31},{"not_picked":["Anger+1","Rampage+1"],"picked":"Wild Strike+1","floor":31},{"not_picked":["Feed+1","Dark Embrace"],"picked":"Impervious","floor":33},{"not_picked":[],"picked":"Rage","floor":35},{"not_picked":[],"picked":"Pommel Strike+1","floor":35},{"not_picked":[],"picked":"Shrug It Off+1","floor":36},{"not_picked":["Seeing Red"],"picked":"SKIP","floor":36},{"not_picked":[],"picked":"Rage","floor":37},{"not_picked":["Uppercut+1"],"picked":"SKIP","floor":37},{"not_picked":["Body Slam+1"],"picked":"SKIP","floor":38},{"not_picked":["Shrug It Off"],"picked":"SKIP","floor":38},{"not_picked":[],"picked":"Perfected Strike+1","floor":39},{"not_picked":["Corruption"],"picked":"SKIP","floor":39},{"not_picked":["Sword Boomerang+1"],"picked":"SKIP","floor":40},{"not_picked":["Entrench+1"],"picked":"SKIP","floor":41},{"not_picked":["Headbutt+1"],"picked":"SKIP","floor":41},{"not_picked":["Shockwave"],"picked":"SKIP","floor":42},{"not_picked":["Havoc+1"],"picked":"SKIP","floor":44},{"not_picked":["Intimidate"],"picked":"SKIP","floor":44},{"not_picked":[],"picked":"Intimidate","floor":44},{"not_picked":["Havoc+1"],"picked":"SKIP","floor":44},{"not_picked":["Heavy Blade+1"],"picked":"SKIP","floor":46},{"not_picked":["Bloodletting"],"picked":"SKIP","floor":48},{"not_picked":["Cleave+1"],"picked":"SKIP","floor":48}],"player_experience":355342,"relics_obtained":[{"floor":7,"key":"Prayer Wheel"},{"floor":9,"key":"Molten Egg 2"},{"floor":12,"key":"Gremlin Horn"},{"floor":23,"key":"Bottled Lightning"},{"floor":25,"key":"Du-Vu Doll"},{"floor":28,"key":"Bronze Scales"},{"floor":30,"key":"Anchor"},{"floor":40,"key":"Tiny Chest"},{"floor":42,"key":"Dead Branch"},{"floor":43,"key":"PreservedInsect"},{"floor":45,"key":"Shovel"},{"floor":46,"key":"Bird Faced Urn"},{"floor":49,"key":"Strawberry"}],"event_choices":[{"damage_healed":0,"gold_gain":0,"player_choice":"Success","damage_taken":11,"relics_obtained":["War Paint"],"max_hp_gain":0,"max_hp_loss":0,"event_name":"Scrap Ooze","floor":2,"gold_loss":0},{"damage_healed":0,"gold_gain":0,"player_choice":"Got Potions","damage_taken":0,"max_hp_gain":0,"max_hp_loss":0,"event_name":"Lab","floor":4,"gold_loss":0},{"damage_healed":0,"gold_gain":30,"player_choice":"Searched \u00272\u0027 times","damage_taken":0,"max_hp_gain":0,"max_hp_loss":0,"event_name":"Dead Adventurer","floor":12,"gold_loss":0},{"damage_healed":0,"gold_gain":0,"player_choice":"Bought 1 Potion","damage_taken":0,"max_hp_gain":0,"max_hp_loss":0,"event_name":"The Woman in Blue","floor":13,"gold_loss":0},{"damage_healed":0,"gold_gain":50,"player_choice":"Touch","damage_taken":7,"max_hp_gain":0,"max_hp_loss":0,"event_name":"FaceTrader","floor":19,"gold_loss":0},{"damage_healed":0,"gold_gain":0,"player_choice":"Fight","damage_taken":0,"max_hp_gain":0,"max_hp_loss":0,"event_name":"Mysterious Sphere","floor":45,"gold_loss":0},{"damage_healed":0,"gold_gain":0,"player_choice":"Ignored","damage_taken":0,"max_hp_gain":0,"max_hp_loss":0,"event_name":"SecretPortal","floor":47,"gold_loss":0}],"is_beta":false,"boss_relics":[{"not_picked":["Black Blood","Calling Bell"],"picked":"Fusion Hammer"},{"not_picked":["Tiny House","Coffee Dripper"],"picked":"Busted Crown"}],"items_purged_floors":[],"is_endless":false,"potions_floor_spawned":[1,3,7,11,14,20,23,29,31,33,35,37,42,45,48],"killed_by":"Time Eater","ascension_level":16}