{"gold_per_floor":[109,122,122,47,65,65,79,114,139,149,169,186,18,18,18,113,113,123,109,123,138,92,92,120,139,165,76,76,109,109,34,34,34],"floor_reached":33,"playtime":2016,"items_purged":["Defend_G"],"score":376,"play_id":"382c14af-a50e-4eec-b417-72d3d53d7a7f","local_time":"20190516171502","is_ascension_mode":true,"campfire_choices":[{"data":"Dagger Throw","floor":6,"key":"SMITH"},{"data":"Envenom","floor":15,"key":"SMITH"},{"floor":23,"key":"REST"},{"data":"Bandage Up","floor":28,"key":"SMITH"},{"floor":30,"key":"REST"},{"data":"Footwork","floor":32,"key":"SMITH"}],"neow_cost":"NONE","seed_source_timestamp":1202209556400,"circlet_count":0,"master_deck":["Defend_G","Defend_G","Defend_G","Defend_G","Strike_G","Strike_G","Strike_G","Strike_G","Survivor","Neutralize+1","PiercingWail","Dagger Throw+1","Footwork+1","Cloak And Dagger","Envenom+1","Escape Plan","Backflip","Choke","Backflip","Infinite Blades","Malaise","Cloak And Dagger","Skewer","Dash+1","Blade Dance+1","Bane","Poisoned Stab","Skewer","Bandage Up+1"],"relics":["Ring of the Snake","Ancient Tea Set","Snake Skull","Pen Nib","Cursed Key","Lantern","Happy Flower","Regal Pillow"],"potions_floor_usage":[8,11,16,19,24,29],"damage_taken":[{"damage":0,"enemies":"2 Louse","floor":1,"turns":4},{"damage":5,"enemies":"Cultist","floor":2,"turns":6},{"damage":0,"enemies":"Jaw Worm","floor":5,"turns":5},{"damage":8,"enemies":"Large Slime","floor":7,"turns":8},{"damage":15,"enemies":"Gremlin Nob","floor":8,"turns":5},{"damage":1,"enemies":"Looter","floor":10,"turns":3},{"damage":2,"enemies":"Lots of Slimes","floor":11,"turns":2},{"damage":0,"enemies":"3 Louse","floor":12,"turns":6},{"damage":29,"enemies":"Slime Boss","floor":16,"turns":11},{"damage":3,"enemies":"Spheric Guardian","floor":18,"turns":5},{"damage":20,"enemies":"2 Thieves","floor":19,"turns":4},{"damage":5,"enemies":"Snake Plant","floor":20,"turns":5},{"damage":12,"enemies":"Shelled Parasite and Fungi","floor":21,"turns":7},{"damage":3,"enemies":"Slavers","floor":24,"turns":7},{"damage":7,"enemies":"3 Cultists","floor":25,"turns":7},{"damage":29,"enemies":"Book of Stabbing","floor":29,"turns":5},{"damage":79,"enemies":"Automaton","floor":33,"turns":10}],"seed_played":"1607991961115178214","potions_obtained":[{"floor":7,"key":"Strength Potion"},{"floor":8,"key":"Poison Potion"},{"floor":10,"key":"AttackPotion"},{"floor":11,"key":"SmokeBomb"},{"floor":16,"key":"Regen Potion"},{"floor":20,"key":"Ancient Potion"},{"floor":21,"key":"SkillPotion"},{"floor":24,"key":"Energy Potion"}],"is_trial":false,"path_per_floor":["M","M","?","$","M","R","M","E","T","M","M","M","$","?","R","B",null,"M","M","M","M","$","R","E","M","T","$","R","E","R","?","R","B"],"character_chosen":"THE_SILENT","items_purchased":["Pen Nib","Backflip","Bane","Bandage Up"],"campfire_rested":2,"item_purchase_floors":[13,13,22,27],"current_hp_per_floor":[70,65,65,65,65,65,57,42,42,41,39,39,39,39,39,10,60,57,49,44,32,32,55,52,45,45,45,45,22,60,60,60,0],"gold":34,"neow_bonus":"TEN_PERCENT_HP_BONUS","is_prod":false,"is_daily":false,"chose_seed":false,"campfire_upgraded":4,"win_rate":0,"timestamp":1558052102,"path_taken":["M","M","?","$","M","R","M","E","T","?","M","M","$","?","R","BOSS","M","M","?","M","$","R","E","M","T","$","R","E","R","?","R","BOSS"],"build_version":"2019-01-23","purchased_purges":1,"victory":false,"max_hp_per_floor":[77,77,77,77,77,77,77,77,77,77,77,77,77,77,77,77,77,77,77,77,77,77,77,77,77,77,77,77,77,77,77,77,77],"card_choices":[{"not_picked":["Poisoned Stab","Cloak And Dagger"],"picked":"PiercingWail","floor":1},{"not_picked":["Cloak And Dagger","Underhanded Strike"],"picked":"Dagger Throw","floor":2},{"not_picked":["Cloak And Dagger","Prepared"],"picked":"Footwork","floor":5},{"not_picked":["Catalyst","Blade Dance"],"picked":"Cloak And Dagger","floor":7},{"not_picked":["Prepared","Predator"],"picked":"Envenom","floor":8},{"not_picked":["Dodge and Roll","Slice"],"picked":"Escape Plan","floor":10},{"not_picked":["Underhanded Strike","Deadly Poison"],"picked":"Backflip","floor":11},{"not_picked":["Backflip","Backstab"],"picked":"Choke","floor":12},{"not_picked":["Phantasmal Killer","Wraith Form v2"],"picked":"Malaise","floor":16},{"not_picked":["Accuracy","Expertise"],"picked":"Cloak And Dagger","floor":18},{"not_picked":["Bane","Dagger Throw+1"],"picked":"Skewer","floor":19},{"not_picked":["Dagger Throw+1","Flying Knee"],"picked":"Dash+1","floor":20},{"not_picked":["Underhanded Strike+1","Flechettes"],"picked":"Blade Dance+1","floor":21},{"not_picked":["Eviscerate","Phantasmal Killer"],"picked":"Poisoned Stab","floor":24},{"not_picked":["Deadly Poison","Catalyst"],"picked":"Skewer","floor":25},{"not_picked":["Expertise","Wraith Form v2","Acrobatics+1"],"picked":"SKIP","floor":29}],"player_experience":322627,"relics_obtained":[{"floor":8,"key":"Ancient Tea Set"},{"floor":9,"key":"Snake Skull"},{"floor":24,"key":"Lantern"},{"floor":26,"key":"Happy Flower"},{"floor":29,"key":"Regal Pillow"}],"event_choices":[{"damage_healed":0,"gold_gain":0,"player_choice":"Upgraded","damage_taken":0,"max_hp_gain":0,"max_hp_loss":0,"event_name":"Upgrade Shrine","floor":3,"gold_loss":0,"cards_upgraded":["Neutralize"]},{"damage_healed":0,"gold_gain":0,"cards_transformed":["Strike_G"],"player_choice":"Transformed","damage_taken":0,"max_hp_gain":0,"max_hp_loss":0,"event_name":"Transmorgrifier","floor":14,"gold_loss":0,"cards_obtained":["Infinite Blades"]},{"cards_removed":["Writhe"],"damage_healed":0,"gold_gain":0,"player_choice":"Gave Gold","damage_taken":0,"max_hp_gain":0,"max_hp_loss":0,"event_name":"Beggar","floor":31,"gold_loss":75}],"is_beta":false,"boss_relics":[{"not_picked":["Coffee Dripper","Busted Crown"],"picked":"Cursed Key"}],"items_purged_floors":[4],"is_endless":false,"potions_floor_spawned":[7,8,10,11,16,20,21,24],"killed_by":"Automaton","ascension_level":6}