{"gold_per_floor":[112,20,20,33,47,72,84,112,124,168,180,117,144,4,4,82,82,96,96,116,79,79],"floor_reached":22,"playtime":550,"items_purged":["Strike_B"],"score":378,"play_id":"ec6007d6-448b-49cd-a970-d97e18ad4fbc","local_time":"20190620033046","is_ascension_mode":true,"campfire_choices":[{"data":"Streamline","floor":7,"key":"SMITH"},{"data":"Defragment","floor":15,"key":"SMITH"}],"neow_cost":"NONE","seed_source_timestamp":474234024450292,"circlet_count":0,"master_deck":["AscendersBane","Strike_B","Strike_B","Defend_B","Defend_B","Defend_B","Defend_B","Zap","Dualcast","Streamline+1","Sunder+1","Conserve Battery","Chaos","Beam Cell","Core Surge","Cold Snap","Defragment+1","Meteor Strike","Defragment","Conserve Battery+1","Capacitor"],"relics":["Cracked Core","NeowsBlessing","MawBank","Anchor","Meat on the Bone","Velvet Choker"],"potions_floor_usage":[6,10,16,22],"damage_taken":[{"damage":0,"enemies":"Jaw Worm","floor":1,"turns":1},{"damage":0,"enemies":"Cultist","floor":4,"turns":1},{"damage":0,"enemies":"Small Slimes","floor":5,"turns":1},{"damage":17,"enemies":"Gremlin Nob","floor":6,"turns":4},{"damage":7,"enemies":"3 Louse","floor":8,"turns":2},{"damage":20,"enemies":"3 Sentries","floor":10,"turns":5},{"damage":1,"enemies":"Looter","floor":13,"turns":2},{"damage":19,"enemies":"Hexaghost","floor":16,"turns":9},{"damage":20,"enemies":"Shell Parasite","floor":18,"turns":4},{"damage":14,"enemies":"Spheric Guardian","floor":20,"turns":4},{"damage":37,"enemies":"Masked Bandits","floor":22,"turns":3}],"seed_played":"2464375233050538393","potions_obtained":[{"floor":1,"key":"SkillPotion"},{"floor":4,"key":"Weak Potion"},{"floor":10,"key":"LiquidBronze"},{"floor":20,"key":"SpeedPotion"}],"is_trial":false,"path_per_floor":["M","$","?","M","M","E","R","M","T","E","?","?","M","$","R","B",null,"M","?","M","$","?"],"character_chosen":"DEFECT","items_purchased":["Sunder","Conserve Battery","Defragment","Capacitor"],"campfire_rested":0,"item_purchase_floors":[2,2,14,21],"current_hp_per_floor":[64,64,64,64,64,47,47,40,40,20,20,20,31,31,31,24,59,39,39,37,37,0],"gold":79,"neow_bonus":"THREE_ENEMY_KILL","is_prod":false,"is_daily":false,"chose_seed":false,"campfire_upgraded":2,"win_rate":0,"timestamp":1560994246,"path_taken":["M","$","?","?","M","E","R","M","T","E","?","?","M","$","R","BOSS","M","?","M","$","?"],"build_version":"2019-01-23","purchased_purges":1,"victory":false,"max_hp_per_floor":[71,71,71,71,71,71,71,71,71,71,71,71,71,71,71,71,71,71,71,71,71,71],"card_choices":[{"not_picked":["Coolheaded","Undo"],"picked":"Streamline","floor":1},{"not_picked":["Lockon","Barrage"],"picked":"Chaos","floor":4},{"not_picked":["Double Energy","Static Discharge"],"picked":"Beam Cell","floor":5},{"not_picked":["Blizzard","Ball Lightning"],"picked":"Core Surge","floor":6},{"not_picked":["Redo","Gash","Ball Lightning"],"picked":"SKIP","floor":8},{"not_picked":["All For One","Amplify","Blizzard"],"picked":"SKIP","floor":10},{"not_picked":["Capacitor","Gash"],"picked":"Cold Snap","floor":13},{"not_picked":["All For One","Core Surge"],"picked":"Meteor Strike","floor":16},{"not_picked":["Barrage","Gash"],"picked":"Defragment","floor":18},{"not_picked":["Heatsinks","Gash"],"picked":"Conserve Battery+1","floor":20}],"player_experience":613187,"relics_obtained":[{"floor":6,"key":"MawBank"},{"floor":9,"key":"Anchor"},{"floor":10,"key":"Meat on the Bone"}],"event_choices":[{"damage_healed":0,"gold_gain":0,"player_choice":"Upgraded","damage_taken":0,"max_hp_gain":0,"max_hp_loss":0,"event_name":"Upgrade Shrine","floor":3,"gold_loss":0,"cards_upgraded":["Sunder"]},{"damage_healed":0,"gold_gain":0,"player_choice":"Ignored","damage_taken":0,"max_hp_gain":0,"max_hp_loss":0,"event_name":"Liars Game","floor":11,"gold_loss":0},{"cards_removed":["Strike_B"],"damage_healed":0,"gold_gain":0,"player_choice":"Card Removal","damage_taken":0,"max_hp_gain":0,"max_hp_loss":0,"event_name":"The Cleric","floor":12,"gold_loss":75},{"damage_healed":0,"gold_gain":0,"player_choice":"Ignored","damage_taken":0,"max_hp_gain":0,"max_hp_loss":0,"event_name":"Beggar","floor":19,"gold_loss":0},{"damage_healed":0,"gold_gain":0,"player_choice":"Fought Bandits","damage_taken":0,"max_hp_gain":0,"max_hp_loss":0,"event_name":"Masked Bandits","floor":22,"gold_loss":0}],"is_beta":false,"boss_relics":[{"not_picked":["Ectoplasm","Philosopher\u0027s Stone"],"picked":"Velvet Choker"}],"items_purged_floors":[14],"is_endless":false,"potions_floor_spawned":[1,4,10,20],"killed_by":"Masked Bandits","ascension_level":19}