{"gold_per_floor":[367,36,36,76,109,109,146,95,95,95,161,175,175,209,209,301,301,314,89,119,19,33,33,66,66,66,114,114,114,162,201,201,299,299,338,338,348,348,39,71,122,155,225,225,265,60,96,125,125,125,125,125,5,59,59],"floor_reached":55,"playtime":2171,"items_purged":["Pain","Defend_R","Defend_R","Strike_R"],"score":1459,"play_id":"15bf0228-55c4-42ea-825d-78998c9a78cf","local_time":"20190522165817","is_ascension_mode":true,"campfire_choices":[{"data":"Bludgeon","floor":6.0,"key":"SMITH"},{"data":"Shockwave","floor":15.0,"key":"SMITH"},{"data":"Demon Form","floor":23.0,"key":"SMITH"},{"data":"Double Tap","floor":28,"key":"SMITH"},{"floor":32,"key":"REST"},{"floor":44,"key":"RECALL"},{"floor":49,"key":"REST"},{"floor":52,"key":"REST"}],"neow_cost":"PERCENT_DAMAGE","seed_source_timestamp":426957204299125,"circlet_count":0,"master_deck":["AscendersBane","Strike_R","Defend_R","Defend_R","Bash","Ghostly Armor","HandOfGreed","Bludgeon+1","Cleave","Flame Barrier","Thunderclap","Shockwave+1","Double Tap+1","Demon Form+1","Carnage+1","Uppercut","Blood for Blood","Reaper","The Bomb","Whirlwind+1","Impervious","Demon Form"],"special_seed":0,"relics":["Burning Blood","Singing Bowl","WarpedTongs","Bottled Lightning","Red Skull","Snecko Eye","Shuriken","Strawberry","Charon\u0027s Ashes","Fusion Hammer","Blood Vial","Kunai","TheAbacus","The Courier","Pen Nib"],"potions_floor_usage":[30,54,55],"damage_taken":[{"damage":6.0,"enemies":"Cultist","floor":1.0,"turns":4.0},{"damage":7.0,"enemies":"2 Louse","floor":4.0,"turns":2.0},{"damage":7.0,"enemies":"Small Slimes","floor":5.0,"turns":4.0},{"damage":0.0,"enemies":"2 Fungi Beasts","floor":7.0,"turns":4.0},{"damage":1.0,"enemies":"3 Sentries","floor":11.0,"turns":5.0},{"damage":1.0,"enemies":"3 Louse","floor":12.0,"turns":3.0},{"damage":13.0,"enemies":"Gremlin Nob","floor":14.0,"turns":3.0},{"damage":35.0,"enemies":"The Guardian","floor":16.0,"turns":8.0},{"damage":2.0,"enemies":"Shell Parasite","floor":18.0,"turns":3.0},{"damage":0.0,"enemies":"Chosen","floor":20.0,"turns":3.0},{"damage":11.0,"enemies":"Snake Plant","floor":22.0,"turns":5.0},{"damage":5.0,"enemies":"Shelled Parasite and Fungi","floor":24.0,"turns":3.0},{"damage":15,"enemies":"Book of Stabbing","floor":27,"turns":3},{"damage":31,"enemies":"Gremlin Leader","floor":30,"turns":3},{"damage":3,"enemies":"Centurion and Healer","floor":31,"turns":3},{"damage":12,"enemies":"Collector","floor":33,"turns":3},{"damage":31,"enemies":"3 Shapes","floor":35,"turns":3},{"damage":3,"enemies":"Orb Walker","floor":37,"turns":3},{"damage":50,"enemies":"Nemesis","floor":40,"turns":5},{"damage":10,"enemies":"4 Shapes","floor":41,"turns":4},{"damage":20,"enemies":"Reptomancer","floor":42,"turns":3},{"damage":18,"enemies":"Sphere and 2 Shapes","floor":45,"turns":6},{"damage":0,"enemies":"Jaw Worm Horde","floor":47,"turns":2},{"damage":23,"enemies":"Giant Head","floor":48,"turns":6},{"damage":95,"enemies":"Donu and Deca","floor":50,"turns":6},{"damage":52,"enemies":"Shield and Spear","floor":54,"turns":5},{"damage":151,"enemies":"The Heart","floor":55,"turns":6}],"seed_played":"-5546825552675225789","potions_obtained":[{"floor":5.0,"key":"Block Potion"},{"floor":7.0,"key":"SteroidPotion"},{"floor":11.0,"key":"EssenceOfSteel"},{"floor":12.0,"key":"Fire Potion"},{"floor":14.0,"key":"PowerPotion"},{"floor":27,"key":"SteroidPotion"},{"floor":31,"key":"Weak Potion"},{"floor":47,"key":"Regen Potion"}],"is_trial":false,"path_per_floor":["M","$","?","M","M","R","M","$","T","?","E","M","?","E","R","B",null,"M","$","M","$","M","R","M","?","T","E","R","?","E","M","R","B",null,"M","?","M","?","$","E","M","E","T","R","M","$","M","E","R","B",null,"R","$","E","B"],"character_chosen":"IRONCLAD","items_purchased":["HandOfGreed","Bludgeon","Thunderclap","Demon Form","The Bomb","TheAbacus"],"campfire_rested":3,"item_purchase_floors":[2,2,8,19,39,46],"current_hp_per_floor":[50,50,50,49,48,48,54,54,54,54,59,66,59,54,54,25,66,72,72,80,80,75,75,78,78,78,78,78,78,53,58,86,80,92,91,93,98,97,97,53,65,55,55,55,55,55,72,96,103,50,90,103,103,83,0],"gold":59,"neow_bonus":"TWO_FIFTY_GOLD","is_prod":false,"is_daily":false,"chose_seed":false,"campfire_upgraded":4,"win_rate":0,"timestamp":1558537097,"path_taken":["M","$","?","?","M","R","M","?","T","?","E","?","?","E","R","BOSS","M","$","M","$","M","R","M","?","T","E","R","?","E","M","R","BOSS","M","?","M","?","$","E","M","E","T","R","M","$","M","E","R","BOSS","R","$","E","BOSS"],"build_version":"2019-01-23","purchased_purges":4,"victory":false,"max_hp_per_floor":[75,75,75,75,75,75,75,75,75,75,75,77,77,79,79,79,79,81,81,83,83,83,83,85,85,85,94,94,94,94,96,96,96,96,98,100,102,97,97,97,99,101,101,101,103,103,103,103,103,103,103,103,103,105,105],"card_choices":[{"not_picked":["Iron Wave","Pummel"],"picked":"Ghostly Armor","floor":1.0},{"not_picked":["Clash","Dropkick"],"picked":"Cleave","floor":4.0},{"not_picked":["Wild Strike","Armaments"],"picked":"Flame Barrier","floor":5.0},{"not_picked":["Entrench","Offering","Bloodletting"],"picked":"SKIP","floor":7.0},{"not_picked":["Iron Wave","Havoc"],"picked":"Shockwave","floor":11.0},{"not_picked":["Metallicize","Twin Strike","Combust"],"picked":"Singing Bowl","floor":12.0},{"not_picked":["Sword Boomerang","Fiend Fire","Entrench"],"picked":"Singing Bowl","floor":14.0},{"not_picked":["Juggernaut","Brutality"],"picked":"Double Tap","floor":16.0},{"not_picked":["Thunderclap","Shrug It Off","Sever Soul"],"picked":"Singing Bowl","floor":18.0},{"not_picked":["Feel No Pain","Sword Boomerang+1","Warcry"],"picked":"Singing Bowl","floor":20.0},{"not_picked":["Warcry+1","Seeing Red"],"picked":"Carnage+1","floor":22.0},{"not_picked":["Flex","Headbutt","Warcry+1"],"picked":"Singing Bowl","floor":24.0},{"not_picked":["Anger","Double Tap","Shrug It Off"],"picked":"Singing Bowl","floor":27},{"not_picked":["Iron Wave","Combust"],"picked":"Blood for Blood","floor":30},{"not_picked":["Power Through","Flex","Perfected Strike"],"picked":"Singing Bowl","floor":31},{"not_picked":["Barricade","Offering"],"picked":"Reaper","floor":33},{"not_picked":["Wild Strike","Twin Strike","Cleave+1"],"picked":"Singing Bowl","floor":35},{"not_picked":["Flash of Steel","Dark Shackles","Purity"],"picked":"Singing Bowl","floor":36},{"not_picked":["Clash+1","Twin Strike","Dual Wield"],"picked":"Singing Bowl","floor":37},{"not_picked":["Warcry","Entrench"],"picked":"Whirlwind+1","floor":40},{"not_picked":["Armaments","Havoc","Pommel Strike"],"picked":"Singing Bowl","floor":41},{"not_picked":["Iron Wave","Headbutt","Burning Pact+1"],"picked":"Singing Bowl","floor":42},{"not_picked":["Havoc","True Grit","Flex"],"picked":"Singing Bowl","floor":45},{"not_picked":["Twin Strike+1","Pummel"],"picked":"Impervious","floor":47},{"not_picked":["Body Slam","Intimidate"],"picked":"Demon Form","floor":48},{"not_picked":["Hemokinesis","Heavy Blade","Uppercut"],"picked":"Singing Bowl","floor":54}],"player_experience":348646,"relics_obtained":[{"floor":9.0,"key":"Singing Bowl"},{"floor":11.0,"key":"Bottled Lightning"},{"floor":14.0,"key":"Red Skull"},{"floor":26.0,"key":"Shuriken"},{"floor":27,"key":"Strawberry"},{"floor":30,"key":"Charon\u0027s Ashes"},{"floor":40,"key":"Blood Vial"},{"floor":42,"key":"Kunai"},{"floor":48,"key":"The Courier"},{"floor":54,"key":"Pen Nib"}],"event_choices":[{"cards_removed":["Strike_R"],"damage_healed":0.0,"max_hp_gain":0.0,"max_hp_loss":0.0,"gold_gain":0.0,"event_name":"Purifier","player_choice":"Purged","floor":3.0,"gold_loss":0.0,"damage_taken":0.0},{"damage_healed":0.0,"max_hp_gain":0.0,"max_hp_loss":0.0,"gold_gain":0.0,"event_name":"Accursed Blacksmith","player_choice":"Rummage","floor":10.0,"gold_loss":0.0,"damage_taken":0.0,"relics_obtained":["WarpedTongs"],"cards_obtained":["Pain"]},{"cards_removed":["Strike_R"],"damage_healed":0.0,"max_hp_gain":0.0,"max_hp_loss":0.0,"gold_gain":0.0,"event_name":"Golden Wing","player_choice":"Card Removal","floor":13.0,"gold_loss":0.0,"damage_taken":7.0},{"damage_healed":0.0,"max_hp_gain":0.0,"max_hp_loss":0.0,"gold_gain":0.0,"event_name":"The Library","player_choice":"Read","floor":25.0,"gold_loss":0.0,"damage_taken":0.0,"cards_obtained":["Uppercut"]},{"cards_removed":["Strike_R"],"damage_healed":0,"gold_gain":0,"player_choice":"Elegance","damage_taken":0,"max_hp_gain":0,"max_hp_loss":0,"event_name":"Back to Basics","floor":29,"gold_loss":0},{"damage_healed":0,"gold_gain":0,"player_choice":"Memory 1","damage_taken":0,"max_hp_gain":0,"max_hp_loss":0,"event_name":"SensoryStone","floor":36,"gold_loss":0},{"damage_healed":0,"gold_gain":0,"player_choice":"Max HP","damage_taken":0,"max_hp_gain":0,"max_hp_loss":5,"event_name":"Winding Halls","floor":38,"gold_loss":0}],"is_beta":false,"boss_relics":[{"not_picked":["Cursed Key","Runic Dome"],"picked":"Snecko Eye"},{"not_picked":["Mark of Pain","Black Star"],"picked":"Fusion Hammer"}],"items_purged_floors":[19,21,39,53],"is_endless":false,"potions_floor_spawned":[5,7,11,12,14,20,27,31,35,41,42,47],"killed_by":"The Heart","ascension_level":15}