{"gold_per_floor":[114,114,124,135,46,63,91,91,140,140,140,140,159,178,178,252,252,266,191,208,27,47,67,67,78,129,149,149,159,159,172,172,245,245,256,256,272,189,206,206,222,222,268,298,312,339,354,454,454,454],"floor_reached":50,"playtime":2590,"items_purged":["Strike_B","Strike_B"],"score":1020,"play_id":"f4facc3b-b13f-47cd-8b68-46ed7e0bafe7","local_time":"20190522161943","is_ascension_mode":true,"campfire_choices":[{"floor":10.0,"key":"REST"},{"data":"Creative AI","floor":12.0,"key":"SMITH"},{"data":"Hologram","floor":15.0,"key":"SMITH"},{"floor":24,"key":"REST"},{"data":"Coolheaded","floor":28,"key":"SMITH"},{"data":"White Noise","floor":30,"key":"SMITH"},{"data":"Steam Power","floor":32,"key":"SMITH"},{"data":"Chill","floor":40,"key":"SMITH"},{"data":"Biased Cognition","floor":42,"key":"SMITH"},{"data":"Sweeping Beam","floor":49,"key":"SMITH"}],"neow_cost":"NONE","seed_source_timestamp":6533166548042,"circlet_count":0,"master_deck":["AscendersBane","Defend_B","Defend_B","Defend_B","Zap","Dualcast","Sweeping Beam+1","Gash","Beam Cell+1","Good Instincts","Gash+1","Creative AI+1","Hologram+1","Self Repair","Echo Form","Leap","Echo Form","Chill+1","Self Repair","Stack","Coolheaded+1","White Noise+1","Barrage+1","Steam Power+1","Biased Cognition+1","BootSequence","Stack+1","Loop+1","Hologram+1","Glacier","Reinforced Body+1"],"special_seed":0,"relics":["Cracked Core","Mummified Hand","Bronze Scales","Whetstone","Empty Cage","Ancient Tea Set","Sozu","Smiling Mask","Bag of Preparation","Cables","PreservedInsect","Bird Faced Urn"],"potions_floor_usage":[18,22,46,46],"damage_taken":[{"damage":12.0,"enemies":"Small Slimes","floor":1.0,"turns":4.0},{"damage":9.0,"enemies":"Jaw Worm","floor":3.0,"turns":4.0},{"damage":6.0,"enemies":"2 Louse","floor":4.0,"turns":3.0},{"damage":5.0,"enemies":"2 Fungi Beasts","floor":6.0,"turns":3.0},{"damage":25.0,"enemies":"Lagavulin","floor":7.0,"turns":6.0},{"damage":2.0,"enemies":"Gremlin Gang","floor":13.0,"turns":4.0},{"damage":19.0,"enemies":"Large Slime","floor":14.0,"turns":5.0},{"damage":13,"enemies":"Hexaghost","floor":16,"turns":9},{"damage":29,"enemies":"2 Thieves","floor":18,"turns":4},{"damage":21,"enemies":"Spheric Guardian","floor":20,"turns":5},{"damage":13,"enemies":"Shelled Parasite and Fungi","floor":22,"turns":7},{"damage":12,"enemies":"Snecko","floor":23,"turns":7},{"damage":15,"enemies":"3 Cultists","floor":25,"turns":6},{"damage":4,"enemies":"Centurion and Healer","floor":27,"turns":9},{"damage":20,"enemies":"Snake Plant","floor":29,"turns":5},{"damage":15,"enemies":"Cultist and Chosen","floor":31,"turns":4},{"damage":39,"enemies":"Collector","floor":33,"turns":9},{"damage":13,"enemies":"3 Shapes","floor":35,"turns":5},{"damage":52,"enemies":"3 Darklings","floor":37,"turns":5},{"damage":23,"enemies":"Transient","floor":39,"turns":6},{"damage":11,"enemies":"Writhing Mass","floor":41,"turns":8},{"damage":13,"enemies":"Nemesis","floor":44,"turns":9},{"damage":50,"enemies":"Jaw Worm Horde","floor":45,"turns":7},{"damage":11,"enemies":"Reptomancer","floor":46,"turns":8},{"damage":0,"enemies":"4 Shapes","floor":47,"turns":7},{"damage":0,"enemies":"Mind Bloom Boss Battle","floor":48,"turns":5},{"damage":97,"enemies":"Awakened One","floor":50,"turns":8}],"seed_played":"7510739622200896927","potions_obtained":[{"floor":6.0,"key":"Energy Potion"},{"floor":7.0,"key":"LiquidBronze"},{"floor":18,"key":"SpeedPotion"},{"floor":25,"key":"Energy Potion"},{"floor":27,"key":"GamblersBrew"}],"is_trial":false,"path_per_floor":["M","?","M","M","$","M","E","?","T","R","T","R","M","M","R","B",null,"M","$","M","$","M","M","R","M","T","M","R","M","R","M","R","B",null,"M","?","M","?","M","R","M","R","T","E","M","E","M","?","R","B"],"character_chosen":"DEFECT","items_purchased":["Good Instincts","Chill"],"campfire_rested":2,"item_purchase_floors":[5,21],"current_hp_per_floor":[59,64,55,49,49,44,19,19,19,43,43,43,41,22,22,16,66,44,44,30,30,24,33,57,63,63,80,80,81,81,66,66,48,74,83,83,59,59,64,64,74,74,74,82,46,49,70,83,83,0],"gold":454,"neow_bonus":"TEN_PERCENT_HP_BONUS","is_prod":false,"is_daily":false,"chose_seed":false,"campfire_upgraded":8,"win_rate":0,"timestamp":1558534783,"path_taken":["M","?","M","M","$","M","E","?","T","R","?","R","M","M","R","BOSS","M","$","M","$","M","M","R","M","T","M","R","M","R","M","R","BOSS","M","?","M","?","?","R","M","R","T","E","M","E","M","?","R","BOSS"],"build_version":"2019-05-07","purchased_purges":2,"victory":false,"max_hp_per_floor":[78,83,83,83,83,83,83,83,83,83,83,83,83,83,83,83,83,83,83,83,83,83,83,83,83,83,83,83,83,83,83,83,83,83,83,83,83,83,83,83,83,83,83,83,83,83,83,83,83,83],"card_choices":[{"not_picked":["Steam","Consume"],"picked":"Sweeping Beam","floor":1.0},{"not_picked":["Double Energy","Scrape"],"picked":"Gash","floor":3.0},{"not_picked":["Fusion","Blizzard"],"picked":"Beam Cell","floor":4.0},{"not_picked":["Streamline","Beam Cell"],"picked":"Gash","floor":6.0},{"not_picked":["Rebound","Steam"],"picked":"Creative AI","floor":7.0},{"not_picked":["Leap","Cold Snap"],"picked":"Hologram","floor":13.0},{"not_picked":["Rebound","Stack"],"picked":"Self Repair","floor":14.0},{"not_picked":["Amplify","Machine Learning"],"picked":"Echo Form","floor":16},{"not_picked":["Redo","Steam"],"picked":"Leap","floor":18},{"not_picked":["Steam","Rebound"],"picked":"Echo Form","floor":20},{"not_picked":["Conserve Battery","Cold Snap"],"picked":"Self Repair","floor":22},{"not_picked":["Static Discharge","Barrage"],"picked":"Stack","floor":23},{"not_picked":["Steam","Compile Driver"],"picked":"Coolheaded","floor":25},{"not_picked":["Hologram","Cold Snap"],"picked":"White Noise","floor":27},{"not_picked":["Hello World+1","Reinforced Body"],"picked":"Barrage+1","floor":29},{"not_picked":["Melter","Redo+1"],"picked":"Steam Power","floor":31},{"not_picked":["Thunder Strike","Amplify"],"picked":"Biased Cognition","floor":33},{"not_picked":["Ball Lightning","Blizzard"],"picked":"BootSequence","floor":35},{"not_picked":["Compile Driver","Coolheaded"],"picked":"Stack+1","floor":37},{"not_picked":["Hello World","Compile Driver+1"],"picked":"Loop+1","floor":39},{"not_picked":["Rip and Tear+1","Aggregate","Stack"],"picked":"SKIP","floor":41},{"not_picked":["Stack","Doom and Gloom","Steam"],"picked":"SKIP","floor":44},{"not_picked":["Scrape+1","Coolheaded"],"picked":"Hologram+1","floor":45},{"not_picked":["Meteor Strike","Capacitor"],"picked":"Glacier","floor":46},{"not_picked":["Rebound","Gash"],"picked":"Reinforced Body+1","floor":47}],"player_experience":1585897,"relics_obtained":[{"floor":7.0,"key":"Mummified Hand"},{"floor":9.0,"key":"Bronze Scales"},{"floor":11.0,"key":"Whetstone"},{"floor":26,"key":"Ancient Tea Set"},{"floor":43,"key":"Bag of Preparation"},{"floor":44,"key":"Cables"},{"floor":46,"key":"PreservedInsect"},{"floor":48,"key":"Bird Faced Urn"}],"event_choices":[{"damage_healed":0.0,"max_hp_gain":5.0,"max_hp_loss":0.0,"gold_gain":0.0,"event_name":"Big Fish","player_choice":"Donut","floor":2.0,"gold_loss":0.0,"damage_taken":0.0},{"damage_healed":0.0,"max_hp_gain":0.0,"max_hp_loss":0.0,"gold_gain":0.0,"event_name":"Liars Game","player_choice":"Ignored","floor":8.0,"gold_loss":0.0,"damage_taken":0.0},{"cards_removed":["Defend_B"],"damage_healed":0,"gold_gain":0,"player_choice":"Removed Skill","damage_taken":0,"max_hp_gain":0,"max_hp_loss":0,"event_name":"Falling","floor":36,"gold_loss":0},{"damage_healed":0,"gold_gain":0,"player_choice":"Paid Gold","damage_taken":0,"relics_obtained":["Smiling Mask"],"max_hp_gain":0,"max_hp_loss":0,"event_name":"WeMeetAgain","floor":38,"gold_loss":83},{"damage_healed":0,"gold_gain":0,"player_choice":"Fight","damage_taken":0,"max_hp_gain":0,"max_hp_loss":0,"event_name":"MindBloom","floor":48,"gold_loss":0}],"is_beta":true,"boss_relics":[{"not_picked":["Tiny House","Coffee Dripper"],"picked":"Empty Cage"},{"not_picked":["Pandora\u0027s Box","Fusion Hammer"],"picked":"Sozu"}],"items_purged_floors":[19,21],"is_endless":false,"potions_floor_spawned":[6,7,13,16,18,25,27,29,35,37,41,47],"killed_by":"Awakened One","ascension_level":20}