{"gold_per_floor":[115,135,6,22,97,97,153,153,199,234,309,6,16,49,49,49],"floor_reached":16,"playtime":406,"items_purged":["Strike_B","Strike_B"],"score":124,"play_id":"5bd3dff4-dd47-466e-ac0f-43f4434d31e6","local_time":"20190530175934","is_ascension_mode":true,"campfire_choices":[{"data":"Zap","floor":6,"key":"SMITH"},{"data":"Genetic Algorithm","floor":8,"key":"SMITH"},{"floor":15,"key":"REST"}],"neow_cost":"NONE","seed_source_timestamp":5154712674908,"circlet_count":0,"master_deck":["Strike_B","Strike_B","Defend_B","Defend_B","Defend_B","Defend_B","Zap+1","Dualcast","Sweeping Beam","Auto Shields","Cold Snap","Genetic Algorithm+1","Capacitor","Compile Driver","Genetic Algorithm"],"relics":["Cracked Core","Tiny Chest","Vajra","Blood Vial","Medical Kit","Omamori"],"potions_floor_usage":[10,14,16,16],"damage_taken":[{"damage":0,"enemies":"Small Slimes","floor":1,"turns":3},{"damage":0,"enemies":"2 Louse","floor":2,"turns":2},{"damage":0,"enemies":"Cultist","floor":4,"turns":3},{"damage":22,"enemies":"Lagavulin","floor":7,"turns":11},{"damage":10,"enemies":"3 Sentries","floor":10,"turns":6},{"damage":4,"enemies":"Large Slime","floor":13,"turns":4},{"damage":20,"enemies":"Gremlin Nob","floor":14,"turns":4},{"damage":39,"enemies":"Slime Boss","floor":16,"turns":8}],"seed_played":"-6589181271927245893","potions_obtained":[{"floor":1,"key":"Explosive Potion"},{"floor":4,"key":"Strength Potion"},{"floor":7,"key":"SteroidPotion"},{"floor":14,"key":"SkillPotion"}],"is_trial":false,"path_per_floor":["M","M","$","M","?","R","E","R","T","E","?","$","M","E","R","B"],"character_chosen":"DEFECT","items_purchased":["Cold Snap","Medical Kit"],"campfire_rested":1,"item_purchase_floors":[3,12],"current_hp_per_floor":[82,82,82,82,71,71,49,49,49,39,31,31,29,11,35,0],"gold":49,"neow_bonus":"TEN_PERCENT_HP_BONUS","is_prod":false,"is_daily":false,"chose_seed":false,"campfire_upgraded":2,"win_rate":0,"timestamp":1559231974,"path_taken":["M","M","$","M","?","R","E","R","T","E","?","$","M","E","R","BOSS"],"build_version":"2019-05-28","purchased_purges":2,"victory":false,"max_hp_per_floor":[82,82,82,82,82,82,82,82,82,82,82,82,82,82,82,82],"card_choices":[{"not_picked":["Barrage","Steam"],"picked":"Sweeping Beam","floor":1},{"not_picked":["Undo","Doom and Gloom"],"picked":"Auto Shields","floor":2},{"not_picked":["Compile Driver","Hello World"],"picked":"Genetic Algorithm","floor":4},{"not_picked":["Rip and Tear","Auto Shields"],"picked":"Capacitor","floor":7},{"not_picked":["Turbo","Cold Snap"],"picked":"Compile Driver","floor":10},{"not_picked":["Hello World","Streamline","Stack"],"picked":"SKIP","floor":13},{"not_picked":["Double Energy","Recycle"],"picked":"Genetic Algorithm","floor":14}],"player_experience":1622636,"relics_obtained":[{"floor":7,"key":"Tiny Chest"},{"floor":9,"key":"Vajra"},{"floor":10,"key":"Blood Vial"},{"floor":14,"key":"Omamori"}],"event_choices":[{"damage_healed":0,"gold_gain":75,"player_choice":"Gather Gold","damage_taken":11,"max_hp_gain":0,"max_hp_loss":0,"event_name":"World of Goop","floor":5,"gold_loss":0},{"damage_healed":0,"gold_gain":75,"player_choice":"Touch","damage_taken":8,"max_hp_gain":0,"max_hp_loss":0,"event_name":"FaceTrader","floor":11,"gold_loss":0}],"is_beta":true,"boss_relics":[],"items_purged_floors":[3,12],"is_endless":false,"potions_floor_spawned":[1,4,7,14],"killed_by":"Slime Boss","ascension_level":1}