{"gold_per_floor":[115,115,165,176,176,176,17,29,55,55,130,150,167,198,198,198],"floor_reached":16,"playtime":327,"items_purged":["Strike_B"],"score":190,"play_id":"c70c76c6-af7e-4c18-bd4d-40338ed74170","local_time":"20190617003021","is_ascension_mode":true,"campfire_choices":[{"data":"Streamline","floor":6.0,"key":"SMITH"},{"data":"Sunder","floor":10.0,"key":"SMITH"},{"data":"Conserve Battery","floor":15,"key":"SMITH"}],"neow_cost":"NONE","seed_source_timestamp":204380305978268,"circlet_count":0,"master_deck":["AscendersBane","Strike_B","Strike_B","Defend_B","Defend_B","Defend_B","Defend_B","Zap","Dualcast","Genetic Algorithm","Streamline+1","Sunder+1","Steam","Conserve Battery+1"],"special_seed":0,"relics":["White Beast Statue","Centennial Puzzle","Anchor"],"potions_floor_usage":[14,16,16],"damage_taken":[{"damage":4.0,"enemies":"Small Slimes","floor":1.0,"turns":3.0},{"damage":8.0,"enemies":"2 Louse","floor":4.0,"turns":4.0},{"damage":0.0,"enemies":"Cultist","floor":8.0,"turns":2.0},{"damage":0.0,"enemies":"2 Fungi Beasts","floor":12.0,"turns":3.0},{"damage":1,"enemies":"Exordium Wildlife","floor":13,"turns":2},{"damage":8,"enemies":"Gremlin Nob","floor":14,"turns":3},{"damage":36,"enemies":"Hexaghost","floor":16,"turns":9}],"seed_played":"-8463130701381487205","potions_obtained":[{"floor":1.0,"key":"Energy Potion"},{"floor":4.0,"key":"SteroidPotion"},{"floor":8.0,"key":"FocusPotion"},{"floor":12,"key":"Energy Potion"},{"floor":14,"key":"Strength Potion"}],"is_trial":false,"path_per_floor":["M","?","?","M","?","R","$","M","T","R","?","M","M","E","R","B"],"character_chosen":"DEFECT","items_purchased":["Sunder"],"campfire_rested":0,"item_purchase_floors":[7],"current_hp_per_floor":[60,60,60,52,52,52,52,52,52,52,41,41,40,32,32,0],"gold":198,"neow_bonus":"BOSS_RELIC","is_prod":false,"is_daily":false,"chose_seed":false,"campfire_upgraded":3,"win_rate":0,"timestamp":1560724221,"path_taken":["M","?","?","?","?","R","?","M","T","R","?","M","M","E","R","BOSS"],"build_version":"2019-01-23","purchased_purges":1,"victory":false,"max_hp_per_floor":[71,71,71,71,71,71,71,71,71,71,71,71,71,71,71,71],"card_choices":[{"not_picked":["Compile Driver","Hologram"],"picked":"Genetic Algorithm","floor":1.0},{"not_picked":["Redo","Beam Cell"],"picked":"Streamline","floor":4.0},{"not_picked":["Rip and Tear","Streamline","Go for the Eyes"],"picked":"SKIP","floor":8.0},{"not_picked":["Rip and Tear","Streamline","Go for the Eyes"],"picked":"SKIP","floor":8.0},{"not_picked":["Stack","Skim"],"picked":"Steam","floor":12},{"not_picked":["Cold Snap","Turbo"],"picked":"Conserve Battery","floor":13},{"not_picked":["Creative AI","Blizzard","Turbo"],"picked":"SKIP","floor":14}],"player_experience":581869,"relics_obtained":[{"floor":9.0,"key":"Centennial Puzzle"},{"floor":14,"key":"Anchor"}],"event_choices":[{"damage_healed":0.0,"max_hp_gain":0.0,"max_hp_loss":0.0,"gold_gain":0.0,"event_name":"Liars Game","player_choice":"Ignored","floor":2.0,"gold_loss":0.0,"damage_taken":0.0},{"damage_healed":0.0,"max_hp_gain":0.0,"max_hp_loss":0.0,"gold_gain":50.0,"event_name":"Golden Shrine","player_choice":"Pray","floor":3.0,"gold_loss":0.0,"damage_taken":0.0},{"cards_removed":["Strike_B"],"damage_healed":0.0,"max_hp_gain":0.0,"max_hp_loss":0.0,"gold_gain":0.0,"event_name":"Living Wall","player_choice":"Forget","floor":5.0,"gold_loss":0.0,"damage_taken":0.0},{"damage_healed":0.0,"max_hp_gain":0.0,"max_hp_loss":0.0,"gold_gain":75.0,"event_name":"World of Goop","player_choice":"Gather Gold","floor":11.0,"gold_loss":0.0,"damage_taken":11.0}],"is_beta":false,"boss_relics":[],"items_purged_floors":[7],"is_endless":false,"potions_floor_spawned":[1,4,8,12,13,14],"killed_by":"Hexaghost","ascension_level":18}