{"gold_per_floor":[111,123,138,138,149,149,179,179,206,235,235,250,284,284,284,381,381,394,309,324,343,30,30,61,61,111,144,144,172,172,72,72,170,170,180,231,231,231,246,281,310,322,358,401,413,110,145,179,179,179,179,179,80,107,107],"floor_reached":56,"playtime":3568,"items_purged":["Strike_G","Strike_G"],"score":1788,"play_id":"1d50d806-5a94-4497-8658-32cfce73189e","local_time":"20190313225233","is_ascension_mode":true,"campfire_choices":[{"data":"Adrenaline","floor":6.0,"key":"SMITH"},{"data":"Cloak And Dagger","floor":8.0,"key":"SMITH"},{"floor":15.0,"key":"REST"},{"data":"Cloak And Dagger","floor":23.0,"key":"SMITH"},{"data":"Neutralize","floor":25.0,"key":"SMITH"},{"data":"Corpse Explosion","floor":28.0,"key":"SMITH"},{"data":"Flechettes","floor":32.0,"key":"SMITH"},{"data":"Defend_G","floor":42.0,"key":"PURGE"},{"floor":49.0,"key":"RECALL"},{"data":"Defend_G","floor":52.0,"key":"PURGE"}],"neow_cost":"NONE","seed_source_timestamp":106617576804238,"circlet_count":0,"master_deck":["Defend_G+1","Defend_G+1","Defend_G","Survivor","Neutralize+1","Adrenaline+1","PiercingWail+1","Cloak And Dagger+1","Flechettes+1","Dodge and Roll","Escape Plan","Backflip","Corpse Explosion+1","Backflip","Venomology","Escape Plan+1","Cloak And Dagger+1","Well Laid Plans+1","After Image","Footwork+1","Adrenaline","Panache+1","Blade Dance+1","Backflip+1"],"special_seed":0,"relics":["Ring of the Snake","Bronze Scales","Blood Vial","Centennial Puzzle","Boot","Coffee Dripper","Blue Candle","Ninja Scroll","Strawberry","War Paint","Bag of Marbles","Peace Pipe","Empty Cage","WingedGreaves","Frozen Egg 2","MawBank","Bag of Preparation","Vajra","Toxic Egg 2","Orichalcum","Paper Crane"],"potions_floor_usage":[54,55,55],"damage_taken":[{"damage":0.0,"enemies":"Small Slimes","floor":1.0,"turns":3.0},{"damage":0.0,"enemies":"2 Louse","floor":2.0,"turns":3.0},{"damage":9.0,"enemies":"Jaw Worm","floor":3.0,"turns":5.0},{"damage":1.0,"enemies":"2 Fungi Beasts","floor":5.0,"turns":4.0},{"damage":18.0,"enemies":"3 Sentries","floor":7.0,"turns":14.0},{"damage":33.0,"enemies":"Gremlin Nob","floor":10.0,"turns":5.0},{"damage":0.0,"enemies":"Looter","floor":12.0,"turns":3.0},{"damage":0.0,"enemies":"3 Sentries","floor":13.0,"turns":4.0},{"damage":8.0,"enemies":"Slime Boss","floor":16.0,"turns":10.0},{"damage":0.0,"enemies":"3 Byrds","floor":18.0,"turns":1.0},{"damage":2.0,"enemies":"Spheric Guardian","floor":20.0,"turns":4.0},{"damage":11.0,"enemies":"Chosen and Byrds","floor":21.0,"turns":6.0},{"damage":14.0,"enemies":"Gremlin Leader","floor":24.0,"turns":6.0},{"damage":14.0,"enemies":"Book of Stabbing","floor":27.0,"turns":4.0},{"damage":1.0,"enemies":"Gremlin Leader","floor":29.0,"turns":5.0},{"damage":20.0,"enemies":"Champ","floor":33.0,"turns":8.0},{"damage":0.0,"enemies":"3 Darklings","floor":35.0,"turns":1.0},{"damage":8.0,"enemies":"2 Orb Walkers","floor":36.0,"turns":2.0},{"damage":0.0,"enemies":"Orb Walker","floor":39.0,"turns":3.0},{"damage":6.0,"enemies":"Reptomancer","floor":40.0,"turns":6.0},{"damage":0.0,"enemies":"Nemesis","floor":41.0,"turns":6.0},{"damage":0.0,"enemies":"Reptomancer","floor":44.0,"turns":8.0},{"damage":0.0,"enemies":"Nemesis","floor":47.0,"turns":4.0},{"damage":0.0,"enemies":"Giant Head","floor":48.0,"turns":5.0},{"damage":15.0,"enemies":"Awakened One","floor":50.0,"turns":10.0},{"damage":3,"enemies":"Shield and Spear","floor":54,"turns":3},{"damage":58,"enemies":"The Heart","floor":55,"turns":10}],"seed_played":"-7562073107877877787","potions_obtained":[{"floor":3.0,"key":"Swift Potion"},{"floor":5.0,"key":"Explosive Potion"},{"floor":10.0,"key":"Explosive Potion"},{"floor":13.0,"key":"Explosive Potion"},{"floor":16.0,"key":"EssenceOfSteel"},{"floor":20.0,"key":"SteroidPotion"},{"floor":27.0,"key":"GamblersBrew"},{"floor":33.0,"key":"SteroidPotion"},{"floor":48.0,"key":"Explosive Potion"}],"is_trial":false,"path_per_floor":["M","M","M","?","M","R","E","R","T","E","?","M","E","?","R","B",null,"M","?","M","M","$","R","E","R","T","E","R","E","?","$","R","B",null,"M","?","?","?","M","E","E","R","T","E","$","$","E","E","R","B",null,"R","$","E","B",null],"character_chosen":"THE_SILENT","items_purchased":["Ninja Scroll","Vajra","Panache+1","Strength Potion","Backflip+1"],"campfire_rested":1,"item_purchase_floors":[22,46,46,53,53],"current_hp_per_floor":[70,70,61,66,65,65,47,47,47,16,1,3,5,5,27,21,62,64,64,64,55,55,55,65,65,65,53,53,54,38,38,38,20,70,72,66,66,66,68,64,66,66,66,68,68,68,70,72,72,59,80,80,80,79,23],"gold":107,"neow_bonus":"ONE_RANDOM_RARE_CARD","is_prod":false,"is_daily":false,"chose_seed":false,"campfire_upgraded":6,"win_rate":0,"timestamp":1552513953,"path_taken":["M","M","M","?","M","R","E","R","T","E","?","M","E","?","R","BOSS","M","?","M","M","$","R","E","R","T","E","R","E","?","$","R","BOSS","M","?","?","?","M","E","E","R","T","E","$","$","E","E","R","BOSS","R","$","E","BOSS"],"build_version":"2019-01-23","purchased_purges":2,"victory":true,"max_hp_per_floor":[70,70,70,75,75,75,75,75,75,75,75,75,75,75,75,75,75,75,75,75,75,75,75,82,82,82,82,82,82,87,87,87,87,87,87,87,87,87,87,87,87,87,87,87,87,87,87,87,87,87,87,87,87,87,87],"card_choices":[{"not_picked":["Prepared","Outmaneuver"],"picked":"PiercingWail","floor":1.0},{"not_picked":["Endless Agony","Heel Hook"],"picked":"Cloak And Dagger","floor":2.0},{"not_picked":["Acrobatics","Outmaneuver"],"picked":"Flechettes","floor":3.0},{"not_picked":["Flying Knee","Reflex"],"picked":"Dodge and Roll","floor":5.0},{"not_picked":["Quick Slash","Slice"],"picked":"Escape Plan","floor":7.0},{"not_picked":["Eviscerate","Outmaneuver"],"picked":"Backflip","floor":10.0},{"not_picked":["Prepared","Deflect"],"picked":"Corpse Explosion","floor":12.0},{"not_picked":["Underhanded Strike","Bouncing Flask"],"picked":"Backflip","floor":13.0},{"not_picked":["Night Terror","Corpse Explosion"],"picked":"Venomology","floor":16.0},{"not_picked":["Sucker Punch+1","PiercingWail"],"picked":"Escape Plan+1","floor":18.0},{"not_picked":["Finisher","Eviscerate"],"picked":"Cloak And Dagger","floor":20.0},{"not_picked":["Backflip","PiercingWail","Cloak And Dagger"],"picked":"SKIP","floor":21.0},{"not_picked":["Bouncing Flask","Sucker Punch","Dagger Throw"],"picked":"SKIP","floor":24.0},{"not_picked":["Prepared+1","Outmaneuver"],"picked":"Well Laid Plans+1","floor":27.0},{"not_picked":["Catalyst","Deflect+1","Finisher"],"picked":"SKIP","floor":29.0},{"not_picked":["Corpse Explosion","Night Terror"],"picked":"After Image","floor":33.0},{"not_picked":["Quick Slash","Deadly Poison","Backflip"],"picked":"SKIP","floor":35.0},{"not_picked":["Quick Slash+1","Deflect+1"],"picked":"Footwork+1","floor":36.0},{"not_picked":["Dagger Throw","Acrobatics","Masterful Stab"],"picked":"SKIP","floor":39.0},{"not_picked":["Sucker Punch","Underhanded Strike","Cloak And Dagger"],"picked":"SKIP","floor":40.0},{"not_picked":["Underhanded Strike+1","Backflip+1"],"picked":"Adrenaline","floor":41.0},{"not_picked":["Bouncing Flask","Quick Slash","Phantasmal Killer"],"picked":"SKIP","floor":44.0},{"not_picked":["Backstab+1","Quick Slash"],"picked":"Blade Dance+1","floor":47.0},{"not_picked":["All Out Attack+1","Riddle With Holes","Quick Slash"],"picked":"SKIP","floor":48.0},{"not_picked":["Bouncing Flask+1","Backflip+1","Calculated Gamble+1"],"picked":"SKIP","floor":54}],"player_experience":85957,"relics_obtained":[{"floor":7.0,"key":"Bronze Scales"},{"floor":9.0,"key":"Blood Vial"},{"floor":10.0,"key":"Centennial Puzzle"},{"floor":13.0,"key":"Boot"},{"floor":24.0,"key":"Strawberry"},{"floor":26.0,"key":"War Paint"},{"floor":27.0,"key":"Bag of Marbles"},{"floor":29.0,"key":"Peace Pipe"},{"floor":36.0,"key":"WingedGreaves"},{"floor":40.0,"key":"Frozen Egg 2"},{"floor":41.0,"key":"MawBank"},{"floor":44.0,"key":"Bag of Preparation"},{"floor":47.0,"key":"Toxic Egg 2"},{"floor":48.0,"key":"Orichalcum"},{"floor":54,"key":"Paper Crane"}],"event_choices":[{"damage_healed":0.0,"max_hp_gain":5.0,"max_hp_loss":0.0,"gold_gain":0.0,"event_name":"Big Fish","player_choice":"Donut","floor":4.0,"gold_loss":0.0,"damage_taken":0.0},{"damage_healed":0.0,"max_hp_gain":0.0,"max_hp_loss":0.0,"gold_gain":0.0,"event_name":"Shining Light","player_choice":"Entered Light","floor":11.0,"gold_loss":0.0,"damage_taken":15.0,"cards_upgraded":["Defend_G","Strike_G"]},{"damage_healed":0.0,"max_hp_gain":0.0,"max_hp_loss":0.0,"gold_gain":0.0,"event_name":"Scrap Ooze","player_choice":"Fled","floor":14.0,"gold_loss":0.0,"damage_taken":0.0},{"damage_healed":0.0,"max_hp_gain":0.0,"max_hp_loss":0.0,"gold_gain":0.0,"event_name":"Addict","player_choice":"Obtained Relic","floor":19.0,"gold_loss":85.0,"damage_taken":0.0,"relics_obtained":["Blue Candle"]},{"damage_healed":0.0,"max_hp_gain":5.0,"max_hp_loss":0.0,"gold_gain":0.0,"event_name":"Forgotten Altar","player_choice":"Shed Blood","floor":30.0,"gold_loss":0.0,"damage_taken":21.0},{"damage_healed":0.0,"max_hp_gain":0.0,"max_hp_loss":0.0,"gold_gain":0.0,"event_name":"Mysterious Sphere","player_choice":"Fight","floor":36.0,"gold_loss":0.0,"damage_taken":0.0},{"cards_removed":["Strike_G"],"damage_healed":0.0,"max_hp_gain":0.0,"max_hp_loss":0.0,"gold_gain":0.0,"event_name":"Falling","player_choice":"Removed Attack","floor":37.0,"gold_loss":0.0,"damage_taken":0.0},{"damage_healed":0.0,"max_hp_gain":0.0,"max_hp_loss":0.0,"gold_gain":0.0,"event_name":"SensoryStone","player_choice":"Memory 1","floor":38.0,"gold_loss":0.0,"damage_taken":0.0}],"is_beta":false,"boss_relics":[{"not_picked":["Black Star","White Beast Statue"],"picked":"Coffee Dripper"},{"not_picked":["Runic Dome","Fusion Hammer"],"picked":"Empty Cage"}],"items_purged_floors":[22,31],"is_endless":false,"potions_floor_spawned":[3,5,10,13,16,20,27,33,35,41,48,54],"ascension_level":5}