{"gold_per_floor":[12,32,32,32,32,32,66,66,66,66,77,90,109,121,121,224,224,236,255,255,255,110,136,61,72,122,122,122,122,141,170,170,170],"floor_reached":33,"playtime":1201,"items_purged":["Strike_R"],"score":381,"play_id":"369d6c1b-64c0-466b-8726-f7d57416a3d1","local_time":"20190503202627","is_ascension_mode":true,"campfire_choices":[{"data":"Fiend Fire","floor":6,"key":"SMITH"},{"data":"Havoc","floor":8,"key":"SMITH"},{"data":"Wild Strike","floor":10,"key":"SMITH"},{"data":"Bash","floor":15,"key":"SMITH"},{"data":"Power Through","floor":29,"key":"SMITH"},{"floor":32,"key":"REST"}],"neow_cost":"NO_GOLD","seed_source_timestamp":787851232145000,"circlet_count":0,"master_deck":["Strike_R+1","Strike_R+1","Defend_R+1","Defend_R+1","Defend_R+1","Defend_R+1","Bash+1","Fiend Fire+1","Power Through+1","Wild Strike+1","Havoc+1","Ghostly Armor","Impervious","Immolate","Dual Wield+1","RitualDagger","Feel No Pain"],"relics":["Burning Blood","Pear","Vajra","Calipers","Mark of Pain","Question Card","Boot","Letter Opener"],"potions_floor_usage":[33,33],"damage_taken":[{"damage":7,"enemies":"2 Louse","floor":1,"turns":3},{"damage":0,"enemies":"Small Slimes","floor":2,"turns":3},{"damage":5,"enemies":"Lagavulin","floor":7,"turns":3},{"damage":0,"enemies":"Cultist","floor":11,"turns":2},{"damage":0,"enemies":"Red Slaver","floor":12,"turns":2},{"damage":1,"enemies":"Looter","floor":13,"turns":2},{"damage":0,"enemies":"2 Fungi Beasts","floor":14,"turns":3},{"damage":52,"enemies":"Slime Boss","floor":16,"turns":19},{"damage":0,"enemies":"Chosen","floor":18,"turns":3},{"damage":0,"enemies":"Spheric Guardian","floor":19,"turns":1},{"damage":28,"enemies":"Slavers","floor":23,"turns":3},{"damage":5,"enemies":"Cultist and Chosen","floor":25,"turns":6},{"damage":12,"enemies":"Sentry and Sphere","floor":30,"turns":6},{"damage":18,"enemies":"Book of Stabbing","floor":31,"turns":6},{"damage":72,"enemies":"Automaton","floor":33,"turns":8}],"seed_played":"-7750129386617008362","potions_obtained":[{"floor":1,"key":"FairyPotion"},{"floor":12,"key":"SpeedPotion"},{"floor":13,"key":"LiquidBronze"},{"floor":23,"key":"EssenceOfSteel"}],"is_trial":false,"path_per_floor":["M","M","?","?","?","R","E","R","T","R","M","M","M","M","R","B",null,"M","M","?","?","$","E","?","M","T","?","?","R","M","E","R","B"],"character_chosen":"IRONCLAD","items_purchased":["Feel No Pain"],"campfire_rested":1,"item_purchase_floors":[22],"current_hp_per_floor":[79,80,73,83,83,83,84,84,84,84,90,90,90,90,90,44,79,85,90,72,66,66,44,44,45,45,45,45,45,39,27,55,0],"gold":170,"neow_bonus":"THREE_RARE_CARDS","is_prod":false,"is_daily":false,"chose_seed":false,"campfire_upgraded":5,"win_rate":0,"timestamp":1556940387,"path_taken":["M","M","?","?","?","R","E","R","T","R","M","M","?","M","R","BOSS","M","M","?","?","$","E","?","?","T","?","?","R","M","E","R","BOSS"],"build_version":"2019-01-23","purchased_purges":1,"victory":false,"max_hp_per_floor":[80,80,80,90,90,90,90,90,90,90,90,90,90,90,90,90,90,90,90,95,95,95,95,95,95,95,95,95,95,95,95,95,95],"card_choices":[{"not_picked":["Berserk","Offering"],"picked":"Fiend Fire","floor":0},{"not_picked":["Fire Breathing","Perfected Strike"],"picked":"Power Through","floor":1},{"not_picked":["Cleave","Shrug It Off"],"picked":"Wild Strike","floor":2},{"not_picked":["Pommel Strike","Sword Boomerang"],"picked":"Havoc","floor":7},{"not_picked":["Fire Breathing","Heavy Blade","Flex"],"picked":"SKIP","floor":11},{"not_picked":["Second Wind","True Grit"],"picked":"Ghostly Armor","floor":12},{"not_picked":["Fire Breathing","True Grit"],"picked":"Impervious","floor":13},{"not_picked":["Infernal Blade","Flex","Cleave"],"picked":"SKIP","floor":14},{"not_picked":["Reaper","Barricade"],"picked":"Immolate","floor":16},{"not_picked":["Inflame","True Grit"],"picked":"Dual Wield+1","floor":18},{"not_picked":["Clothesline","Cleave","Wild Strike"],"picked":"SKIP","floor":19},{"not_picked":["Wild Strike","Body Slam","Havoc"],"picked":"SKIP","floor":23},{"not_picked":["Infernal Blade","Iron Wave","Havoc","Feel No Pain+1"],"picked":"SKIP","floor":25},{"not_picked":["Iron Wave","Burning Pact","Hemokinesis","Warcry+1"],"picked":"SKIP","floor":30},{"not_picked":["Wild Strike","True Grit","Dual Wield+1","Armaments"],"picked":"SKIP","floor":31}],"player_experience":293699,"relics_obtained":[{"floor":7,"key":"Vajra"},{"floor":9,"key":"Calipers"},{"floor":23,"key":"Question Card"},{"floor":26,"key":"Boot"},{"floor":31,"key":"Letter Opener"}],"event_choices":[{"cards_removed":["Strike_R"],"damage_healed":0,"gold_gain":0,"player_choice":"Card Removal","damage_taken":7,"max_hp_gain":0,"max_hp_loss":0,"event_name":"Golden Wing","floor":3,"gold_loss":0},{"damage_healed":0,"gold_gain":0,"player_choice":"Box","damage_taken":0,"relics_obtained":["Pear"],"max_hp_gain":0,"max_hp_loss":0,"event_name":"Big Fish","floor":4,"gold_loss":0,"cards_obtained":["Regret"]},{"cards_removed":["Regret"],"damage_healed":0,"gold_gain":0,"player_choice":"Purged","damage_taken":0,"max_hp_gain":0,"max_hp_loss":0,"event_name":"Purifier","floor":5,"gold_loss":0},{"damage_healed":0,"gold_gain":0,"player_choice":"Shed Blood","damage_taken":23,"max_hp_gain":5,"max_hp_loss":0,"event_name":"Forgotten Altar","floor":20,"gold_loss":0},{"damage_healed":0,"gold_gain":0,"player_choice":"Joined the Cult","damage_taken":6,"max_hp_gain":0,"max_hp_loss":0,"event_name":"Nest","floor":21,"gold_loss":0,"cards_obtained":["RitualDagger"]},{"cards_removed":["Strike_R"],"damage_healed":0,"gold_gain":0,"player_choice":"Gave Gold","damage_taken":0,"max_hp_gain":0,"max_hp_loss":0,"event_name":"Beggar","floor":24,"gold_loss":75},{"damage_healed":0,"gold_gain":0,"player_choice":"Simplicity","damage_taken":0,"max_hp_gain":0,"max_hp_loss":0,"event_name":"Back to Basics","floor":27,"gold_loss":0,"cards_upgraded":["Strike_R","Strike_R","Defend_R","Defend_R","Defend_R","Defend_R"]},{"damage_healed":0,"gold_gain":0,"player_choice":"Bought 0 Potions","damage_taken":0,"max_hp_gain":0,"max_hp_loss":0,"event_name":"The Woman in Blue","floor":28,"gold_loss":0}],"is_beta":false,"boss_relics":[{"not_picked":["White Beast Statue","Busted Crown"],"picked":"Mark of Pain"}],"items_purged_floors":[22],"is_endless":false,"potions_floor_spawned":[1,12,13,16,19,23,30],"killed_by":"Automaton","ascension_level":5}