{"gold_per_floor":[210,210,221,101,112,112,112,112,139,153,179,25,40,40,40,142,142,162,177,177,32,51,51,68,0,0,33,51,51,69,29,29,131,131,149,163,45,65,84,84,114,114],"floor_reached":42,"playtime":3486,"items_purged":[],"score":572,"play_id":"3fcf10f0-3a62-48b1-93d3-87ea5307432b","local_time":"20190428145141","is_ascension_mode":true,"campfire_choices":[{"data":"Zap","floor":6,"key":"SMITH"},{"data":"Zap","floor":8,"key":"SMITH"},{"data":"Barrage","floor":15,"key":"SMITH"},{"data":"Capacitor","floor":23,"key":"SMITH"},{"floor":32,"key":"REST"},{"floor":40,"key":"REST"}],"neow_cost":"NONE","seed_source_timestamp":333459472804400,"circlet_count":0,"master_deck":["Zap+1","Dualcast","Capacitor+1","Zap+1","Loop","Barrage+1","Melter","Barrage","Hologram","Seek","Cold Snap","Rainbow+1","Streamline","Go for the Eyes","Biased Cognition","Lockon","Defragment","Tempest","Biased Cognition","Sweeping Beam","Steam","Leap","Hologram","Good Instincts","Leap","Coolheaded+1","Core Surge","Core Surge","Conserve Battery","Reboot"],"relics":["Cracked Core","Question Card","Omamori","Art of War","Strawberry","Pandora\u0027s Box","Oddly Smooth Stone","Regal Pillow","Inserter","PreservedInsect"],"potions_floor_usage":[10,14,16,22,24,27,30,33,33,33,41,41],"damage_taken":[{"damage":2,"enemies":"Jaw Worm","floor":1,"turns":3},{"damage":0,"enemies":"Cultist","floor":3,"turns":3},{"damage":0,"enemies":"2 Louse","floor":5,"turns":2},{"damage":5,"enemies":"Gremlin Gang","floor":10,"turns":3},{"damage":25,"enemies":"3 Sentries","floor":11,"turns":6},{"damage":0,"enemies":"Looter","floor":13,"turns":2},{"damage":0,"enemies":"3 Louse","floor":14,"turns":1},{"damage":17,"enemies":"Slime Boss","floor":16,"turns":7},{"damage":10,"enemies":"Chosen","floor":18,"turns":3},{"damage":4,"enemies":"Spheric Guardian","floor":19,"turns":3},{"damage":10,"enemies":"Snake Plant","floor":22,"turns":3},{"damage":12,"enemies":"Chosen and Byrds","floor":24,"turns":4},{"damage":0,"enemies":"Gremlin Leader","floor":27,"turns":8},{"damage":36,"enemies":"Snecko","floor":28,"turns":5},{"damage":2,"enemies":"Cultist and Chosen","floor":30,"turns":6},{"damage":13,"enemies":"Champ","floor":33,"turns":9},{"damage":38,"enemies":"3 Darklings","floor":35,"turns":6},{"damage":3,"enemies":"Orb Walker","floor":36,"turns":4},{"damage":6,"enemies":"Maw","floor":38,"turns":7},{"damage":4,"enemies":"4 Shapes","floor":39,"turns":5},{"damage":58,"enemies":"Nemesis","floor":41,"turns":7},{"damage":14,"enemies":"3 Darklings","floor":42,"turns":5}],"seed_played":"1891001920929282263","potions_obtained":[{"floor":1,"key":"Energy Potion"},{"floor":10,"key":"Fire Potion"},{"floor":11,"key":"SmokeBomb"},{"floor":18,"key":"SkillPotion"},{"floor":22,"key":"SneckoOil"},{"floor":24,"key":"Block Potion"},{"floor":28,"key":"SkillPotion"},{"floor":31,"key":"Poison Potion"},{"floor":31,"key":"Dexterity Potion"},{"floor":31,"key":"FearPotion"},{"floor":33,"key":"FearPotion"},{"floor":38,"key":"Energy Potion"},{"floor":39,"key":"SneckoOil"}],"is_trial":false,"path_per_floor":["M","?","M","$","M","R","T","R","T","M","E","$","M","M","R","B",null,"M","M","?","$","M","R","M","?","T","E","M","?","M","?","R","B",null,"M","M","$","M","M","R","E","M"],"character_chosen":"DEFECT","items_purchased":["Barrage","Melter","Strawberry","Hologram","Good Instincts","Core Surge","Conserve Battery"],"campfire_rested":2,"item_purchase_floors":[4,4,12,21,21,37,37],"current_hp_per_floor":[73,73,73,73,73,73,73,73,73,68,43,50,50,50,50,33,82,72,68,68,68,58,58,46,46,46,46,10,10,8,8,47,34,82,44,41,41,35,31,70,12,0],"gold":114,"neow_bonus":"HUNDRED_GOLD","is_prod":false,"is_daily":false,"chose_seed":false,"campfire_upgraded":4,"win_rate":0,"timestamp":1556488301,"path_taken":["M","?","?","$","M","R","?","R","T","M","E","$","M","M","R","BOSS","M","M","?","$","?","R","M","?","T","E","M","?","M","?","R","BOSS","M","M","$","M","M","R","E","M"],"build_version":"2019-01-23","purchased_purges":0,"victory":false,"max_hp_per_floor":[75,75,75,75,75,75,75,75,75,75,75,82,82,82,82,82,82,82,82,82,82,82,82,82,82,82,82,82,82,82,82,82,82,82,82,82,82,82,82,82,82,82],"card_choices":[{"not_picked":["Conserve Battery","Glacier"],"picked":"Capacitor","floor":1},{"not_picked":["Genetic Algorithm","Sweeping Beam"],"picked":"Loop","floor":3},{"not_picked":["Beam Cell","Scrape"],"picked":"Barrage","floor":5},{"not_picked":["Streamline","Thunder Strike","Gash"],"picked":"Hologram","floor":10},{"not_picked":["Coolheaded","Beam Cell","Turbo"],"picked":"Seek","floor":11},{"not_picked":["Coolheaded","Redo","Melter"],"picked":"Cold Snap","floor":13},{"not_picked":["Biased Cognition","Fission","Hyperbeam"],"picked":"Rainbow","floor":16},{"not_picked":["Blizzard","Sweeping Beam","Ball Lightning"],"picked":"Steam","floor":18},{"not_picked":["Steam Power","Turbo+1","Streamline+1"],"picked":"Leap","floor":19},{"not_picked":["Double Energy","White Noise+1","Redo"],"picked":"Leap","floor":22},{"not_picked":["Defragment","Stack+1","Leap"],"picked":"Coolheaded+1","floor":24},{"not_picked":["Coolheaded","Doom and Gloom+1","Go for the Eyes","FTL+1"],"picked":"SKIP","floor":27},{"not_picked":["Leap","Streamline","Multi-Cast","Sweeping Beam+1"],"picked":"SKIP","floor":28},{"not_picked":["Scrape","Melter","Cold Snap","Recycle"],"picked":"SKIP","floor":30},{"not_picked":["Fission","Creative AI","Hyperbeam"],"picked":"Core Surge","floor":33},{"not_picked":["Storm","Skim+1","Beam Cell","Hologram"],"picked":"SKIP","floor":35},{"not_picked":["Sunder+1","Compile Driver+1","Ball Lightning","Cold Snap+1"],"picked":"SKIP","floor":36},{"not_picked":["Go for the Eyes+1","Reprogram+1","Blizzard+1","Ball Lightning"],"picked":"SKIP","floor":38},{"not_picked":["Genetic Algorithm","Force Field","Coolheaded+1","Rebound"],"picked":"SKIP","floor":39},{"not_picked":["Hologram+1","Coolheaded+1","Cold Snap+1"],"picked":"Reboot","floor":41}],"player_experience":256596,"relics_obtained":[{"floor":7,"key":"Question Card"},{"floor":9,"key":"Omamori"},{"floor":11,"key":"Art of War"},{"floor":26,"key":"Oddly Smooth Stone"},{"floor":27,"key":"Regal Pillow"},{"floor":41,"key":"PreservedInsect"}],"event_choices":[{"damage_healed":0,"gold_gain":0,"player_choice":"1 cards matched","damage_taken":0,"max_hp_gain":0,"max_hp_loss":0,"event_name":"Match and Keep!","floor":2,"gold_loss":0,"cards_obtained":["Zap"]},{"damage_healed":0,"gold_gain":0,"player_choice":"Upgraded","damage_taken":0,"max_hp_gain":0,"max_hp_loss":0,"event_name":"Upgrade Shrine","floor":20,"gold_loss":0,"cards_upgraded":["Rainbow"]},{"damage_healed":0,"gold_gain":0,"player_choice":"Paid Fearfully","damage_taken":0,"max_hp_gain":0,"max_hp_loss":0,"event_name":"Masked Bandits","floor":25,"gold_loss":68},{"damage_healed":0,"gold_gain":0,"player_choice":"Ignored","damage_taken":0,"max_hp_gain":0,"max_hp_loss":0,"event_name":"Ghosts","floor":29,"gold_loss":0},{"damage_healed":0,"gold_gain":0,"player_choice":"Bought 3 Potions","damage_taken":0,"max_hp_gain":0,"max_hp_loss":0,"event_name":"The Woman in Blue","floor":31,"gold_loss":0}],"is_beta":false,"boss_relics":[{"not_picked":["Snecko Eye","Eternal Feather"],"picked":"Pandora\u0027s Box"},{"not_picked":["Busted Crown","Calling Bell"],"picked":"Inserter"}],"items_purged_floors":[],"is_endless":false,"potions_floor_spawned":[1,10,11,14,18,22,24,28,33,38,39],"killed_by":"3 Darklings","ascension_level":4}