{"gold_per_floor":[111,111,131,89,106,106,138,138,138,156,156,185,185,155,155,229,229,249,299,133,144,11,11,40,40,109,109],"floor_reached":27,"playtime":852,"items_purged":["Strike_R"],"score":462,"play_id":"87639df5-c43c-4af2-b72c-90cfc07da071","local_time":"20190523230043","is_ascension_mode":true,"campfire_choices":[{"data":"Evolve","floor":6,"key":"SMITH"},{"data":"Bash","floor":8,"key":"SMITH"},{"data":"Rage","floor":13,"key":"SMITH"},{"floor":15,"key":"REST"},{"data":"Flame Barrier","floor":23,"key":"SMITH"},{"data":"True Grit","floor":25,"key":"SMITH"}],"neow_cost":"NONE","seed_source_timestamp":536494484864022,"circlet_count":0,"master_deck":["AscendersBane","Strike_R+1","Strike_R","Strike_R","Strike_R","Defend_R","Defend_R","Defend_R","Defend_R","Bash+1","Anger","Cleave+1","Evolve+1","Rage+1","Wild Strike","Feel No Pain","Feel No Pain","Metallicize","Demon Form","Flame Barrier+1","True Grit+1","Pommel Strike","Iron Wave+1"],"relics":["Burning Blood","Darkstone Periapt","Mercury Hourglass","The Courier","Coffee Dripper","PreservedInsect","Bag of Preparation","Blue Candle"],"potions_floor_usage":[7,12,18,24],"damage_taken":[{"damage":17,"enemies":"Small Slimes","floor":1,"turns":4},{"damage":1,"enemies":"Cultist","floor":3,"turns":3},{"damage":1,"enemies":"2 Louse","floor":5,"turns":2},{"damage":55,"enemies":"Lagavulin","floor":7,"turns":9},{"damage":7,"enemies":"Exordium Wildlife","floor":10,"turns":3},{"damage":4,"enemies":"Gremlin Nob","floor":12,"turns":3},{"damage":27,"enemies":"Slime Boss","floor":16,"turns":10},{"damage":19,"enemies":"Spheric Guardian","floor":18,"turns":4},{"damage":0,"enemies":"3 Byrds","floor":21,"turns":3},{"damage":39,"enemies":"Gremlin Leader","floor":24,"turns":7},{"damage":29,"enemies":"Book of Stabbing","floor":27,"turns":4}],"seed_played":"8423409309043281793","potions_obtained":[{"floor":1,"key":"Regen Potion"},{"floor":3,"key":"EssenceOfSteel"},{"floor":16,"key":"AttackPotion"},{"floor":21,"key":"Energy Potion"}],"is_trial":false,"path_per_floor":["M","?","M","$","M","R","E","R","T","M","?","E","R","$","R","B",null,"M","?","$","M","$","R","E","R","T","E"],"character_chosen":"IRONCLAD","items_purchased":["Evolve","Metallicize","Flame Barrier","True Grit","PreservedInsect"],"campfire_rested":1,"item_purchase_floors":[4,14,20,20,22],"current_hp_per_floor":[64,64,69,69,74,74,39,39,39,38,13,15,15,15,39,18,66,53,53,53,59,59,59,26,26,26,0],"gold":109,"neow_bonus":"TEN_PERCENT_HP_BONUS","is_prod":false,"is_daily":false,"chose_seed":false,"campfire_upgraded":5,"win_rate":0,"timestamp":1558645243,"path_taken":["M","?","M","$","M","R","E","R","T","M","?","E","R","$","R","BOSS","M","?","$","M","?","R","E","R","T","E"],"build_version":"2019-01-23","purchased_purges":1,"victory":false,"max_hp_per_floor":[82,82,82,82,82,82,82,82,82,82,82,82,82,82,82,82,82,82,82,82,82,82,82,82,82,82,82],"card_choices":[{"not_picked":["Rupture","Reckless Charge"],"picked":"Anger","floor":1},{"not_picked":["Power Through","Perfected Strike"],"picked":"Cleave","floor":3},{"not_picked":["Carnage","Perfected Strike"],"picked":"Rage","floor":5},{"not_picked":["Perfected Strike","Havoc"],"picked":"Wild Strike","floor":7},{"not_picked":["Warcry","Feed"],"picked":"Feel No Pain","floor":10},{"not_picked":["Shockwave","Anger"],"picked":"Feel No Pain","floor":12},{"not_picked":["Reaper","Offering"],"picked":"Demon Form","floor":16},{"not_picked":["Shrug It Off+1","Cleave","Body Slam+1"],"picked":"SKIP","floor":18},{"not_picked":["Clash","Heavy Blade"],"picked":"Pommel Strike","floor":21},{"not_picked":["Perfected Strike","Headbutt"],"picked":"Iron Wave+1","floor":24}],"player_experience":374592,"relics_obtained":[{"floor":7,"key":"Darkstone Periapt"},{"floor":9,"key":"Mercury Hourglass"},{"floor":12,"key":"The Courier"},{"floor":24,"key":"Bag of Preparation"},{"floor":26,"key":"Blue Candle"}],"event_choices":[{"damage_healed":0,"gold_gain":0,"player_choice":"Ignored","damage_taken":0,"max_hp_gain":0,"max_hp_loss":0,"event_name":"Liars Game","floor":2,"gold_loss":0},{"damage_healed":0,"gold_gain":0,"player_choice":"Entered Light","damage_taken":25,"max_hp_gain":0,"max_hp_loss":0,"event_name":"Shining Light","floor":11,"gold_loss":0,"cards_upgraded":["Cleave","Strike_R"]},{"damage_healed":0,"gold_gain":100,"player_choice":"Bet on Murderer","damage_taken":0,"max_hp_gain":0,"max_hp_loss":0,"event_name":"The Joust","floor":19,"gold_loss":50}],"is_beta":false,"boss_relics":[{"not_picked":["Astrolabe","Orrery"],"picked":"Coffee Dripper"}],"items_purged_floors":[20],"is_endless":false,"potions_floor_spawned":[1,3,16,21],"killed_by":"Book of Stabbing","ascension_level":19}