{"gold_per_floor":[111,111,111,126,126,126,10,23,23,23,47,47,60,60,60,186,186,201,116,116,116,41,41,61,61,61,105,126,126,126,126,126,246,246,265,265,265,1264,636,661,681,681,681,681,681,681,681,696,696,696],"floor_reached":51,"playtime":941,"items_purged":["Demon Form","Normality"],"score":699,"play_id":"dd6b93c9-c8e7-4d8b-9cfb-6d389f0da5a9","local_time":"20190531002622","is_ascension_mode":false,"campfire_choices":[{"data":"Heavy Blade","floor":6.0,"key":"SMITH"},{"data":"Inflame","floor":10.0,"key":"SMITH"},{"data":"Sword Boomerang","floor":15.0,"key":"SMITH"},{"data":"Bash","floor":23.0,"key":"SMITH"},{"data":"Battle Trance","floor":25.0,"key":"SMITH"},{"floor":30.0,"key":"REST"},{"floor":32.0,"key":"REST"},{"floor":42,"key":"REST"},{"data":"Sword Boomerang","floor":47,"key":"SMITH"},{"floor":49,"key":"REST"}],"neow_cost":"NONE","seed_source_timestamp":1146362485053046,"circlet_count":0,"master_deck":["Strike_R+1","Defend_R","Defend_R","Defend_R+1","Bash+1","Inflame+1","Metallicize","Shrug It Off","Heavy Blade+1","Flame Barrier+1","Metallicize","Sword Boomerang+1","Twin Strike+1","Infernal Blade+1","Limit Break+1","Necronomicurse","Battle Trance+1","Sword Boomerang+1","Flame Barrier","Whirlwind+1","Normality","Master of Strategy"],"special_seed":0,"relics":["Runic Dome","Golden Idol","Sundial","Juzu Bracelet","Astrolabe","War Paint","Necronomicon","Matryoshka","Bag of Preparation","Torii","Kunai","Lizard Tail","Bronze Scales","Toy Ornithopter","Whetstone","Bottled Tornado","Bird Faced Urn"],"potions_floor_usage":[50,50,50],"damage_taken":[{"damage":0.0,"enemies":"Small Slimes","floor":1.0,"turns":3.0},{"damage":8.0,"enemies":"Jaw Worm","floor":4.0,"turns":2.0},{"damage":0.0,"enemies":"Cultist","floor":8.0,"turns":3.0},{"damage":1.0,"enemies":"3 Louse","floor":11.0,"turns":4.0},{"damage":0.0,"enemies":"Exordium Wildlife","floor":13.0,"turns":3.0},{"damage":27.0,"enemies":"The Guardian","floor":16.0,"turns":8.0},{"damage":0.0,"enemies":"Spheric Guardian","floor":18.0,"turns":3.0},{"damage":0.0,"enemies":"Chosen","floor":24.0,"turns":3.0},{"damage":41.0,"enemies":"Slavers","floor":27.0,"turns":5.0},{"damage":13.0,"enemies":"Shelled Parasite and Fungi","floor":28.0,"turns":4.0},{"damage":14.0,"enemies":"Automaton","floor":33.0,"turns":6.0},{"damage":9.0,"enemies":"3 Darklings","floor":35.0,"turns":3.0},{"damage":22,"enemies":"3 Shapes","floor":40,"turns":3},{"damage":8,"enemies":"Transient","floor":41,"turns":5},{"damage":16,"enemies":"Spire Growth","floor":48,"turns":4},{"damage":30,"enemies":"Time Eater","floor":50,"turns":6}],"seed_played":"-5203978603242802256","potions_obtained":[{"floor":1.0,"key":"Ancient Potion"},{"floor":18.0,"key":"Weak Potion"},{"floor":28.0,"key":"Weak Potion"},{"floor":41,"key":"Strength Potion"}],"is_trial":false,"path_per_floor":["M","?","?","M","?","R","$","M","T","R","M","?","M","?","R","B",null,"M","?","?","T","$","R","M","R","T","E","M","?","R","?","R","B",null,"M","?","?","?","$","M","M","R","T","?","T","?","R","M","R","B",null],"character_chosen":"IRONCLAD","items_purchased":["Flame Barrier","Metallicize","Bronze Scales","Toy Ornithopter","Master of Strategy"],"campfire_rested":4,"item_purchase_floors":[7,7,39,39,39],"current_hp_per_floor":[80,60,60,52,45,45,45,45,45,45,44,44,44,41,41,14,80,80,80,64,64,64,64,64,64,64,23,10,10,34,34,58,44,80,71,71,71,71,71,49,41,65,65,65,65,70,70,54,70,40],"gold":696,"neow_bonus":"BOSS_RELIC","is_prod":false,"is_daily":false,"chose_seed":false,"campfire_upgraded":6,"win_rate":0,"timestamp":1559255182,"path_taken":["M","?","?","?","?","R","?","M","T","R","M","?","?","?","R","BOSS","M","?","?","?","$","R","M","R","T","E","M","?","R","?","R","BOSS","M","?","?","?","$","M","M","R","T","?","?","?","R","M","R","BOSS"],"build_version":"2019-01-23","purchased_purges":2,"victory":true,"max_hp_per_floor":[80,80,80,80,80,80,80,80,80,80,80,80,80,80,80,80,80,80,80,80,80,80,80,80,80,80,80,80,80,80,80,80,80,80,80,80,80,80,80,80,80,80,80,80,80,70,70,70,70,70],"card_choices":[{"not_picked":["Anger","Warcry"],"picked":"Inflame","floor":1.0},{"not_picked":["Headbutt","Corruption"],"picked":"Heavy Blade","floor":4.0},{"not_picked":["Uppercut","Flame Barrier"],"picked":"Sword Boomerang","floor":8.0},{"not_picked":["Fire Breathing","Burning Pact"],"picked":"Twin Strike","floor":11.0},{"not_picked":["Warcry","Clothesline","Clash"],"picked":"SKIP","floor":13.0},{"not_picked":["Limit Break","Offering"],"picked":"Demon Form","floor":16.0},{"not_picked":["Headbutt","Wild Strike","Burning Pact"],"picked":"SKIP","floor":18.0},{"not_picked":["Clash","True Grit+1"],"picked":"Battle Trance","floor":24.0},{"not_picked":["Perfected Strike+1","Blood for Blood"],"picked":"Sword Boomerang","floor":27.0},{"not_picked":["Rage","Headbutt+1","Armaments"],"picked":"SKIP","floor":28.0},{"not_picked":["Pommel Strike+1","Pummel+1"],"picked":"Flame Barrier","floor":35.0},{"not_picked":["Anger+1","Dual Wield+1","Burning Pact"],"picked":"SKIP","floor":40},{"not_picked":["Iron Wave","Shrug It Off+1","Body Slam"],"picked":"SKIP","floor":41},{"not_picked":["Body Slam+1","Warcry+1","Blood for Blood+1"],"picked":"SKIP","floor":48}],"player_experience":479832,"relics_obtained":[{"floor":9.0,"key":"Sundial"},{"floor":20.0,"key":"Necronomicon"},{"floor":21.0,"key":"Matryoshka"},{"floor":26.0,"key":"Bag of Preparation"},{"floor":26.0,"key":"Torii"},{"floor":27.0,"key":"Kunai"},{"floor":43,"key":"Whetstone"},{"floor":43,"key":"Bottled Tornado"},{"floor":45,"key":"Bird Faced Urn"}],"event_choices":[{"damage_healed":0.0,"max_hp_gain":0.0,"max_hp_loss":0.0,"gold_gain":0.0,"event_name":"Golden Idol","player_choice":"Take Damage","floor":2.0,"gold_loss":0.0,"damage_taken":20.0,"relics_obtained":["Golden Idol"]},{"damage_healed":0.0,"max_hp_gain":0.0,"max_hp_loss":0.0,"gold_gain":0.0,"event_name":"Match and Keep!","player_choice":"2 cards matched","floor":3.0,"gold_loss":0.0,"damage_taken":0.0,"cards_obtained":["Metallicize","Shrug It Off"]},{"cards_removed":["Strike_R"],"damage_healed":0.0,"max_hp_gain":0.0,"max_hp_loss":0.0,"gold_gain":0.0,"event_name":"Golden Wing","player_choice":"Card Removal","floor":5.0,"gold_loss":0.0,"damage_taken":7.0},{"cards_removed":["Strike_R"],"damage_healed":0.0,"max_hp_gain":0.0,"max_hp_loss":0.0,"gold_gain":0.0,"event_name":"Purifier","player_choice":"Purged","floor":12.0,"gold_loss":0.0,"damage_taken":0.0},{"damage_healed":0.0,"max_hp_gain":0.0,"max_hp_loss":0.0,"gold_gain":0.0,"event_name":"Scrap Ooze","player_choice":"Success","floor":14.0,"gold_loss":0.0,"damage_taken":3.0,"relics_obtained":["Juzu Bracelet"]},{"damage_healed":0.0,"max_hp_gain":0.0,"max_hp_loss":0.0,"gold_gain":0.0,"event_name":"Addict","player_choice":"Obtained Relic","floor":19.0,"gold_loss":85.0,"damage_taken":0.0,"relics_obtained":["War Paint"]},{"damage_healed":0.0,"max_hp_gain":0.0,"max_hp_loss":0.0,"gold_gain":0.0,"event_name":"Cursed Tome","player_choice":"Obtained Book","floor":20.0,"gold_loss":0.0,"damage_taken":16.0},{"damage_healed":0.0,"max_hp_gain":0.0,"max_hp_loss":0.0,"gold_gain":0.0,"event_name":"Vampires","player_choice":"Ignored","floor":29.0,"gold_loss":0.0,"damage_taken":0.0},{"damage_healed":0.0,"max_hp_gain":0.0,"max_hp_loss":0.0,"gold_gain":0.0,"event_name":"Ghosts","player_choice":"Ignored","floor":31.0,"gold_loss":0.0,"damage_taken":0.0},{"damage_healed":0,"gold_gain":0,"player_choice":"Ignored","damage_taken":0,"max_hp_gain":0,"max_hp_loss":0,"event_name":"Mysterious Sphere","floor":36,"gold_loss":0},{"cards_removed":["Dark Embrace"],"damage_healed":0,"gold_gain":0,"player_choice":"Took Card","damage_taken":0,"max_hp_gain":0,"max_hp_loss":0,"event_name":"NoteForYourself","floor":37,"gold_loss":0,"cards_obtained":["Whirlwind"]},{"damage_healed":0,"gold_gain":999,"player_choice":"Gold","damage_taken":0,"max_hp_gain":0,"max_hp_loss":0,"event_name":"MindBloom","floor":38,"gold_loss":0,"cards_obtained":["Normality","Normality"]},{"damage_healed":0,"gold_gain":0,"player_choice":"Memory 1","damage_taken":0,"max_hp_gain":0,"max_hp_loss":0,"event_name":"SensoryStone","floor":44,"gold_loss":0},{"damage_healed":70,"gold_gain":0,"player_choice":"Heal","damage_taken":0,"max_hp_gain":0,"max_hp_loss":10,"event_name":"The Moai Head","floor":46,"gold_loss":0}],"is_beta":false,"boss_relics":[{"not_picked":["Runic Pyramid","Orrery"],"picked":"Astrolabe"},{"not_picked":["Pandora\u0027s Box","Snecko Eye"],"picked":"Lizard Tail"}],"items_purged_floors":[22,39],"is_endless":false,"potions_floor_spawned":[1,18,28,41,48],"ascension_level":0}