{"gold_per_floor":[10,10,10,10,24,24,34,34,60,60,91,91,110,138,138,215,215,229,279,292,292,303,303,336,336,361,393,393,410,435,435],"floor_reached":31,"playtime":1439,"items_purged":[],"score":629,"play_id":"94af10cb-394f-415c-8c58-5afbc0c8c22f","local_time":"20190617000429","is_ascension_mode":true,"campfire_choices":[{"data":"Reinforced Body","floor":6,"key":"SMITH"},{"data":"Self Repair","floor":8,"key":"SMITH"},{"data":"Dualcast","floor":10,"key":"SMITH"},{"data":"Blizzard","floor":15,"key":"SMITH"},{"data":"Core Surge","floor":23,"key":"SMITH"},{"floor":25,"key":"REST"},{"floor":28,"key":"REST"}],"neow_cost":"NO_GOLD","seed_source_timestamp":201729846838093,"circlet_count":0,"master_deck":["AscendersBane","Strike_B","Strike_B","Strike_B","Strike_B","Defend_B","Defend_B","Defend_B","Defend_B+1","Zap+1","Dualcast+1","Core Surge+1","Glacier+1","Reinforced Body+1","Self Repair+1","Conserve Battery+1","Blizzard+1","Redo+1","Reboot+1","Redo+1","Coolheaded+1"],"relics":["Cracked Core","Regal Pillow","Toxic Egg 2","Blood Vial","Shuriken","Busted Crown","Bag of Marbles","Dream Catcher","Bag of Preparation","Red Mask"],"potions_floor_usage":[11,16,20,22,24,24,27,30],"damage_taken":[{"damage":9,"enemies":"Small Slimes","floor":1,"turns":4},{"damage":0,"enemies":"2 Louse","floor":5,"turns":3},{"damage":3,"enemies":"Jaw Worm","floor":7,"turns":3},{"damage":6,"enemies":"Lagavulin","floor":11,"turns":10},{"damage":0,"enemies":"Red Slaver","floor":13,"turns":3},{"damage":12,"enemies":"3 Sentries","floor":14,"turns":12},{"damage":0,"enemies":"The Guardian","floor":16,"turns":14},{"damage":15,"enemies":"3 Byrds","floor":18,"turns":6},{"damage":4,"enemies":"Chosen","floor":20,"turns":5},{"damage":8,"enemies":"Shelled Parasite and Fungi","floor":22,"turns":9},{"damage":68,"enemies":"Gremlin Leader","floor":24,"turns":12},{"damage":57,"enemies":"Slavers","floor":27,"turns":9},{"damage":7,"enemies":"Snecko","floor":29,"turns":7},{"damage":3,"enemies":"Masked Bandits","floor":30,"turns":4},{"damage":72,"enemies":"Book of Stabbing","floor":31,"turns":7}],"seed_played":"-4220136887953668949","potions_obtained":[{"floor":7,"key":"Explosive Potion"},{"floor":11,"key":"SteroidPotion"},{"floor":16,"key":"Dexterity Potion"},{"floor":18,"key":"Strength Potion"},{"floor":21,"key":"EntropicBrew"},{"floor":21,"key":"FocusPotion"},{"floor":24,"key":"SpeedPotion"},{"floor":27,"key":"FocusPotion"}],"is_trial":false,"path_per_floor":["M","?","?","$","M","R","M","R","T","R","E","?","M","E","R","B",null,"M","?","M","?","M","R","E","R","T","E","R","M","?","E"],"character_chosen":"DEFECT","items_purchased":[],"campfire_rested":2,"item_purchase_floors":[],"current_hp_per_floor":[55,34,34,34,34,34,31,31,31,31,35,17,29,29,29,41,64,61,61,69,69,71,71,13,49,49,17,53,58,67,0],"gold":435,"neow_bonus":"THREE_RARE_CARDS","is_prod":false,"is_daily":false,"chose_seed":false,"campfire_upgraded":5,"win_rate":0,"timestamp":1560722669,"path_taken":["M","?","?","?","M","R","?","R","T","R","E","?","M","E","R","BOSS","M","?","M","?","?","R","E","R","T","E","R","M","?","E"],"build_version":"2019-01-23","purchased_purges":0,"victory":false,"max_hp_per_floor":[71,71,71,71,71,71,71,71,71,71,71,71,71,71,71,71,71,71,71,71,71,71,71,71,71,71,71,71,71,71,71],"card_choices":[{"not_picked":["Machine Learning","Seek"],"picked":"Core Surge","floor":0},{"not_picked":["Steam","Streamline"],"picked":"Glacier","floor":1},{"not_picked":["Fusion","Reprogram"],"picked":"Reinforced Body","floor":5},{"not_picked":["Go for the Eyes","Beam Cell"],"picked":"Self Repair","floor":7},{"not_picked":["Melter","Hello World"],"picked":"Conserve Battery","floor":11},{"not_picked":["Core Surge","Coolheaded+1"],"picked":"Blizzard","floor":13},{"not_picked":["All For One","Scrape"],"picked":"Redo+1","floor":14},{"not_picked":["Amplify+1","Meteor Strike"],"picked":"Reboot+1","floor":16},{"not_picked":["Aggregate+1"],"picked":"SKIP","floor":18},{"not_picked":[],"picked":"Redo+1","floor":20},{"not_picked":["Ball Lightning"],"picked":"SKIP","floor":22},{"not_picked":["Reprogram+1"],"picked":"SKIP","floor":24},{"not_picked":["Rip and Tear"],"picked":"SKIP","floor":27},{"not_picked":["Doom and Gloom"],"picked":"SKIP","floor":29},{"not_picked":[],"picked":"Coolheaded+1","floor":30}],"player_experience":579296,"relics_obtained":[{"floor":9,"key":"Regal Pillow"},{"floor":11,"key":"Toxic Egg 2"},{"floor":14,"key":"Shuriken"},{"floor":24,"key":"Bag of Marbles"},{"floor":26,"key":"Dream Catcher"},{"floor":27,"key":"Bag of Preparation"},{"floor":30,"key":"Red Mask"}],"event_choices":[{"damage_healed":0,"gold_gain":0,"player_choice":"Entered Light","damage_taken":21,"max_hp_gain":0,"max_hp_loss":0,"event_name":"Shining Light","floor":2,"gold_loss":0,"cards_upgraded":["Defend_B","Glacier"]},{"damage_healed":0,"gold_gain":0,"player_choice":"Grow","damage_taken":0,"max_hp_gain":0,"max_hp_loss":0,"event_name":"Living Wall","floor":3,"gold_loss":0,"cards_upgraded":["Zap"]},{"damage_healed":0,"gold_gain":0,"player_choice":"Success","damage_taken":18,"relics_obtained":["Blood Vial"],"max_hp_gain":0,"max_hp_loss":0,"event_name":"Scrap Ooze","floor":12,"gold_loss":0},{"damage_healed":0,"gold_gain":50,"player_choice":"Stole From Cult","damage_taken":0,"max_hp_gain":0,"max_hp_loss":0,"event_name":"Nest","floor":19,"gold_loss":0},{"damage_healed":0,"gold_gain":0,"player_choice":"Got Potions","damage_taken":0,"max_hp_gain":0,"max_hp_loss":0,"event_name":"Lab","floor":21,"gold_loss":0},{"damage_healed":0,"gold_gain":0,"player_choice":"Fought Bandits","damage_taken":0,"max_hp_gain":0,"max_hp_loss":0,"event_name":"Masked Bandits","floor":30,"gold_loss":0}],"is_beta":false,"boss_relics":[{"not_picked":["Fusion Hammer","Snecko Eye"],"picked":"Busted Crown"}],"items_purged_floors":[],"is_endless":false,"potions_floor_spawned":[7,11,16,18,24,27],"killed_by":"Book of Stabbing","ascension_level":18}