{"gold_per_floor":[114,127,14,33,12,12,24,24,78,110,110,126,51,64,64,135,135,150,150,150,166,166,166,192,192,216,216,228,228,228,248,248,248],"floor_reached":33,"playtime":1386,"items_purged":["Strike_B"],"score":534,"play_id":"34d60990-84c2-4fbc-b2ad-d222ae7fa597","local_time":"20190620222837","is_ascension_mode":true,"campfire_choices":[{"data":"Zap","floor":6.0,"key":"SMITH"},{"data":"Redo","floor":8.0,"key":"SMITH"},{"floor":15.0,"key":"REST"},{"floor":23,"key":"REST"},{"floor":25,"key":"REST"},{"floor":27,"key":"REST"},{"floor":30,"key":"REST"},{"floor":32,"key":"REST"}],"neow_cost":"NONE","seed_source_timestamp":541654020763055,"circlet_count":0,"master_deck":["AscendersBane","Strike_B","Strike_B+1","Defend_B","Defend_B","Defend_B","Defend_B","Zap+1","Dualcast","Machine Learning","Redo+1","Glacier","Gash+1","Go for the Eyes","Chill","Core Surge","Coolheaded+1","All For One","Chill","Pain","Writhe","Recycle+1","Gash","Coolheaded"],"special_seed":0,"relics":["Cracked Core","Gremlin Horn","Vajra","Whetstone","Cursed Key","WarpedTongs","Bag of Marbles","Oddly Smooth Stone"],"potions_floor_usage":[],"damage_taken":[{"damage":2.0,"enemies":"2 Louse","floor":1.0,"turns":3.0},{"damage":2.0,"enemies":"Cultist","floor":2.0,"turns":4.0},{"damage":0.0,"enemies":"Small Slimes","floor":4.0,"turns":4.0},{"damage":0.0,"enemies":"Exordium Thugs","floor":5.0,"turns":6.0},{"damage":0.0,"enemies":"2 Fungi Beasts","floor":7.0,"turns":4.0},{"damage":32.0,"enemies":"Gremlin Nob","floor":10.0,"turns":4.0},{"damage":1.0,"enemies":"Exordium Wildlife","floor":12.0,"turns":3.0},{"damage":0.0,"enemies":"Lots of Slimes","floor":14.0,"turns":4.0},{"damage":27.0,"enemies":"Slime Boss","floor":16.0,"turns":17.0},{"damage":13,"enemies":"Shell Parasite","floor":18,"turns":5},{"damage":2,"enemies":"3 Byrds","floor":21,"turns":5},{"damage":62,"enemies":"Book of Stabbing","floor":24,"turns":7},{"damage":31,"enemies":"Cultist and Chosen","floor":28,"turns":9},{"damage":30,"enemies":"Snake Plant","floor":31,"turns":4},{"damage":37,"enemies":"Collector","floor":33,"turns":7}],"seed_played":"-1759277545310954628","potions_obtained":[{"floor":4.0,"key":"PowerPotion"},{"floor":7.0,"key":"Strength Potion"},{"floor":10.0,"key":"Dexterity Potion"},{"floor":14.0,"key":"PowerPotion"}],"is_trial":false,"path_per_floor":["M","M","?","M","M","R","M","R","T","E","?","M","$","M","R","B",null,"M","?","?","M","?","R","E","R","T","R","M","?","R","M","R","B"],"character_chosen":"DEFECT","items_purchased":[],"campfire_rested":6,"item_purchase_floors":[],"current_hp_per_floor":[62,60,60,60,60,60,60,60,60,28,28,27,27,27,48,21,59,46,46,46,44,44,65,3,24,24,45,14,14,35,5,26,0],"gold":248,"neow_bonus":"ONE_RANDOM_RARE_CARD","is_prod":false,"is_daily":false,"chose_seed":false,"campfire_upgraded":2,"win_rate":0,"timestamp":1561062517,"path_taken":["M","M","?","?","M","R","M","R","T","E","?","M","?","M","R","BOSS","M","?","?","?","?","R","E","R","T","R","?","?","R","M","R","BOSS"],"build_version":"2019-01-23","purchased_purges":1,"victory":false,"max_hp_per_floor":[71,71,71,71,71,71,71,71,71,71,71,71,71,71,71,71,71,71,71,71,71,71,71,71,71,71,71,71,71,71,71,71,71],"card_choices":[{"not_picked":["Recycle","Hologram"],"picked":"Redo","floor":1.0},{"not_picked":["Storm","Ball Lightning"],"picked":"Glacier","floor":2.0},{"not_picked":["Aggregate","Tempest","Compile Driver"],"picked":"SKIP","floor":4.0},{"not_picked":["Cold Snap","Barrage"],"picked":"Gash","floor":5.0},{"not_picked":["Ball Lightning","Redo"],"picked":"Go for the Eyes","floor":7.0},{"not_picked":["Skim","Go for the Eyes"],"picked":"Chill","floor":10.0},{"not_picked":["Genetic Algorithm","Capacitor","Chaos"],"picked":"SKIP","floor":12.0},{"not_picked":["Stack","Lockon"],"picked":"Coolheaded","floor":14.0},{"not_picked":["Hyperbeam","Machine Learning"],"picked":"All For One","floor":16.0},{"not_picked":["Cold Snap","Skim"],"picked":"Chill","floor":18},{"not_picked":["Compile Driver","Ball Lightning","Streamline"],"picked":"SKIP","floor":21},{"not_picked":["Stack","Sweeping Beam","Leap"],"picked":"SKIP","floor":24},{"not_picked":["Cold Snap","Sweeping Beam"],"picked":"Recycle+1","floor":28},{"not_picked":["Blizzard+1","Barrage"],"picked":"Coolheaded","floor":31}],"player_experience":629289,"relics_obtained":[{"floor":9.0,"key":"Vajra"},{"floor":10.0,"key":"Whetstone"},{"floor":24,"key":"Bag of Marbles"},{"floor":26,"key":"Oddly Smooth Stone"}],"event_choices":[{"damage_healed":0.0,"max_hp_gain":0.0,"max_hp_loss":0.0,"gold_gain":0.0,"event_name":"WeMeetAgain","player_choice":"Paid Gold","floor":3.0,"gold_loss":113.0,"damage_taken":0.0,"relics_obtained":["Gremlin Horn"]},{"damage_healed":0.0,"max_hp_gain":0.0,"max_hp_loss":0.0,"gold_gain":0.0,"cards_transformed":["Strike_B"],"event_name":"Transmorgrifier","player_choice":"Transformed","floor":11.0,"gold_loss":0.0,"damage_taken":0.0,"cards_obtained":["Core Surge"]},{"damage_healed":0,"gold_gain":0,"player_choice":"Ignored","damage_taken":0,"max_hp_gain":0,"max_hp_loss":0,"event_name":"The Mausoleum","floor":19,"gold_loss":0},{"damage_healed":0,"gold_gain":0,"player_choice":"Upgraded","damage_taken":0,"max_hp_gain":0,"max_hp_loss":0,"event_name":"Upgrade Shrine","floor":20,"gold_loss":0,"cards_upgraded":["Coolheaded"]},{"damage_healed":0,"gold_gain":0,"player_choice":"Rummage","damage_taken":0,"relics_obtained":["WarpedTongs"],"max_hp_gain":0,"max_hp_loss":0,"event_name":"Accursed Blacksmith","floor":22,"gold_loss":0,"cards_obtained":["Pain"]},{"damage_healed":0,"gold_gain":0,"player_choice":"Read","damage_taken":0,"max_hp_gain":0,"max_hp_loss":0,"event_name":"The Library","floor":29,"gold_loss":0,"cards_obtained":["Gash"]}],"is_beta":false,"boss_relics":[{"not_picked":["Calling Bell","Nuclear Battery"],"picked":"Cursed Key"}],"items_purged_floors":[13],"is_endless":false,"potions_floor_spawned":[4,7,10,14],"killed_by":"Collector","ascension_level":20}