{"gold_per_floor":[111,131,206,206,229,229,272,272,296,326,340,16,16,34,34,162,162,102,102,102,17,17],"floor_reached":22,"playtime":2347,"items_purged":["Strike_G"],"score":180,"play_id":"6a05465a-f844-4d33-804b-123ddca9f260","local_time":"20190613200107","is_ascension_mode":false,"campfire_choices":[{"floor":6,"key":"REST"},{"floor":8,"key":"REST"},{"data":"Mayhem","floor":15,"key":"SMITH"}],"neow_cost":"NONE","seed_source_timestamp":436266375597780,"circlet_count":0,"master_deck":["Defend_G","Defend_G","Defend_G","Defend_G","Strike_G","Strike_G","Survivor","Neutralize","All Out Attack","Deadly Poison","Well Laid Plans","Slice","Bouncing Flask","Mayhem+1","Tools of the Trade","Caltrops","A Thousand Cuts","Normality","Shame","Decay","Die Die Die","Deflect","Dash","Enlightenment"],"relics":["WristBlade","Golden Idol","Anchor","Strawberry","Odd Mushroom","Membership Card","Calling Bell","Blood Vial","Gremlin Horn","Turnip"],"potions_floor_usage":[7,14,22],"damage_taken":[{"damage":0,"enemies":"2 Louse","floor":1,"turns":4},{"damage":0,"enemies":"Small Slimes","floor":2,"turns":3},{"damage":1,"enemies":"Jaw Worm","floor":5,"turns":4},{"damage":22,"enemies":"3 Sentries","floor":7,"turns":9},{"damage":8,"enemies":"The Mushroom Lair","floor":10,"turns":5},{"damage":0,"enemies":"3 Louse","floor":11,"turns":2},{"damage":0,"enemies":"Large Slime","floor":14,"turns":5},{"damage":46,"enemies":"Hexaghost","floor":16,"turns":8},{"damage":12,"enemies":"2 Thieves","floor":18,"turns":4},{"damage":15,"enemies":"Colosseum Slavers","floor":22,"turns":5},{"damage":76,"enemies":"Colosseum Nobs","floor":22,"turns":6}],"seed_played":"-1727311067129632732","potions_obtained":[{"floor":1,"key":"GhostInAJar"},{"floor":5,"key":"Fire Potion"},{"floor":11,"key":"AttackPotion"}],"is_trial":false,"path_per_floor":["M","M","?","?","M","R","E","R","T","?","M","$","?","M","R","B",null,"M","?","?","$","?"],"character_chosen":"THE_SILENT","items_purchased":["Membership Card","Mayhem","Dash","Enlightenment"],"campfire_rested":2,"item_purchase_floors":[12,12,21,21],"current_hp_per_floor":[70,70,59,42,41,62,40,61,68,60,60,60,60,60,60,14,77,65,65,65,65,0],"gold":17,"neow_bonus":"BOSS_RELIC","is_prod":false,"is_daily":false,"chose_seed":false,"campfire_upgraded":1,"win_rate":0.0,"timestamp":1560470467,"path_taken":["M","M","?","?","M","R","E","R","T","?","M","$","?","M","R","BOSS","M","?","?","?","?"],"build_version":"2019-01-23","purchased_purges":1,"victory":false,"max_hp_per_floor":[70,70,70,70,70,70,70,70,77,77,77,77,77,77,77,77,77,77,77,77,77,77],"card_choices":[{"not_picked":["Riddle With Holes","Reflex"],"picked":"All Out Attack","floor":1},{"not_picked":["Poisoned Stab","Slice"],"picked":"Deadly Poison","floor":2},{"not_picked":["Dagger Throw","Deflect"],"picked":"Well Laid Plans","floor":5},{"not_picked":["Reflex","Cloak And Dagger","Dagger Throw"],"picked":"SKIP","floor":7},{"not_picked":["Caltrops","Backflip"],"picked":"Slice","floor":10},{"not_picked":["Quick Slash","Dodge and Roll"],"picked":"Bouncing Flask","floor":11},{"not_picked":["Dodge and Roll","Backflip"],"picked":"Caltrops","floor":14},{"not_picked":["Doppelganger","Wraith Form v2"],"picked":"A Thousand Cuts","floor":16},{"not_picked":["Bane","Dagger Throw","Underhanded Strike+1"],"picked":"SKIP","floor":18}],"player_experience":1139357,"relics_obtained":[{"floor":7,"key":"Anchor"},{"floor":9,"key":"Strawberry"},{"floor":10,"key":"Odd Mushroom"},{"floor":17,"key":"Blood Vial"},{"floor":17,"key":"Gremlin Horn"},{"floor":17,"key":"Turnip"}],"event_choices":[{"damage_healed":0,"gold_gain":75,"player_choice":"Gather Gold","damage_taken":11,"max_hp_gain":0,"max_hp_loss":0,"event_name":"World of Goop","floor":3,"gold_loss":0},{"damage_healed":0,"gold_gain":0,"player_choice":"Take Damage","damage_taken":17,"relics_obtained":["Golden Idol"],"max_hp_gain":0,"max_hp_loss":0,"event_name":"Golden Idol","floor":4,"gold_loss":0},{"damage_healed":0,"gold_gain":0,"player_choice":"Fought Mushrooms","damage_taken":0,"max_hp_gain":0,"max_hp_loss":0,"event_name":"Mushrooms","floor":10,"gold_loss":0},{"damage_healed":0,"gold_gain":0,"cards_transformed":["Strike_G"],"player_choice":"Change","damage_taken":0,"max_hp_gain":0,"max_hp_loss":0,"event_name":"Living Wall","floor":13,"gold_loss":0,"cards_obtained":["Tools of the Trade"]},{"damage_healed":0,"gold_gain":0,"cards_transformed":["Defend_G","Strike_G"],"player_choice":"Became Test Subject","damage_taken":0,"max_hp_gain":0,"max_hp_loss":0,"event_name":"Drug Dealer","floor":19,"gold_loss":0,"cards_obtained":["Die Die Die","Deflect"]},{"damage_healed":0,"gold_gain":0,"player_choice":"Ignored","damage_taken":0,"max_hp_gain":0,"max_hp_loss":0,"event_name":"Ghosts","floor":20,"gold_loss":0},{"damage_healed":0,"gold_gain":0,"player_choice":"Fight","damage_taken":0,"max_hp_gain":0,"max_hp_loss":0,"event_name":"Colosseum","floor":22,"gold_loss":0},{"damage_healed":0,"gold_gain":0,"player_choice":"Fought Nobs","damage_taken":0,"max_hp_gain":0,"max_hp_loss":0,"event_name":"Colosseum","floor":22,"gold_loss":0}],"is_beta":false,"boss_relics":[{"not_picked":["Coffee Dripper","Cursed Key"],"picked":"Calling Bell"}],"items_purged_floors":[12],"is_endless":false,"potions_floor_spawned":[1,5,11],"killed_by":"Colosseum Nobs","ascension_level":0}