{"gold_per_floor":[112,124,49,124,138,138,152,152,233,233,259,259,270,301,301,378,378,395,375,44,62,77,77,106,106,106,131,148,164,178,193,193,267,267,283,283,11,11,24,24,54,0,82,82,82],"floor_reached":45,"playtime":1564,"items_purged":["Strike_B","Strike_B"],"score":986,"play_id":"f0d5fbad-5c8f-4c45-832e-de548ae12827","local_time":"20190519214250","is_ascension_mode":true,"campfire_choices":[{"data":"Self Repair","floor":6.0,"key":"SMITH"},{"data":"Sunder","floor":8.0,"key":"SMITH"},{"data":"Cold Snap","floor":10.0,"key":"SMITH"},{"data":"Coolheaded","floor":15.0,"key":"SMITH"},{"data":"Defragment","floor":23.0,"key":"SMITH"},{"floor":25.0,"key":"REST"},{"data":"Multi-Cast","floor":32.0,"key":"SMITH"},{"data":"Creative AI","floor":40.0,"key":"SMITH"}],"neow_cost":"NONE","seed_source_timestamp":30565499035390,"circlet_count":0,"master_deck":["AscendersBane","Defend_B","Defend_B","Defend_B","Zap+1","Dualcast","Cold Snap+1","Steam","Self Repair+1","Sunder+1","Darkness+1","Coolheaded+1","Sweeping Beam","Electrodynamics","Glacier","Defragment+1","Sweeping Beam","Multi-Cast+1","Seek","Hologram+1","Creative AI+1","Capacitor+1","Turbo","Skim"],"special_seed":0,"relics":["Cracked Core","Bottled Lightning","DataDisk","Singing Bowl","Nuclear Battery","Vajra","Thread and Needle","Question Card","Lantern","Inserter","Centennial Puzzle","Art of War"],"potions_floor_usage":[45],"damage_taken":[{"damage":5.0,"enemies":"Small Slimes","floor":1.0,"turns":4.0},{"damage":0.0,"enemies":"Jaw Worm","floor":2.0,"turns":3.0},{"damage":0.0,"enemies":"2 Louse","floor":5.0,"turns":3.0},{"damage":10.0,"enemies":"Red Slaver","floor":7.0,"turns":4.0},{"damage":15.0,"enemies":"Lagavulin","floor":11.0,"turns":6.0},{"damage":10.0,"enemies":"Exordium Wildlife","floor":13.0,"turns":3.0},{"damage":13.0,"enemies":"3 Sentries","floor":14.0,"turns":6.0},{"damage":11.0,"enemies":"The Guardian","floor":16.0,"turns":9.0},{"damage":12.0,"enemies":"3 Byrds","floor":18.0,"turns":5.0},{"damage":10.0,"enemies":"Shell Parasite","floor":21.0,"turns":8.0},{"damage":14.0,"enemies":"Snake Plant","floor":22.0,"turns":5.0},{"damage":31.0,"enemies":"Slavers","floor":24.0,"turns":3.0},{"damage":21.0,"enemies":"Gremlin Leader","floor":27.0,"turns":7.0},{"damage":2.0,"enemies":"Snecko","floor":28.0,"turns":5.0},{"damage":0.0,"enemies":"Centurion and Healer","floor":29.0,"turns":10.0},{"damage":7.0,"enemies":"Sentry and Sphere","floor":30.0,"turns":5.0},{"damage":1.0,"enemies":"Snake Plant","floor":31.0,"turns":4.0},{"damage":53.0,"enemies":"Automaton","floor":33.0,"turns":8.0},{"damage":0.0,"enemies":"3 Shapes","floor":35.0,"turns":2.0},{"damage":0.0,"enemies":"3 Darklings","floor":39.0,"turns":6.0},{"damage":53.0,"enemies":"Giant Head","floor":41.0,"turns":9.0},{"damage":51,"enemies":"Transient","floor":45,"turns":6}],"seed_played":"7335612655469267348","potions_obtained":[{"floor":2.0,"key":"Energy Potion"},{"floor":7.0,"key":"Ancient Potion"},{"floor":13.0,"key":"Poison Potion"},{"floor":16.0,"key":"Poison Potion"},{"floor":19.0,"key":"FearPotion"},{"floor":29.0,"key":"Energy Potion"},{"floor":33.0,"key":"Energy Potion"}],"is_trial":false,"path_per_floor":["M","M","?","?","M","R","M","R","T","R","E","?","M","E","R","B",null,"M","?","$","M","M","R","E","R","T","E","M","M","M","M","R","B",null,"M","?","$","?","M","R","E","$","T","?","M"],"character_chosen":"DEFECT","items_purchased":["Glacier","Vajra","Centennial Puzzle","Swift Potion"],"campfire_rested":1,"item_purchase_floors":[20,20,37,42],"current_hp_per_floor":[59,59,59,48,48,48,48,48,48,48,43,43,43,40,40,39,63,63,63,63,63,59,59,38,59,59,48,56,68,73,79,79,36,68,80,80,80,80,81,81,38,38,38,38,0],"gold":82,"neow_bonus":"UPGRADE_CARD","is_prod":false,"is_daily":false,"chose_seed":false,"campfire_upgraded":7,"win_rate":0,"timestamp":1558294970,"path_taken":["M","M","?","?","M","R","M","R","T","R","E","?","?","E","R","BOSS","M","?","$","M","M","R","E","R","T","E","?","M","M","M","R","BOSS","M","?","$","?","M","R","E","$","T","?","?"],"build_version":"2019-05-07","purchased_purges":2,"victory":false,"max_hp_per_floor":[71,71,71,71,71,71,71,71,71,71,71,71,71,71,71,71,71,73,73,73,73,73,73,73,73,73,73,73,75,77,79,79,79,79,81,81,81,81,81,81,81,81,81,81,81],"card_choices":[{"not_picked":["Reprogram","Steam"],"picked":"Cold Snap","floor":1.0},{"not_picked":["Reprogram","Gash"],"picked":"Steam","floor":2.0},{"not_picked":["Rebound","White Noise"],"picked":"Self Repair","floor":5.0},{"not_picked":["Hologram","Chaos"],"picked":"Sunder","floor":7.0},{"not_picked":["Force Field","Heatsinks"],"picked":"Darkness","floor":11.0},{"not_picked":["Turbo","Scrape"],"picked":"Coolheaded","floor":13.0},{"not_picked":["Conserve Battery","Blizzard"],"picked":"Sweeping Beam","floor":14.0},{"not_picked":["Hyperbeam","Machine Learning"],"picked":"Electrodynamics","floor":16.0},{"not_picked":["Redo","Double Energy","Stack"],"picked":"Singing Bowl","floor":18.0},{"not_picked":["Melter","Stack"],"picked":"Defragment","floor":21.0},{"not_picked":["Double Energy","Self Repair+1"],"picked":"Sweeping Beam","floor":22.0},{"not_picked":["Fusion","Conserve Battery"],"picked":"Multi-Cast","floor":24.0},{"not_picked":["Beam Cell","Sweeping Beam","Chaos"],"picked":"Seek","floor":27.0},{"not_picked":["Barrage","Darkness","Heatsinks"],"picked":"Hologram+1","floor":28.0},{"not_picked":["Conserve Battery","Barrage","Gash","Sunder+1"],"picked":"Singing Bowl","floor":29.0},{"not_picked":["Coolheaded","Double Energy","Ball Lightning+1","Self Repair"],"picked":"Singing Bowl","floor":30.0},{"not_picked":["Conserve Battery","FTL+1","Stack","Hello World"],"picked":"Singing Bowl","floor":31.0},{"not_picked":["Machine Learning","All For One","Amplify"],"picked":"Creative AI","floor":33.0},{"not_picked":["Streamline","Go for the Eyes","Steam Power+1","Undo"],"picked":"Singing Bowl","floor":35.0},{"not_picked":["Barrage","Steam+1","Sunder+1"],"picked":"Capacitor+1","floor":39.0},{"not_picked":["Cold Snap","Reinforced Body","Reprogram+1"],"picked":"Turbo","floor":41.0}],"player_experience":1567518,"relics_obtained":[{"floor":9.0,"key":"Bottled Lightning"},{"floor":11.0,"key":"DataDisk"},{"floor":14.0,"key":"Singing Bowl"},{"floor":24.0,"key":"Thread and Needle"},{"floor":26.0,"key":"Question Card"},{"floor":27.0,"key":"Lantern"},{"floor":41.0,"key":"Art of War"}],"event_choices":[{"cards_removed":["Strike_B"],"damage_healed":0.0,"max_hp_gain":0.0,"max_hp_loss":0.0,"gold_gain":0.0,"event_name":"The Cleric","player_choice":"Card Removal","floor":3.0,"gold_loss":75.0,"damage_taken":0.0},{"damage_healed":0.0,"max_hp_gain":0.0,"max_hp_loss":0.0,"gold_gain":75.0,"event_name":"World of Goop","player_choice":"Gather Gold","floor":4.0,"gold_loss":0.0,"damage_taken":11.0},{"damage_healed":0.0,"max_hp_gain":0.0,"max_hp_loss":0.0,"gold_gain":0.0,"event_name":"Upgrade Shrine","player_choice":"Upgraded","floor":12.0,"gold_loss":0.0,"damage_taken":0.0,"cards_upgraded":["Darkness"]},{"damage_healed":0.0,"max_hp_gain":0.0,"max_hp_loss":0.0,"gold_gain":0.0,"event_name":"The Woman in Blue","player_choice":"Bought 1 Potion","floor":19.0,"gold_loss":0.0,"damage_taken":0.0},{"damage_healed":0.0,"max_hp_gain":0.0,"max_hp_loss":0.0,"gold_gain":0.0,"event_name":"Mysterious Sphere","player_choice":"Ignored","floor":36.0,"gold_loss":0.0,"damage_taken":0.0},{"cards_removed":["Defend_B"],"damage_healed":0.0,"max_hp_gain":0.0,"max_hp_loss":0.0,"gold_gain":0.0,"event_name":"Falling","player_choice":"Removed Skill","floor":38.0,"gold_loss":0.0,"damage_taken":0.0},{"damage_healed":0,"gold_gain":0,"cards_transformed":["Strike_B"],"player_choice":"Transformed","damage_taken":0,"max_hp_gain":0,"max_hp_loss":0,"event_name":"Transmorgrifier","floor":44,"gold_loss":0,"cards_obtained":["Skim"]}],"is_beta":true,"boss_relics":[{"not_picked":["Philosopher\u0027s Stone","Tiny House"],"picked":"Nuclear Battery"},{"not_picked":["Calling Bell","White Beast Statue"],"picked":"Inserter"}],"items_purged_floors":[20,37],"is_endless":false,"potions_floor_spawned":[2,7,13,16,22,28,29,33,41],"killed_by":"Transient","ascension_level":20}