{"gold_per_floor":[17,17,17,17,34,34,63,63,90,113,141,169,53,53,53,53],"floor_reached":16,"playtime":422,"items_purged":["Strike_R"],"score":200,"play_id":"a7ae03a9-b972-4a48-809d-f0e82236f03f","local_time":"20190523234131","is_ascension_mode":true,"campfire_choices":[{"data":"Defend_R","floor":6,"key":"PURGE"},{"floor":8,"key":"REST"},{"data":"Strike_R","floor":15,"key":"PURGE"}],"neow_cost":"NO_GOLD","seed_source_timestamp":539374329807179,"circlet_count":0,"master_deck":["AscendersBane","Strike_R","Strike_R","Defend_R","Defend_R","Defend_R","Bash","Anger","Headbutt","Searing Blow","Headbutt"],"relics":["Burning Blood","Peace Pipe","Matryoshka","Potion Belt","MawBank"],"potions_floor_usage":[7,11],"damage_taken":[{"damage":11,"enemies":"Jaw Worm","floor":1,"turns":6},{"damage":14,"enemies":"Small Slimes","floor":5,"turns":4},{"damage":55,"enemies":"3 Sentries","floor":7,"turns":11},{"damage":2,"enemies":"2 Louse","floor":10,"turns":3},{"damage":7,"enemies":"Exordium Thugs","floor":11,"turns":4},{"damage":7,"enemies":"2 Fungi Beasts","floor":12,"turns":3},{"damage":35,"enemies":"Hexaghost","floor":16,"turns":7}],"seed_played":"-4430914429939557360","potions_obtained":[{"floor":5,"key":"SpeedPotion"},{"floor":7,"key":"Fire Potion"}],"is_trial":false,"path_per_floor":["M","?","?","?","M","R","E","R","T","M","M","M","$","?","R","B"],"character_chosen":"IRONCLAD","items_purchased":["Headbutt"],"campfire_rested":1,"item_purchase_floors":[13],"current_hp_per_floor":[63,63,63,68,60,60,11,35,35,39,38,37,37,30,30,0],"gold":53,"neow_bonus":"ONE_RARE_RELIC","is_prod":false,"is_daily":false,"chose_seed":false,"campfire_upgraded":0,"win_rate":0,"timestamp":1558647691,"path_taken":["M","?","?","?","M","R","E","R","T","?","M","M","$","?","R","BOSS"],"build_version":"2019-01-23","purchased_purges":1,"victory":false,"max_hp_per_floor":[75,75,75,80,80,80,80,80,80,80,80,80,80,80,80,80],"card_choices":[{"not_picked":["Armaments","Sword Boomerang","Second Wind"],"picked":"SKIP","floor":1},{"not_picked":["Armaments","Iron Wave"],"picked":"Anger","floor":5},{"not_picked":["Metallicize","Body Slam","Cleave"],"picked":"SKIP","floor":7},{"not_picked":["Warcry","Reaper"],"picked":"Headbutt","floor":10},{"not_picked":["True Grit","Clash","Spot Weakness"],"picked":"SKIP","floor":11},{"not_picked":["Heavy Blade","Clash"],"picked":"Searing Blow","floor":12}],"player_experience":377367,"relics_obtained":[{"floor":7,"key":"Matryoshka"},{"floor":9,"key":"Potion Belt"},{"floor":9,"key":"MawBank"}],"event_choices":[{"damage_healed":0,"gold_gain":0,"player_choice":"Ignored","damage_taken":0,"max_hp_gain":0,"max_hp_loss":0,"event_name":"Shining Light","floor":2,"gold_loss":0},{"damage_healed":0,"gold_gain":0,"player_choice":"Fled","damage_taken":0,"max_hp_gain":0,"max_hp_loss":0,"event_name":"Scrap Ooze","floor":3,"gold_loss":0},{"damage_healed":0,"gold_gain":0,"player_choice":"Donut","damage_taken":0,"max_hp_gain":5,"max_hp_loss":0,"event_name":"Big Fish","floor":4,"gold_loss":0},{"cards_removed":["Strike_R"],"damage_healed":0,"gold_gain":0,"player_choice":"Card Removal","damage_taken":7,"max_hp_gain":0,"max_hp_loss":0,"event_name":"Golden Wing","floor":14,"gold_loss":0}],"is_beta":false,"boss_relics":[],"items_purged_floors":[13],"is_endless":false,"potions_floor_spawned":[5,7],"killed_by":"Hexaghost","ascension_level":20}