{"gold_per_floor":[112,112,124,14,14,14,46,46,69,100,114,125,141,40,40,140,140,152,169,169,69,80,80,100,115,138,138,150,150,165,183,183,183],"floor_reached":33,"playtime":1938,"items_purged":["Regret","Strike_G"],"score":313,"play_id":"74bb1dbd-d0d8-4464-8d4e-33f9fb678c3e","local_time":"20190428131634","is_ascension_mode":true,"campfire_choices":[{"data":"All Out Attack","floor":6,"key":"SMITH"},{"data":"Dagger Throw","floor":8,"key":"SMITH"},{"floor":15,"key":"REST"},{"data":"Leg Sweep","floor":23,"key":"SMITH"},{"data":"Terror","floor":27,"key":"SMITH"},{"data":"Blur","floor":29,"key":"SMITH"},{"data":"Adrenaline","floor":32,"key":"SMITH"}],"neow_cost":"NONE","seed_source_timestamp":329301812098800,"circlet_count":0,"master_deck":["Defend_G","Defend_G","Defend_G","Defend_G","Defend_G","Strike_G","Strike_G","Strike_G","Strike_G","Survivor","Neutralize","Purity","Dagger Throw+1","Blur+1","All Out Attack+1","Leg Sweep+1","Terror+1","Sucker Punch","Adrenaline+1","Poisoned Stab","Bouncing Flask","Poisoned Stab+1","Dash"],"relics":["Ring of the Snake","Boot","Strawberry","Snake Skull","Pocketwatch","Coffee Dripper","Dream Catcher"],"potions_floor_usage":[18,19,19,22,24,28],"damage_taken":[{"damage":0,"enemies":"Small Slimes","floor":1,"turns":4},{"damage":3,"enemies":"2 Louse","floor":3,"turns":3},{"damage":15,"enemies":"3 Sentries","floor":7,"turns":7},{"damage":28,"enemies":"Gremlin Nob","floor":10,"turns":6},{"damage":0,"enemies":"Cultist","floor":11,"turns":3},{"damage":0,"enemies":"Lots of Slimes","floor":12,"turns":1},{"damage":0,"enemies":"Gremlin Gang","floor":13,"turns":3},{"damage":14,"enemies":"The Guardian","floor":16,"turns":11},{"damage":0,"enemies":"Chosen","floor":18,"turns":5},{"damage":7,"enemies":"Shell Parasite","floor":19,"turns":4},{"damage":3,"enemies":"3 Cultists","floor":22,"turns":6},{"damage":0,"enemies":"Snecko","floor":24,"turns":5},{"damage":11,"enemies":"Snake Plant","floor":25,"turns":5},{"damage":4,"enemies":"Shelled Parasite and Fungi","floor":28,"turns":7},{"damage":2,"enemies":"Snecko","floor":30,"turns":4},{"damage":13,"enemies":"Centurion and Healer","floor":31,"turns":5},{"damage":49,"enemies":"Collector","floor":33,"turns":7}],"seed_played":"9223060312946889360","potions_obtained":[{"floor":1,"key":"Strength Potion"},{"floor":10,"key":"Dexterity Potion"},{"floor":11,"key":"Block Potion"},{"floor":19,"key":"Block Potion"},{"floor":20,"key":"FairyPotion"},{"floor":20,"key":"Strength Potion"},{"floor":20,"key":"GhostInAJar"},{"floor":25,"key":"Block Potion"}],"is_trial":false,"path_per_floor":["M","?","M","$","?","R","E","R","T","E","M","M","M","$","R","B",null,"M","M","?","$","M","R","M","M","T","R","M","R","M","M","R","B"],"character_chosen":"THE_SILENT","items_purchased":["All Out Attack","Leg Sweep","Sucker Punch"],"campfire_rested":1,"item_purchase_floors":[4,4,14],"current_hp_per_floor":[70,70,67,67,67,67,59,59,59,31,31,31,31,31,54,40,77,77,70,70,70,67,67,67,56,56,56,52,52,50,37,37,0],"gold":183,"neow_bonus":"RANDOM_COLORLESS","is_prod":false,"is_daily":false,"chose_seed":false,"campfire_upgraded":6,"win_rate":0,"timestamp":1556482594,"path_taken":["M","?","M","$","?","R","E","R","T","E","M","M","M","$","R","BOSS","M","M","?","$","M","R","M","M","T","R","M","R","?","?","R","BOSS"],"build_version":"2019-01-23","purchased_purges":2,"victory":false,"max_hp_per_floor":[70,70,70,70,70,70,77,77,77,77,77,77,77,77,77,77,77,77,77,77,77,77,77,77,77,77,77,77,77,77,77,77,77],"card_choices":[{"not_picked":["Noxious Fumes","Accuracy"],"picked":"Dagger Throw","floor":1},{"not_picked":["Underhanded Strike","Acrobatics"],"picked":"Blur","floor":3},{"not_picked":["Dagger Spray","Setup","PiercingWail"],"picked":"SKIP","floor":7},{"not_picked":["Cloak And Dagger","PiercingWail"],"picked":"Terror","floor":10},{"not_picked":["Storm of Steel","PiercingWail","Dodge and Roll"],"picked":"SKIP","floor":11},{"not_picked":["Escape Plan","Prepared","Slice"],"picked":"SKIP","floor":12},{"not_picked":["Cloak And Dagger","Outmaneuver","Concentrate"],"picked":"SKIP","floor":13},{"not_picked":["Wraith Form v2","Unload"],"picked":"Adrenaline","floor":16},{"not_picked":["Flying Knee","Predator+1","Prepared+1"],"picked":"SKIP","floor":18},{"not_picked":["Accuracy","Dash"],"picked":"Poisoned Stab","floor":19},{"not_picked":["Dagger Throw","Bane","Slice"],"picked":"SKIP","floor":22},{"not_picked":["Well Laid Plans","Masterful Stab","Quick Slash"],"picked":"SKIP","floor":24},{"not_picked":["Concentrate","Cloak And Dagger","Outmaneuver+1"],"picked":"SKIP","floor":25},{"not_picked":["A Thousand Cuts","Finisher"],"picked":"Bouncing Flask","floor":28},{"not_picked":["Underhanded Strike","Deflect"],"picked":"Poisoned Stab+1","floor":30},{"not_picked":["Flying Knee","Backstab"],"picked":"Dash","floor":31}],"player_experience":252488,"relics_obtained":[{"floor":7,"key":"Strawberry"},{"floor":9,"key":"Snake Skull"},{"floor":10,"key":"Pocketwatch"},{"floor":26,"key":"Dream Catcher"}],"event_choices":[{"damage_healed":0,"gold_gain":0,"player_choice":"Box","damage_taken":0,"relics_obtained":["Boot"],"max_hp_gain":0,"max_hp_loss":0,"event_name":"Big Fish","floor":2,"gold_loss":0,"cards_obtained":["Regret"]},{"damage_healed":0,"gold_gain":0,"player_choice":"Leave","damage_taken":0,"max_hp_gain":0,"max_hp_loss":0,"event_name":"The Cleric","floor":5,"gold_loss":0},{"damage_healed":0,"gold_gain":0,"player_choice":"Got Potions","damage_taken":0,"max_hp_gain":0,"max_hp_loss":0,"event_name":"Lab","floor":20,"gold_loss":0}],"is_beta":false,"boss_relics":[{"not_picked":["WristBlade","Runic Pyramid"],"picked":"Coffee Dripper"}],"items_purged_floors":[14,21],"is_endless":false,"potions_floor_spawned":[1,10,11,19,25],"killed_by":"Collector","ascension_level":4}