{"gold_per_floor":[114,126,143,154,154,183,28,28,53,84,94,94],"floor_reached":12,"playtime":360,"items_purged":["Strike_B"],"score":95,"play_id":"7c6c9fde-6eaa-43f9-90cf-d2a5ef2b15f0","local_time":"20190530180541","is_ascension_mode":true,"campfire_choices":[{"floor":8,"key":"REST"}],"neow_cost":"NONE","seed_source_timestamp":5567596620369,"circlet_count":0,"master_deck":["Strike_B","Strike_B","Strike_B","Defend_B","Defend_B","Defend_B","Defend_B","Zap","Dualcast","Genetic Algorithm","Undo","Scrape","Recycle","Defragment","Hyperbeam"],"relics":["Snecko Eye","DataDisk","Bronze Scales","Lantern"],"potions_floor_usage":[6],"damage_taken":[{"damage":0,"enemies":"Small Slimes","floor":1,"turns":3},{"damage":0,"enemies":"Cultist","floor":2,"turns":3},{"damage":4,"enemies":"Jaw Worm","floor":3,"turns":6},{"damage":7,"enemies":"Large Slime","floor":4,"turns":7},{"damage":46,"enemies":"Gremlin Nob","floor":6,"turns":6},{"damage":5,"enemies":"Lagavulin","floor":10,"turns":7},{"damage":0,"enemies":"3 Louse","floor":11,"turns":2},{"damage":48,"enemies":"Gremlin Nob","floor":12,"turns":4}],"seed_played":"7460671485298650854","potions_obtained":[{"floor":2,"key":"SpeedPotion"},{"floor":3,"key":"Block Potion"},{"floor":5,"key":"FocusPotion"},{"floor":10,"key":"Poison Potion"},{"floor":11,"key":"FocusPotion"}],"is_trial":false,"path_per_floor":["M","M","M","M","?","E","$","R","T","E","M","E"],"character_chosen":"DEFECT","items_purchased":["Defragment"],"campfire_rested":1,"item_purchase_floors":[7],"current_hp_per_floor":[75,75,71,64,64,18,18,40,40,35,35,0],"gold":94,"neow_bonus":"BOSS_RELIC","is_prod":false,"is_daily":false,"chose_seed":false,"campfire_upgraded":0,"win_rate":0,"timestamp":1559232341,"path_taken":["M","M","M","M","?","E","?","R","T","E","M","E"],"build_version":"2019-05-28","purchased_purges":1,"victory":false,"max_hp_per_floor":[75,75,75,75,75,75,75,75,75,75,75,75],"card_choices":[{"not_picked":["Hologram","Chill"],"picked":"Genetic Algorithm","floor":1},{"not_picked":["Aggregate","Cold Snap"],"picked":"Undo","floor":2},{"not_picked":["Gash","Barrage"],"picked":"Scrape","floor":3},{"not_picked":["Beam Cell","FTL","Auto Shields"],"picked":"SKIP","floor":4},{"not_picked":["Rip and Tear","Conserve Battery"],"picked":"Recycle","floor":6},{"not_picked":["Ball Lightning","Streamline"],"picked":"Hyperbeam","floor":10},{"not_picked":["Rebound","Blizzard","Turbo"],"picked":"SKIP","floor":11}],"player_experience":1623042,"relics_obtained":[{"floor":6,"key":"DataDisk"},{"floor":9,"key":"Bronze Scales"},{"floor":10,"key":"Lantern"}],"event_choices":[{"damage_healed":0,"gold_gain":0,"player_choice":"Got Potions","damage_taken":0,"max_hp_gain":0,"max_hp_loss":0,"event_name":"Lab","floor":5,"gold_loss":0}],"is_beta":true,"boss_relics":[],"items_purged_floors":[7],"is_endless":false,"potions_floor_spawned":[2,3,10,11],"killed_by":"Gremlin Nob","ascension_level":1}