{"gold_per_floor":[217,167,182,194,212,212,245,245,245,420,445,462,462,479,479,479],"floor_reached":16,"playtime":970,"items_purged":[],"score":112,"play_id":"745c2a6b-91e3-432a-bd56-71f6ed7dc4b9","local_time":"20190328171133","is_ascension_mode":false,"campfire_choices":[{"data":"True Grit","floor":8,"key":"SMITH"},{"floor":13,"key":"REST"},{"floor":15,"key":"REST"}],"neow_cost":"NONE","seed_source_timestamp":5531003234200,"circlet_count":0,"master_deck":["Strike_R","Strike_R","Strike_R","Defend_R","Defend_R","Defend_R","Defend_R","Bash","True Grit+1","Wild Strike","True Grit","Reckless Charge","Doubt","Seeing Red"],"relics":["Burning Blood","Magic Flower","Darkstone Periapt","Mummified Hand"],"potions_floor_usage":[7,11,11,16],"damage_taken":[{"damage":14,"enemies":"Jaw Worm","floor":1,"turns":4},{"damage":5,"enemies":"Small Slimes","floor":3,"turns":4},{"damage":0,"enemies":"2 Louse","floor":4,"turns":4},{"damage":7,"enemies":"Looter","floor":5,"turns":4},{"damage":29,"enemies":"Lagavulin","floor":7,"turns":7},{"damage":66,"enemies":"3 Sentries","floor":11,"turns":17},{"damage":16,"enemies":"Exordium Wildlife","floor":12,"turns":6},{"damage":3,"enemies":"Large Slime","floor":14,"turns":6},{"damage":71,"enemies":"The Guardian","floor":16,"turns":17}],"seed_played":"4341995264918358827","potions_obtained":[{"floor":4,"key":"Regen Potion"},{"floor":5,"key":"PowerPotion"},{"floor":7,"key":"SkillPotion"},{"floor":14,"key":"Dexterity Potion"}],"is_trial":false,"path_per_floor":["M","?","M","M","M","?","E","R","T","?","E","M","R","M","R","B"],"character_chosen":"IRONCLAD","items_purchased":[],"campfire_rested":2,"item_purchase_floors":[],"current_hp_per_floor":[72,72,73,79,78,71,48,48,48,54,21,14,39,45,70,0],"gold":479,"neow_bonus":"HUNDRED_GOLD","is_prod":false,"is_daily":false,"chose_seed":false,"campfire_upgraded":1,"win_rate":0,"timestamp":1553818293,"path_taken":["M","?","M","M","M","?","E","R","T","?","E","M","R","M","R","BOSS"],"build_version":"2019-01-23","purchased_purges":0,"victory":false,"max_hp_per_floor":[80,80,80,80,80,80,80,80,80,86,86,86,86,86,86,86],"card_choices":[{"not_picked":["Thunderclap","Pummel"],"picked":"True Grit","floor":1},{"not_picked":["Uppercut","Armaments"],"picked":"Wild Strike","floor":3},{"not_picked":["Sword Boomerang","Thunderclap","Iron Wave"],"picked":"SKIP","floor":4},{"not_picked":["Wild Strike","Warcry"],"picked":"True Grit","floor":5},{"not_picked":["Clothesline","Metallicize"],"picked":"Reckless Charge","floor":7},{"not_picked":["Shrug It Off","Exhume"],"picked":"Seeing Red","floor":11},{"not_picked":["Anger","True Grit","Iron Wave"],"picked":"SKIP","floor":12},{"not_picked":["Armaments","Entrench","Flex"],"picked":"SKIP","floor":14}],"player_experience":179026,"relics_obtained":[{"floor":7,"key":"Magic Flower"},{"floor":9,"key":"Darkstone Periapt"},{"floor":11,"key":"Mummified Hand"}],"event_choices":[{"cards_removed":["Strike_R"],"damage_healed":0,"gold_gain":0,"player_choice":"Card Removal","damage_taken":0,"max_hp_gain":0,"max_hp_loss":0,"event_name":"The Cleric","floor":2,"gold_loss":50},{"cards_removed":["Strike_R"],"damage_healed":0,"gold_gain":0,"player_choice":"Card Removal","damage_taken":7,"max_hp_gain":0,"max_hp_loss":0,"event_name":"Golden Wing","floor":6,"gold_loss":0},{"damage_healed":0,"gold_gain":175,"player_choice":"AGREE","damage_taken":0,"max_hp_gain":0,"max_hp_loss":0,"event_name":"Liars Game","floor":10,"gold_loss":0,"cards_obtained":["Doubt"]}],"is_beta":false,"boss_relics":[],"items_purged_floors":[],"is_endless":false,"potions_floor_spawned":[4,5,7,14],"killed_by":"The Guardian","ascension_level":0}