{"gold_per_floor":[111,111,36,36,36,62,74,74,74,74,109,125,150,170,170,170],"floor_reached":16,"playtime":444,"items_purged":[],"score":286,"play_id":"346d69f7-d16e-46fa-bd06-6c61899e5d29","local_time":"20190524200207","is_ascension_mode":true,"campfire_choices":[{"data":"Bash","floor":8.0,"key":"SMITH"},{"data":"Berserk","floor":10.0,"key":"SMITH"},{"data":"Dual Wield","floor":15.0,"key":"SMITH"}],"neow_cost":"NONE","seed_source_timestamp":612414210288427,"circlet_count":0,"master_deck":["AscendersBane","Strike_R","Strike_R","Strike_R","Strike_R","Strike_R","Defend_R","Defend_R","Defend_R","Bash+1","Metallicize","Berserk+1","Thunderclap","Flame Barrier","Twin Strike","Feed","Dual Wield+1"],"special_seed":0,"relics":["Burning Blood","NeowsBlessing","Paper Frog","Dodecahedron","Ancient Tea Set","Omamori","Turnip"],"potions_floor_usage":[16],"damage_taken":[{"damage":0.0,"enemies":"Small Slimes","floor":1.0,"turns":1.0},{"damage":0.0,"enemies":"Gremlin Nob","floor":6.0,"turns":1.0},{"damage":0.0,"enemies":"Jaw Worm","floor":7.0,"turns":1.0},{"damage":14.0,"enemies":"Lagavulin","floor":11.0,"turns":7.0},{"damage":2.0,"enemies":"2 Louse","floor":12.0,"turns":3.0},{"damage":9.0,"enemies":"Gremlin Nob","floor":13.0,"turns":3.0},{"damage":19.0,"enemies":"Red Slaver","floor":14.0,"turns":4.0},{"damage":63,"enemies":"Hexaghost","floor":16,"turns":9}],"seed_played":"-8537475622323831347","potions_obtained":[{"floor":7.0,"key":"Energy Potion"},{"floor":12.0,"key":"GamblersBrew"}],"is_trial":false,"path_per_floor":["M","?","?","$","?","E","M","R","T","R","E","M","E","M","R","B"],"character_chosen":"IRONCLAD","items_purchased":[],"campfire_rested":0,"item_purchase_floors":[],"current_hp_per_floor":[74,74,74,74,74,75,75,75,75,75,67,71,68,58,58,0],"gold":170,"neow_bonus":"THREE_ENEMY_KILL","is_prod":false,"is_daily":false,"chose_seed":false,"campfire_upgraded":3,"win_rate":0,"timestamp":1558720927,"path_taken":["M","?","?","$","?","E","M","R","T","R","E","M","E","M","R","BOSS"],"build_version":"2019-01-23","purchased_purges":0,"victory":false,"max_hp_per_floor":[75,75,75,75,75,75,75,75,75,75,75,75,75,78,78,78],"card_choices":[{"not_picked":["Armaments","Thunderclap"],"picked":"Metallicize","floor":1.0},{"not_picked":["Flex","Burning Pact"],"picked":"Berserk","floor":6.0},{"not_picked":["Twin Strike","Combust"],"picked":"Thunderclap","floor":7.0},{"not_picked":["Armaments","Heavy Blade"],"picked":"Flame Barrier","floor":11.0},{"not_picked":["Body Slam","Searing Blow"],"picked":"Twin Strike","floor":12.0},{"not_picked":["Rupture","Clash"],"picked":"Feed","floor":13.0},{"not_picked":["Evolve","Combust"],"picked":"Dual Wield","floor":14.0}],"player_experience":385585,"relics_obtained":[{"floor":6.0,"key":"Dodecahedron"},{"floor":9.0,"key":"Ancient Tea Set"},{"floor":11.0,"key":"Omamori"},{"floor":13.0,"key":"Turnip"}],"event_choices":[{"damage_healed":0.0,"max_hp_gain":0.0,"max_hp_loss":0.0,"gold_gain":0.0,"event_name":"Big Fish","player_choice":"Box","floor":2.0,"gold_loss":0.0,"damage_taken":0.0,"relics_obtained":["Paper Frog"],"cards_obtained":["Regret"]},{"cards_removed":["Regret"],"damage_healed":0.0,"max_hp_gain":0.0,"max_hp_loss":0.0,"gold_gain":0.0,"event_name":"The Cleric","player_choice":"Card Removal","floor":3.0,"gold_loss":75.0,"damage_taken":0.0},{"cards_removed":["Defend_R"],"damage_healed":0.0,"max_hp_gain":0.0,"max_hp_loss":0.0,"gold_gain":0.0,"event_name":"Bonfire Elementals","player_choice":"Offered Basic","floor":5.0,"gold_loss":0.0,"damage_taken":0.0}],"is_beta":false,"boss_relics":[],"items_purged_floors":[],"is_endless":false,"potions_floor_spawned":[7,12],"killed_by":"Hexaghost","ascension_level":20}