{"gold_per_floor":[114,132,207,5,24,54,54,84,84,84,94,94,104,132,132,209,209,220,135,135],"floor_reached":20,"playtime":1030,"items_purged":[],"score":391,"play_id":"234a8cb7-c80d-44bc-b5a7-49b6e2f1159c","local_time":"20190523175432","is_ascension_mode":true,"campfire_choices":[{"floor":7,"key":"REST"},{"data":"Pommel Strike","floor":10,"key":"SMITH"},{"data":"Pommel Strike","floor":12,"key":"SMITH"},{"floor":15,"key":"REST"}],"neow_cost":"NONE","seed_source_timestamp":517940336881868,"circlet_count":0,"master_deck":["AscendersBane","Strike_R","Strike_R","Strike_R","Strike_R","Strike_R","Defend_R","Defend_R","Defend_R","Bash","Burning Pact","Anger","Corruption","Pommel Strike+1","Flash of Steel","Pommel Strike+1","Flame Barrier","Feel No Pain","Armaments","Iron Wave","Flame Barrier","Barricade"],"relics":["Burning Blood","Blue Candle","Bottled Flame","Mummified Hand","Sundial","Runic Pyramid","Mercury Hourglass"],"potions_floor_usage":[2,8,14],"damage_taken":[{"damage":5,"enemies":"2 Louse","floor":1,"turns":3},{"damage":0,"enemies":"Small Slimes","floor":2,"turns":2},{"damage":12,"enemies":"Jaw Worm","floor":5,"turns":2},{"damage":45,"enemies":"3 Sentries","floor":6,"turns":7},{"damage":3,"enemies":"Lagavulin","floor":8,"turns":5},{"damage":16,"enemies":"3 Louse","floor":11,"turns":4},{"damage":21,"enemies":"Exordium Wildlife","floor":13,"turns":4},{"damage":0,"enemies":"Gremlin Nob","floor":14,"turns":4},{"damage":38,"enemies":"Slime Boss","floor":16,"turns":11},{"damage":0,"enemies":"Spheric Guardian","floor":18,"turns":4},{"damage":33,"enemies":"Colosseum Slavers","floor":20,"turns":6},{"damage":62,"enemies":"Colosseum Nobs","floor":20,"turns":5}],"seed_played":"5829947447042919809","potions_obtained":[{"floor":1,"key":"Fire Potion"},{"floor":6,"key":"Fire Potion"},{"floor":11,"key":"FearPotion"}],"is_trial":false,"path_per_floor":["M","M","?","$","M","E","R","E","T","R","M","R","M","E","R","B",null,"M","?","?"],"character_chosen":"IRONCLAD","items_purchased":["Corruption","Pommel Strike","Flash of Steel"],"campfire_rested":2,"item_purchase_floors":[4,4,4],"current_hp_per_floor":[69,75,64,64,58,19,41,44,44,44,34,34,19,25,47,15,60,66,66,0],"gold":135,"neow_bonus":"REMOVE_CARD","is_prod":false,"is_daily":false,"chose_seed":false,"campfire_upgraded":2,"win_rate":0,"timestamp":1558626872,"path_taken":["M","M","?","$","M","E","R","E","T","R","M","R","M","E","R","BOSS","M","?","?"],"build_version":"2019-01-23","purchased_purges":0,"victory":false,"max_hp_per_floor":[75,75,75,75,75,75,75,75,75,75,75,75,75,75,75,75,75,75,75,75],"card_choices":[{"not_picked":["Body Slam","Clothesline"],"picked":"Burning Pact","floor":1},{"not_picked":["Sword Boomerang","Havoc"],"picked":"Anger","floor":2},{"not_picked":["Anger","Perfected Strike"],"picked":"Pommel Strike","floor":5},{"not_picked":["Shrug It Off","Thunderclap"],"picked":"Flame Barrier","floor":6},{"not_picked":["Fiend Fire","Twin Strike"],"picked":"Feel No Pain","floor":8},{"not_picked":["Headbutt","Havoc"],"picked":"Armaments","floor":11},{"not_picked":["Wild Strike","Rage"],"picked":"Iron Wave","floor":13},{"not_picked":["Armaments","Hemokinesis"],"picked":"Flame Barrier","floor":14},{"not_picked":["Exhume","Feed"],"picked":"Barricade","floor":16},{"not_picked":["Dropkick","Clash","Thunderclap"],"picked":"SKIP","floor":18}],"player_experience":357622,"relics_obtained":[{"floor":6,"key":"Blue Candle"},{"floor":8,"key":"Bottled Flame"},{"floor":9,"key":"Mummified Hand"},{"floor":14,"key":"Sundial"}],"event_choices":[{"damage_healed":0,"gold_gain":75,"player_choice":"Gather Gold","damage_taken":11,"max_hp_gain":0,"max_hp_loss":0,"event_name":"World of Goop","floor":3,"gold_loss":0},{"damage_healed":0,"gold_gain":0,"player_choice":"Obtained Relic","damage_taken":0,"relics_obtained":["Mercury Hourglass"],"max_hp_gain":0,"max_hp_loss":0,"event_name":"Addict","floor":19,"gold_loss":85},{"damage_healed":0,"gold_gain":0,"player_choice":"Fight","damage_taken":0,"max_hp_gain":0,"max_hp_loss":0,"event_name":"Colosseum","floor":20,"gold_loss":0},{"damage_healed":0,"gold_gain":0,"player_choice":"Fought Nobs","damage_taken":0,"max_hp_gain":0,"max_hp_loss":0,"event_name":"Colosseum","floor":20,"gold_loss":0}],"is_beta":false,"boss_relics":[{"not_picked":["Black Blood","Empty Cage"],"picked":"Runic Pyramid"}],"items_purged_floors":[],"is_endless":false,"potions_floor_spawned":[1,6,11],"killed_by":"Colosseum Nobs","ascension_level":16}