{"gold_per_floor":[19,37,49,49,69,69,102,102,184,184,184,211,231,56,56,130,130,145,60,60,72,72,72,98,112,137,137,137,164,181,201,201,201],"floor_reached":33,"playtime":2003,"items_purged":["Strike_B"],"score":570,"play_id":"3eb530e6-06b3-49ec-b81f-e41392dba976","local_time":"20190629100947","is_ascension_mode":true,"campfire_choices":[{"data":"Barrage","floor":6.0,"key":"SMITH"},{"data":"Sunder","floor":8.0,"key":"SMITH"},{"data":"Beam Cell","floor":10.0,"key":"SMITH"},{"floor":15.0,"key":"REST"},{"floor":23.0,"key":"REST"},{"floor":27.0,"key":"REST"},{"data":"Ghostly","floor":32.0,"key":"SMITH"}],"neow_cost":"NO_GOLD","seed_source_timestamp":143624845959501,"circlet_count":0,"master_deck":["AscendersBane","Defend_B","Defend_B","Defend_B","Defend_B","Zap","Dualcast","Darkness","Beam Cell+1","Barrage+1","Coolheaded","Sunder+1","Ball Lightning","Doom and Gloom","Panacea","Biased Cognition","Genetic Algorithm","Consume+1","Leap","Steam","Force Field","Ghostly+1","Ghostly","Ghostly","Sunder"],"special_seed":0,"relics":["Cracked Core","Peace Pipe","Bag of Marbles","Mummified Hand","Odd Mushroom","Snecko Eye","Strawberry","Lantern","Darkstone Periapt"],"potions_floor_usage":[33,33],"damage_taken":[{"damage":1.0,"enemies":"Cultist","floor":1.0,"turns":4.0},{"damage":3.0,"enemies":"Small Slimes","floor":2.0,"turns":3.0},{"damage":1.0,"enemies":"2 Louse","floor":3.0,"turns":3.0},{"damage":6.0,"enemies":"Looter","floor":5.0,"turns":3.0},{"damage":23.0,"enemies":"3 Sentries","floor":7.0,"turns":9.0},{"damage":3.0,"enemies":"The Mushroom Lair","floor":12.0,"turns":3.0},{"damage":0.0,"enemies":"2 Fungi Beasts","floor":13.0,"turns":2.0},{"damage":38.0,"enemies":"The Guardian","floor":16.0,"turns":12.0},{"damage":0.0,"enemies":"Chosen","floor":18.0,"turns":3.0},{"damage":9.0,"enemies":"Spheric Guardian","floor":21.0,"turns":3.0},{"damage":27.0,"enemies":"Slavers","floor":24.0,"turns":4.0},{"damage":8.0,"enemies":"Centurion and Healer","floor":25.0,"turns":7.0},{"damage":6.0,"enemies":"Gremlin Leader","floor":29.0,"turns":7.0},{"damage":2.0,"enemies":"3 Cultists","floor":30.0,"turns":4.0},{"damage":0.0,"enemies":"Snake Plant","floor":31.0,"turns":3.0},{"damage":58,"enemies":"Automaton","floor":33,"turns":6}],"seed_played":"-5490920683389370814","potions_obtained":[{"floor":2.0,"key":"Fire Potion"},{"floor":5.0,"key":"Block Potion"},{"floor":12.0,"key":"FearPotion"},{"floor":16.0,"key":"FocusPotion"},{"floor":24.0,"key":"Ancient Potion"}],"is_trial":false,"path_per_floor":["M","M","M","?","M","R","E","R","T","R","?","?","M","$","R","B",null,"M","?","$","M","?","R","E","M","T","R","?","E","M","M","R","B"],"character_chosen":"DEFECT","items_purchased":["Panacea"],"campfire_rested":3,"item_purchase_floors":[14],"current_hp_per_floor":[63,60,59,59,53,53,30,30,30,30,30,27,27,27,48,10,56,56,63,63,54,54,77,50,42,42,65,39,33,31,31,31,0],"gold":201,"neow_bonus":"TRANSFORM_TWO_CARDS","is_prod":false,"is_daily":false,"chose_seed":false,"campfire_upgraded":4,"win_rate":0,"timestamp":1561828187,"path_taken":["M","?","M","?","?","R","E","R","T","R","?","?","M","$","R","BOSS","M","?","$","M","?","R","E","M","T","R","?","E","M","M","R","BOSS"],"build_version":"2019-06-28","purchased_purges":1,"victory":false,"max_hp_per_floor":[71,71,71,71,71,71,71,71,71,71,71,71,71,71,71,71,71,71,78,78,78,78,78,78,78,78,78,39,39,39,39,39,39],"card_choices":[{"not_picked":["Turbo","Aggregate"],"picked":"Barrage","floor":1.0},{"not_picked":["Steam","Lockon"],"picked":"Go for the Eyes","floor":2.0},{"not_picked":["Leap","Beam Cell"],"picked":"Coolheaded","floor":3.0},{"not_picked":["Hello World","Hologram","Steam"],"picked":"SKIP","floor":5.0},{"not_picked":["Cold Snap","Stack"],"picked":"Sunder","floor":7.0},{"not_picked":["Stack","Streamline"],"picked":"Ball Lightning","floor":12.0},{"not_picked":["Steam","Hyperbeam"],"picked":"Doom and Gloom","floor":13.0},{"not_picked":["Amplify","Machine Learning"],"picked":"Biased Cognition","floor":16.0},{"not_picked":["Sweeping Beam+1","Go for the Eyes"],"picked":"Genetic Algorithm","floor":18.0},{"not_picked":["Gash","Reinforced Body"],"picked":"Consume+1","floor":21.0},{"not_picked":["Conserve Battery","Melter"],"picked":"Force Field","floor":24.0},{"not_picked":["Hello World","Gash","Sweeping Beam"],"picked":"SKIP","floor":25.0},{"not_picked":["Machine Learning","Steam+1"],"picked":"Sunder","floor":29.0},{"not_picked":["Sweeping Beam","Beam Cell","Stack"],"picked":"SKIP","floor":30.0},{"not_picked":["Hologram","Rebound","Turbo"],"picked":"SKIP","floor":31.0}],"player_experience":1711760,"relics_obtained":[{"floor":7.0,"key":"Bag of Marbles"},{"floor":9.0,"key":"Mummified Hand"},{"floor":12.0,"key":"Odd Mushroom"},{"floor":24.0,"key":"Lantern"},{"floor":29.0,"key":"Darkstone Periapt"}],"event_choices":[{"damage_healed":0.0,"max_hp_gain":0.0,"max_hp_loss":0.0,"gold_gain":0.0,"event_name":"WeMeetAgain","player_choice":"Gave Potion","floor":4.0,"gold_loss":0.0,"damage_taken":0.0,"relics_obtained":["Peace Pipe"]},{"damage_healed":0.0,"max_hp_gain":0.0,"max_hp_loss":0.0,"gold_gain":0.0,"event_name":"Liars Game","player_choice":"Ignored","floor":11.0,"gold_loss":0.0,"damage_taken":0.0},{"damage_healed":0.0,"max_hp_gain":0.0,"max_hp_loss":0.0,"gold_gain":0.0,"event_name":"Mushrooms","player_choice":"Fought Mushrooms","floor":12.0,"gold_loss":0.0,"damage_taken":0.0},{"damage_healed":0.0,"max_hp_gain":0.0,"max_hp_loss":0.0,"gold_gain":0.0,"event_name":"Addict","player_choice":"Obtained Relic","floor":19.0,"gold_loss":85.0,"damage_taken":0.0,"relics_obtained":["Strawberry"]},{"damage_healed":0.0,"max_hp_gain":0.0,"max_hp_loss":0.0,"gold_gain":0.0,"cards_transformed":["Strike_B","Go for the Eyes"],"event_name":"Drug Dealer","player_choice":"Became Test Subject","floor":22.0,"gold_loss":0.0,"damage_taken":0.0,"cards_obtained":["Leap","Steam"]},{"damage_healed":0.0,"max_hp_gain":0.0,"max_hp_loss":39.0,"gold_gain":0.0,"event_name":"Ghosts","player_choice":"Became a Ghost","floor":28.0,"gold_loss":0.0,"damage_taken":0.0,"cards_obtained":["Ghostly","Ghostly","Ghostly"]}],"is_beta":true,"boss_relics":[{"not_picked":["Velvet Choker","Inserter"],"picked":"Snecko Eye"}],"items_purged_floors":[14],"is_endless":false,"potions_floor_spawned":[2,5,12,16,18,24,29,31],"killed_by":"Automaton","ascension_level":20}