{"gold_per_floor":[118,118,138,154,59,59,90,90,113,126,126,138,173,185,185,258,308,327,89,89,139,139],"floor_reached":22,"playtime":581,"items_purged":["Strike_B"],"score":388,"play_id":"7858283b-2960-497f-abe1-f6cc3abd744d","local_time":"20190530174107","is_ascension_mode":true,"campfire_choices":[{"data":"Loop","floor":6.0,"key":"SMITH"},{"floor":8.0,"key":"REST"},{"data":"Darkness","floor":11.0,"key":"SMITH"},{"floor":15.0,"key":"REST"}],"neow_cost":"NONE","seed_source_timestamp":3731404429234,"circlet_count":0,"master_deck":["AscendersBane","Strike_B","Strike_B","Strike_B","Defend_B","Defend_B+1","Defend_B","Defend_B+1","Zap","Dualcast","Sweeping Beam","Darkness+1","Loop+1","Self Repair","Cold Snap","Glacier","Seek","BootSequence+1","Conserve Battery","Fusion","Multi-Cast","Genetic Algorithm","Defragment"],"special_seed":0,"relics":["Cracked Core","Boot","War Paint","Lantern","Tiny House","Enchiridion"],"potions_floor_usage":[],"damage_taken":[{"damage":3.0,"enemies":"Small Slimes","floor":1.0,"turns":4.0},{"damage":0.0,"enemies":"Cultist","floor":3.0,"turns":3.0},{"damage":9.0,"enemies":"Jaw Worm","floor":4.0,"turns":4.0},{"damage":54.0,"enemies":"Gremlin Nob","floor":7.0,"turns":5.0},{"damage":3.0,"enemies":"Gremlin Gang","floor":10.0,"turns":4.0},{"damage":13.0,"enemies":"Lots of Slimes","floor":12.0,"turns":7.0},{"damage":14.0,"enemies":"3 Sentries","floor":13.0,"turns":10.0},{"damage":5.0,"enemies":"3 Louse","floor":14.0,"turns":3.0},{"damage":26.0,"enemies":"Slime Boss","floor":16.0,"turns":6.0},{"damage":13,"enemies":"Chosen","floor":18,"turns":4},{"damage":32,"enemies":"3 Byrds","floor":22,"turns":4}],"seed_played":"3743131779498098395","potions_obtained":[{"floor":0.0,"key":"Regen Potion"},{"floor":0.0,"key":"FairyPotion"},{"floor":0.0,"key":"SkillPotion"},{"floor":7.0,"key":"PowerPotion"},{"floor":16.0,"key":"SkillPotion"}],"is_trial":false,"path_per_floor":["M","?","M","M","$","R","E","R","T","M","R","M","E","M","R","B",null,"M","$","?","?","M"],"character_chosen":"DEFECT","items_purchased":["Self Repair","Cold Snap","Defragment","FocusPotion"],"campfire_rested":2,"item_purchase_floors":[5,5,19,19],"current_hp_per_floor":[61,57,69,60,60,60,13,34,34,31,31,25,18,20,41,22,64,51,51,30,30,0],"gold":139,"neow_bonus":"THREE_SMALL_POTIONS","is_prod":false,"is_daily":false,"chose_seed":false,"campfire_upgraded":2,"win_rate":0,"timestamp":1559230867,"path_taken":["M","?","M","M","$","R","E","R","T","M","R","M","E","?","R","BOSS","M","$","?","?","M"],"build_version":"2019-05-28","purchased_purges":1,"victory":false,"max_hp_per_floor":[71,71,71,71,71,71,71,71,71,71,71,71,71,71,71,71,76,76,76,76,76,76],"card_choices":[{"not_picked":["Rebound","Redo"],"picked":"Sweeping Beam","floor":1.0},{"not_picked":["Compile Driver","Redo"],"picked":"Darkness","floor":3.0},{"not_picked":["Redo","Scrape"],"picked":"Loop","floor":4.0},{"not_picked":["Auto Shields","White Noise"],"picked":"Glacier","floor":7.0},{"not_picked":["Barrage","FTL"],"picked":"Seek","floor":10.0},{"not_picked":["Steam Power","Tempest"],"picked":"BootSequence","floor":12.0},{"not_picked":["Hologram","Cold Snap"],"picked":"Conserve Battery","floor":13.0},{"not_picked":["Ball Lightning","Turbo"],"picked":"Fusion","floor":14.0},{"not_picked":["Buffer","Reboot"],"picked":"Multi-Cast","floor":16.0},{"not_picked":["Compile Driver","Blizzard"],"picked":"Genetic Algorithm","floor":17.0},{"not_picked":["Recycle","Aggregate","Ball Lightning+1"],"picked":"SKIP","floor":18}],"player_experience":1621427,"relics_obtained":[{"floor":7.0,"key":"Boot"},{"floor":9.0,"key":"War Paint"},{"floor":13.0,"key":"Lantern"},{"floor":20,"key":"Enchiridion"}],"event_choices":[{"damage_healed":0.0,"max_hp_gain":0.0,"max_hp_loss":0.0,"gold_gain":0.0,"event_name":"The Woman in Blue","player_choice":"Bought 0 Potions","floor":2.0,"gold_loss":0.0,"damage_taken":0.0},{"damage_healed":0,"gold_gain":0,"player_choice":"Obtained Book","damage_taken":21,"max_hp_gain":0,"max_hp_loss":0,"event_name":"Cursed Tome","floor":20,"gold_loss":0},{"damage_healed":0,"gold_gain":50,"player_choice":"Stole From Cult","damage_taken":0,"max_hp_gain":0,"max_hp_loss":0,"event_name":"Nest","floor":21,"gold_loss":0}],"is_beta":true,"boss_relics":[{"not_picked":["Runic Dome","White Beast Statue"],"picked":"Tiny House"}],"items_purged_floors":[19],"is_endless":false,"potions_floor_spawned":[1,7,16],"killed_by":"3 Byrds","ascension_level":20}