{"gold_per_floor":[14,14,14,25,36,36,67,83,129,159,159,174,174,225,225,320,320,336,111,126,76,0,30,30,61,61,61,93,113,126,143,143,239,239,254,270,270,270],"floor_reached":38,"playtime":1875,"items_purged":[],"score":705,"play_id":"cfbbaad0-6f3f-4a17-8e89-b3efb9c38c3f","local_time":"20190328180152","is_ascension_mode":true,"campfire_choices":[{"data":"Flex","floor":6.0,"key":"SMITH"},{"data":"Flex","floor":11.0,"key":"SMITH"},{"data":"Dropkick","floor":13.0,"key":"SMITH"},{"data":"Clash","floor":15.0,"key":"SMITH"},{"data":"Warcry","floor":24.0,"key":"SMITH"},{"data":"Evolve","floor":27.0,"key":"SMITH"},{"data":"Warcry","floor":32,"key":"SMITH"}],"neow_cost":"NO_GOLD","seed_source_timestamp":183135088721989,"circlet_count":0,"master_deck":["Bash+1","Dropkick+1","Headbutt","Flex+1","Flex+1","Dropkick+1","Clash+1","Limit Break","Heavy Blade","Shockwave","Flex","Flex","Carnage","Warcry","Warcry+1","Inflame","Metallicize","Warcry+1","Anger","Rage","Evolve+1","Feed","Shockwave+1","Battle Trance+1"],"special_seed":0,"relics":["Burning Blood","Torii","Mercury Hourglass","Omamori","Orichalcum","Boot","Pandora\u0027s Box","TheAbacus","Prayer Wheel","Lantern","Potion Belt","Fusion Hammer"],"potions_floor_usage":[33,33,36],"damage_taken":[{"damage":2.0,"enemies":"Cultist","floor":1.0,"turns":4.0},{"damage":0.0,"enemies":"Small Slimes","floor":4.0,"turns":2.0},{"damage":1.0,"enemies":"Jaw Worm","floor":5.0,"turns":3.0},{"damage":0.0,"enemies":"Gremlin Nob","floor":7.0,"turns":2.0},{"damage":8.0,"enemies":"Blue Slaver","floor":8.0,"turns":2.0},{"damage":35.0,"enemies":"Lagavulin","floor":10.0,"turns":7.0},{"damage":7.0,"enemies":"Lots of Slimes","floor":12.0,"turns":3.0},{"damage":31.0,"enemies":"The Guardian","floor":16.0,"turns":6.0},{"damage":0.0,"enemies":"3 Byrds","floor":18.0,"turns":3.0},{"damage":1.0,"enemies":"2 Thieves","floor":20.0,"turns":2.0},{"damage":16.0,"enemies":"Gremlin Leader","floor":23.0,"turns":5.0},{"damage":15.0,"enemies":"Slavers","floor":25.0,"turns":4.0},{"damage":1,"enemies":"Gremlin Leader","floor":28,"turns":6},{"damage":1,"enemies":"Sentry and Sphere","floor":29,"turns":3},{"damage":1,"enemies":"3 Cultists","floor":30,"turns":3},{"damage":15,"enemies":"Snake Plant","floor":31,"turns":2},{"damage":37,"enemies":"Collector","floor":33,"turns":6},{"damage":33,"enemies":"3 Shapes","floor":35,"turns":3},{"damage":1,"enemies":"Orb Walker","floor":36,"turns":2},{"damage":53,"enemies":"Writhing Mass","floor":38,"turns":4}],"seed_played":"7699892569390672029","potions_obtained":[{"floor":4.0,"key":"Swift Potion"},{"floor":5.0,"key":"Regen Potion"},{"floor":8.0,"key":"Swift Potion"},{"floor":12.0,"key":"FearPotion"},{"floor":18.0,"key":"SkillPotion"},{"floor":20.0,"key":"Energy Potion"},{"floor":23.0,"key":"EssenceOfSteel"},{"floor":30,"key":"GamblersBrew"},{"floor":31,"key":"Poison Potion"},{"floor":35,"key":"Swift Potion"}],"is_trial":false,"path_per_floor":["M","?","?","M","M","R","E","M","T","E","R","M","R","T","R","B",null,"M","$","M","?","$","E","R","E","T","R","E","M","M","M","R","B",null,"M","M","?","M"],"character_chosen":"IRONCLAD","items_purchased":["TheAbacus","Anger","Rage"],"campfire_rested":0,"item_purchase_floors":[19,19,22],"current_hp_per_floor":[76,76,60,66,71,71,77,75,75,56,56,55,55,55,55,30,68,74,74,79,79,79,69,69,60,60,60,65,70,78,69,69,41,75,48,53,53,0],"gold":270,"neow_bonus":"ONE_RARE_RELIC","is_prod":false,"is_daily":false,"chose_seed":false,"campfire_upgraded":7,"win_rate":0,"timestamp":1553792512,"path_taken":["M","?","?","M","M","R","E","M","T","E","R","M","R","?","R","BOSS","M","$","M","?","$","E","R","E","T","R","E","?","M","M","R","BOSS","M","M","?","M"],"build_version":"2019-01-23","purchased_purges":0,"victory":false,"max_hp_per_floor":[80,80,80,80,80,80,80,80,80,80,80,80,80,80,80,80,80,80,80,80,80,80,80,80,80,80,80,80,80,83,83,83,86,86,86,86,86,86],"card_choices":[{"not_picked":["Iron Wave","Perfected Strike"],"picked":"Dropkick","floor":1.0},{"not_picked":["Twin Strike","Rupture"],"picked":"Headbutt","floor":4.0},{"not_picked":["Shrug It Off","Whirlwind"],"picked":"Flex","floor":5.0},{"not_picked":["Twin Strike","Metallicize","Dual Wield"],"picked":"SKIP","floor":7.0},{"not_picked":["Thunderclap","Warcry"],"picked":"Flex","floor":8.0},{"not_picked":["Shrug It Off","Sword Boomerang"],"picked":"Dropkick","floor":10.0},{"not_picked":["Armaments","Feel No Pain"],"picked":"Clash","floor":12.0},{"not_picked":["Bludgeon","Offering"],"picked":"Limit Break","floor":16.0},{"not_picked":["Body Slam+1","Rupture+1"],"picked":"Warcry","floor":18.0},{"not_picked":["Sword Boomerang","Wild Strike+1","Battle Trance"],"picked":"SKIP","floor":20.0},{"not_picked":["Immolate","Disarm","Shockwave"],"picked":"SKIP","floor":23.0},{"not_picked":["Combust+1","Spot Weakness"],"picked":"Evolve","floor":25.0},{"not_picked":["Heavy Blade","Disarm","Armaments"],"picked":"SKIP","floor":28},{"not_picked":["Havoc+1","Power Through"],"picked":"Feed","floor":29},{"not_picked":["Clash","Shrug It Off","Twin Strike"],"picked":"SKIP","floor":29},{"not_picked":["Armaments","Thunderclap","Evolve"],"picked":"SKIP","floor":30},{"not_picked":["Power Through","Shockwave","Heavy Blade+1"],"picked":"SKIP","floor":30},{"not_picked":["Sentinel","Clash"],"picked":"Shockwave+1","floor":31},{"not_picked":["Corruption","Sever Soul","Wild Strike"],"picked":"SKIP","floor":31},{"not_picked":["Cleave+1","Heavy Blade+1"],"picked":"Battle Trance+1","floor":35},{"not_picked":["Searing Blow","Clothesline","Wild Strike"],"picked":"SKIP","floor":35},{"not_picked":["Sword Boomerang","Rage+1","Cleave+1"],"picked":"SKIP","floor":36},{"not_picked":["Reckless Charge","Clash+1","Iron Wave"],"picked":"SKIP","floor":36}],"player_experience":167522,"relics_obtained":[{"floor":7.0,"key":"Mercury Hourglass"},{"floor":9.0,"key":"Omamori"},{"floor":10.0,"key":"Orichalcum"},{"floor":14.0,"key":"Boot"},{"floor":23.0,"key":"Prayer Wheel"},{"floor":25.0,"key":"Lantern"},{"floor":28,"key":"Potion Belt"}],"event_choices":[{"damage_healed":0.0,"max_hp_gain":0.0,"max_hp_loss":0.0,"gold_gain":0.0,"event_name":"Living Wall","player_choice":"Grow","floor":2.0,"gold_loss":0.0,"damage_taken":0.0,"cards_upgraded":["Bash"]},{"damage_healed":0.0,"max_hp_gain":0.0,"max_hp_loss":0.0,"gold_gain":0.0,"event_name":"Shining Light","player_choice":"Entered Light","floor":3.0,"gold_loss":0.0,"damage_taken":16.0,"cards_upgraded":["Strike_R","Dropkick"]},{"damage_healed":0.0,"max_hp_gain":0.0,"max_hp_loss":0.0,"gold_gain":0.0,"event_name":"The Joust","player_choice":"Bet on Owner","floor":21.0,"gold_loss":50.0,"damage_taken":0.0},{"damage_healed":0,"gold_gain":0,"player_choice":"Ignored","damage_taken":0,"max_hp_gain":0,"max_hp_loss":0,"event_name":"Tomb of Lord Red Mask","floor":37,"gold_loss":0}],"is_beta":false,"boss_relics":[{"not_picked":["Calling Bell","Eternal Feather"],"picked":"Pandora\u0027s Box"},{"not_picked":["White Beast Statue","Coffee Dripper"],"picked":"Fusion Hammer"}],"items_purged_floors":[],"is_endless":false,"potions_floor_spawned":[4,5,8,12,18,20,23,30,31,35],"killed_by":"Writhing Mass","ascension_level":9}