{"gold_per_floor":[111,12,30,30,47,47,60,87,87,87,11,11,26,46,46,46],"floor_reached":16,"playtime":2832,"items_purged":["Strike_R"],"score":102,"play_id":"bc11fee9-44d2-42ea-9564-29df019bdf6d","local_time":"20190422215312","is_ascension_mode":false,"campfire_choices":[{"data":"Strike_R","floor":6,"key":"SMITH"},{"floor":10,"key":"REST"},{"data":"Seeing Red","floor":12,"key":"SMITH"},{"data":"Shockwave","floor":15,"key":"SMITH"}],"neow_cost":"NONE","seed_source_timestamp":859580265210905,"circlet_count":0,"master_deck":["Strike_R+1","Strike_R+1","Strike_R+1","Defend_R","Defend_R","Defend_R","Defend_R","Bash","Intimidate","True Grit","Inflame","Body Slam","True Grit","Armaments","Shockwave+1","Seeing Red+1","Intimidate","Reaper"],"relics":["Burning Blood","Whetstone","PreservedInsect","Pen Nib"],"potions_floor_usage":[],"damage_taken":[{"damage":11,"enemies":"Jaw Worm","floor":1,"turns":2},{"damage":0,"enemies":"Cultist","floor":3,"turns":3},{"damage":0,"enemies":"2 Louse","floor":5,"turns":3},{"damage":18,"enemies":"Large Slime","floor":7,"turns":10},{"damage":24,"enemies":"3 Sentries","floor":8,"turns":12},{"damage":17,"enemies":"Lots of Slimes","floor":13,"turns":5},{"damage":6,"enemies":"Gremlin Gang","floor":14,"turns":4},{"damage":73,"enemies":"Hexaghost","floor":16,"turns":16}],"seed_played":"-4670836489761300380","potions_obtained":[{"floor":1,"key":"GamblersBrew"},{"floor":3,"key":"Block Potion"},{"floor":7,"key":"Swift Potion"},{"floor":8,"key":"GamblersBrew"}],"is_trial":false,"path_per_floor":["M","$","M","?","M","R","M","E","T","R","$","R","M","M","R","B"],"character_chosen":"IRONCLAD","items_purchased":["True Grit","Seeing Red"],"campfire_rested":1,"item_purchase_floors":[2,11],"current_hp_per_floor":[75,75,80,80,80,80,68,50,50,74,74,74,63,63,63,0],"gold":46,"neow_bonus":"RANDOM_COMMON_RELIC","is_prod":false,"is_daily":false,"chose_seed":false,"campfire_upgraded":3,"win_rate":0.0,"timestamp":1555984392,"path_taken":["M","$","M","?","M","R","M","E","T","R","?","R","M","M","R","BOSS"],"build_version":"2019-01-23","purchased_purges":1,"victory":false,"max_hp_per_floor":[80,80,80,80,80,80,80,80,80,80,80,80,80,80,80,80],"card_choices":[{"not_picked":["Shrug It Off","Thunderclap"],"picked":"Intimidate","floor":1},{"not_picked":["Sword Boomerang","Body Slam"],"picked":"Inflame","floor":3},{"not_picked":["Clash","Pummel"],"picked":"True Grit","floor":5},{"not_picked":["Cleave","Warcry"],"picked":"Armaments","floor":7},{"not_picked":["Perfected Strike","Rampage"],"picked":"Shockwave","floor":8},{"not_picked":["True Grit","Clothesline"],"picked":"Intimidate","floor":13},{"not_picked":["Twin Strike","Perfected Strike"],"picked":"Reaper","floor":14}],"player_experience":16815,"relics_obtained":[{"floor":8,"key":"PreservedInsect"},{"floor":9,"key":"Pen Nib"}],"event_choices":[{"damage_healed":0,"gold_gain":0,"cards_transformed":["Strike_R"],"player_choice":"Transformed","damage_taken":0,"max_hp_gain":0,"max_hp_loss":0,"event_name":"Transmorgrifier","floor":4,"gold_loss":0,"cards_obtained":["Body Slam"]}],"is_beta":false,"boss_relics":[],"items_purged_floors":[2],"is_endless":false,"potions_floor_spawned":[1,3,7,8],"killed_by":"Hexaghost","ascension_level":0}