{"gold_per_floor":[117,117,15,15,90,120,132,148,148,162,173,203,18,18,18,120,120,134,9,21,41,53,53,64,64],"floor_reached":25,"playtime":3068,"items_purged":["Strike_G","Strike_G","Defend_G"],"score":240,"play_id":"a3ae6b1c-536d-4bdc-9946-d131f5d852ce","local_time":"20190530221014","is_ascension_mode":false,"campfire_choices":[{"floor":15,"key":"REST"},{"floor":23,"key":"REST"}],"neow_cost":"NONE","seed_source_timestamp":2873466616985307,"circlet_count":0,"master_deck":["Defend_G","Defend_G","Defend_G","Defend_G","Strike_G+1","Strike_G+1","Strike_G+1","Survivor","Neutralize+1","Caltrops","Deflect","Blur","Deadly Poison","Poisoned Stab","Outmaneuver","All Out Attack","Infinite Blades","Blade Dance","Bullet Time","Infinite Blades","Corpse Explosion","Dodge and Roll","Dodge and Roll"],"relics":["Ring of the Serpent","Meat on the Bone","Blood Vial","Whetstone"],"potions_floor_usage":[16],"damage_taken":[{"damage":4,"enemies":"2 Louse","floor":1,"turns":4},{"damage":19,"enemies":"3 Sentries","floor":6,"turns":11},{"damage":0,"enemies":"Jaw Worm","floor":7,"turns":6},{"damage":0,"enemies":"Small Slimes","floor":8,"turns":4},{"damage":2,"enemies":"Exordium Wildlife","floor":10,"turns":4},{"damage":9,"enemies":"Red Slaver","floor":11,"turns":3},{"damage":18,"enemies":"Lagavulin","floor":12,"turns":8},{"damage":32,"enemies":"Hexaghost","floor":16,"turns":9},{"damage":29,"enemies":"Chosen","floor":18,"turns":5},{"damage":23,"enemies":"3 Byrds","floor":20,"turns":5},{"damage":27,"enemies":"Snecko","floor":21,"turns":5},{"damage":7,"enemies":"Centurion and Healer","floor":22,"turns":5},{"damage":46,"enemies":"Snake Plant","floor":24,"turns":6},{"damage":33,"enemies":"Gremlin Leader","floor":25,"turns":5}],"seed_played":"5109450068279647424","potions_obtained":[{"floor":1,"key":"Ancient Potion"},{"floor":12,"key":"Explosive Potion"},{"floor":21,"key":"Dexterity Potion"},{"floor":24,"key":"PowerPotion"}],"is_trial":false,"path_per_floor":["M","?","$","?","?","E","M","M","T","M","M","E","$","?","R","B",null,"M","$","M","M","M","R","M","E"],"character_chosen":"THE_SILENT","items_purchased":["Deflect","Infinite Blades","Blade Dance"],"campfire_rested":2,"item_purchase_floors":[3,13,13],"current_hp_per_floor":[73,78,78,62,51,32,44,44,44,44,49,45,45,45,69,51,82,53,53,44,31,38,62,30,0],"gold":64,"neow_bonus":"TEN_PERCENT_HP_BONUS","is_prod":false,"is_daily":false,"chose_seed":false,"campfire_upgraded":0,"win_rate":0.0,"timestamp":1559268614,"path_taken":["M","?","$","?","?","E","M","M","T","?","M","E","?","?","R","BOSS","M","$","M","M","M","R","M","E"],"build_version":"2019-01-23","purchased_purges":3,"victory":false,"max_hp_per_floor":[77,82,82,82,82,82,82,82,82,82,82,82,82,82,82,82,82,82,82,82,82,82,82,82,82],"card_choices":[{"not_picked":["Terror","Expertise"],"picked":"Caltrops","floor":1},{"not_picked":["Deflect","Riddle With Holes"],"picked":"Blur","floor":6},{"not_picked":["Backstab","Blur"],"picked":"Deadly Poison","floor":7},{"not_picked":["Deflect","Well Laid Plans"],"picked":"Poisoned Stab","floor":8},{"not_picked":["Deflect","Backflip"],"picked":"Outmaneuver","floor":10},{"not_picked":["Quick Slash","Acrobatics","Riddle With Holes"],"picked":"SKIP","floor":11},{"not_picked":["Masterful Stab","Glass Knife"],"picked":"All Out Attack","floor":12},{"not_picked":["Wraith Form v2","Malaise"],"picked":"Bullet Time","floor":16},{"not_picked":["Dagger Throw","Flying Knee"],"picked":"Infinite Blades","floor":18},{"not_picked":["Dodge and Roll","Bane","Acrobatics+1"],"picked":"SKIP","floor":20},{"not_picked":["Dagger Spray","Backflip"],"picked":"Corpse Explosion","floor":21},{"not_picked":["Flying Knee+1","Endless Agony"],"picked":"Dodge and Roll","floor":22},{"not_picked":["Bane","Outmaneuver"],"picked":"Dodge and Roll","floor":24}],"player_experience":1087913,"relics_obtained":[{"floor":6,"key":"Meat on the Bone"},{"floor":9,"key":"Blood Vial"},{"floor":12,"key":"Whetstone"}],"event_choices":[{"damage_healed":0,"gold_gain":0,"player_choice":"Donut","damage_taken":0,"max_hp_gain":5,"max_hp_loss":0,"event_name":"Big Fish","floor":2,"gold_loss":0},{"damage_healed":0,"gold_gain":0,"player_choice":"Entered Light","damage_taken":16,"max_hp_gain":0,"max_hp_loss":0,"event_name":"Shining Light","floor":4,"gold_loss":0,"cards_upgraded":["Strike_G","Strike_G"]},{"damage_healed":0,"gold_gain":75,"player_choice":"Gather Gold","damage_taken":11,"max_hp_gain":0,"max_hp_loss":0,"event_name":"World of Goop","floor":5,"gold_loss":0},{"damage_healed":0,"gold_gain":0,"player_choice":"Ignored","damage_taken":0,"max_hp_gain":0,"max_hp_loss":0,"event_name":"Liars Game","floor":14,"gold_loss":0}],"is_beta":false,"boss_relics":[{"not_picked":["Cursed Key","Orrery"],"picked":"Ring of the Serpent"}],"items_purged_floors":[3,13,19],"is_endless":false,"potions_floor_spawned":[1,12,21,24],"killed_by":"Gremlin Leader","ascension_level":0}