{"gold_per_floor":[113,113,127,146,165,200,214,228,300,157,157,209,209,239,239,239],"floor_reached":16,"playtime":799,"items_purged":["Strike_R"],"score":140,"play_id":"35334ce3-a50c-4339-a984-635b7221d1a4","local_time":"20190504032124","is_ascension_mode":true,"campfire_choices":[{"data":"Juggernaut","floor":11,"key":"SMITH"},{"data":"Dual Wield","floor":15,"key":"SMITH"}],"neow_cost":"NONE","seed_source_timestamp":3609962675000,"circlet_count":0,"master_deck":["Strike_R","Strike_R","Strike_R","Defend_R","Defend_R","Defend_R","Defend_R","Bash","Cleave","Clothesline","Uppercut","Pommel Strike","Evolve","Juggernaut+1","Rage","Dual Wield+1","Second Wind"],"relics":["Burning Blood","Happy Flower","Ornamental Fan","The Courier","Pantograph"],"potions_floor_usage":[5,8],"damage_taken":[{"damage":9,"enemies":"2 Louse","floor":1,"turns":3},{"damage":1,"enemies":"Cultist","floor":3,"turns":3},{"damage":4,"enemies":"Jaw Worm","floor":4,"turns":4},{"damage":9,"enemies":"Exordium Wildlife","floor":5,"turns":2},{"damage":45,"enemies":"3 Sentries","floor":6,"turns":9},{"damage":17,"enemies":"Gremlin Gang","floor":7,"turns":4},{"damage":13,"enemies":"Red Slaver","floor":8,"turns":5},{"damage":17,"enemies":"Lagavulin","floor":14,"turns":6},{"damage":54,"enemies":"The Guardian","floor":16,"turns":13}],"seed_played":"-1831312082141109808","potions_obtained":[{"floor":4,"key":"Fire Potion"},{"floor":7,"key":"Regen Potion"},{"floor":8,"key":"LiquidBronze"}],"is_trial":false,"path_per_floor":["M","?","M","M","M","E","M","M","T","$","R","?","T","E","R","B"],"character_chosen":"IRONCLAD","items_purchased":["Dual Wield"],"campfire_rested":0,"item_purchase_floors":[10],"current_hp_per_floor":[85,85,88,88,85,46,35,37,37,37,37,37,37,26,26,0],"gold":239,"neow_bonus":"TEN_PERCENT_HP_BONUS","is_prod":false,"is_daily":false,"chose_seed":false,"campfire_upgraded":2,"win_rate":0,"timestamp":1556965284,"path_taken":["M","?","M","?","M","E","?","M","T","$","R","?","?","E","R","BOSS"],"build_version":"2019-01-23","purchased_purges":1,"victory":false,"max_hp_per_floor":[88,88,88,88,88,88,88,88,88,88,88,88,88,88,88,88],"card_choices":[{"not_picked":["Shrug It Off","Iron Wave"],"picked":"Cleave","floor":1},{"not_picked":["Rupture","Anger"],"picked":"Clothesline","floor":3},{"not_picked":["True Grit","Clash"],"picked":"Uppercut","floor":4},{"not_picked":["Second Wind","True Grit"],"picked":"Pommel Strike","floor":5},{"not_picked":["Blood for Blood","Clothesline"],"picked":"Evolve","floor":6},{"not_picked":["Perfected Strike","Anger"],"picked":"Juggernaut","floor":7},{"not_picked":["Armaments","Dropkick"],"picked":"Rage","floor":8},{"not_picked":["Headbutt","Sword Boomerang"],"picked":"Second Wind","floor":14}],"player_experience":296485,"relics_obtained":[{"floor":6,"key":"Happy Flower"},{"floor":9,"key":"Ornamental Fan"},{"floor":13,"key":"The Courier"},{"floor":14,"key":"Pantograph"}],"event_choices":[{"cards_removed":["Strike_R"],"damage_healed":0,"gold_gain":0,"player_choice":"Offered Basic","damage_taken":0,"max_hp_gain":0,"max_hp_loss":0,"event_name":"Bonfire Elementals","floor":2,"gold_loss":0},{"damage_healed":0,"gold_gain":52,"player_choice":"Gained Gold","damage_taken":0,"max_hp_gain":0,"max_hp_loss":0,"event_name":"Golden Wing","floor":12,"gold_loss":0}],"is_beta":false,"boss_relics":[],"items_purged_floors":[10],"is_endless":false,"potions_floor_spawned":[4,7,8],"killed_by":"The Guardian","ascension_level":5}