{"gold_per_floor":[118,118,268,268,40,40,59,59,59,59,30,65,94,121,121,192,192,212,212,212],"floor_reached":20,"playtime":681,"items_purged":["Doubt"],"score":352,"play_id":"5875ebbc-fb2f-4d14-af44-2fcb3aabf7ea","local_time":"20190523235308","is_ascension_mode":true,"campfire_choices":[{"data":"True Grit","floor":6,"key":"SMITH"},{"data":"Twin Strike","floor":8,"key":"SMITH"},{"data":"Body Slam","floor":15,"key":"SMITH"}],"neow_cost":"NONE","seed_source_timestamp":539807938351887,"circlet_count":0,"master_deck":["AscendersBane","Strike_R","Strike_R","Strike_R","Strike_R","Strike_R","Defend_R","Defend_R","Defend_R","Defend_R","Bash+1","Twin Strike+1","Dark Shackles","True Grit+1","Power Through","Body Slam","Ghostly Armor","Body Slam+1","Juggernaut","Iron Wave"],"relics":["Burning Blood","Oddly Smooth Stone","StoneCalendar","Torii","Ice Cream","Pen Nib","Odd Mushroom","Thread and Needle","Coffee Dripper"],"potions_floor_usage":[],"damage_taken":[{"damage":0,"enemies":"Jaw Worm","floor":1,"turns":5},{"damage":2,"enemies":"Small Slimes","floor":7,"turns":5},{"damage":12,"enemies":"3 Sentries","floor":12,"turns":7},{"damage":2,"enemies":"The Mushroom Lair","floor":13,"turns":7},{"damage":33,"enemies":"Gremlin Nob","floor":14,"turns":5},{"damage":3,"enemies":"Hexaghost","floor":16,"turns":10},{"damage":10,"enemies":"Spheric Guardian","floor":18,"turns":4},{"damage":56,"enemies":"Masked Bandits","floor":20,"turns":5}],"seed_played":"-563696167577948715","potions_obtained":[{"floor":12,"key":"FairyPotion"},{"floor":16,"key":"FearPotion"}],"is_trial":false,"path_per_floor":["M","?","?","?","$","R","M","R","T","T","$","E","?","E","R","B",null,"M","?","?"],"character_chosen":"IRONCLAD","items_purchased":["Dark Shackles","True Grit","Body Slam"],"campfire_rested":0,"item_purchase_floors":[5,5,11],"current_hp_per_floor":[74,39,39,39,39,39,43,43,43,43,43,37,41,14,14,17,61,57,36,0],"gold":212,"neow_bonus":"RANDOM_COMMON_RELIC","is_prod":false,"is_daily":false,"chose_seed":false,"campfire_upgraded":3,"win_rate":0,"timestamp":1558648388,"path_taken":["M","?","?","?","$","R","?","R","T","?","?","E","?","E","R","BOSS","M","?","?"],"build_version":"2019-01-23","purchased_purges":1,"victory":false,"max_hp_per_floor":[75,75,75,75,75,75,75,75,75,75,75,75,75,75,75,75,75,75,80,80],"card_choices":[{"not_picked":["Thunderclap","Wild Strike"],"picked":"Twin Strike","floor":1},{"not_picked":["Heavy Blade","Pommel Strike"],"picked":"Power Through","floor":7},{"not_picked":["Anger","Uppercut"],"picked":"Ghostly Armor","floor":12},{"not_picked":["Clothesline","Thunderclap"],"picked":"Body Slam","floor":14},{"not_picked":["Exhume","Berserk"],"picked":"Juggernaut","floor":16},{"not_picked":["Clash","Clothesline"],"picked":"Iron Wave","floor":18}],"player_experience":377789,"relics_obtained":[{"floor":9,"key":"Torii"},{"floor":10,"key":"Ice Cream"},{"floor":12,"key":"Pen Nib"},{"floor":13,"key":"Odd Mushroom"},{"floor":14,"key":"Thread and Needle"}],"event_choices":[{"damage_healed":0,"gold_gain":0,"player_choice":"Success","damage_taken":35,"relics_obtained":["StoneCalendar"],"max_hp_gain":0,"max_hp_loss":0,"event_name":"Scrap Ooze","floor":2,"gold_loss":0},{"damage_healed":0,"gold_gain":150,"player_choice":"AGREE","damage_taken":0,"max_hp_gain":0,"max_hp_loss":0,"event_name":"Liars Game","floor":3,"gold_loss":0,"cards_obtained":["Doubt"]},{"damage_healed":0,"gold_gain":0,"player_choice":"Grow","damage_taken":0,"max_hp_gain":0,"max_hp_loss":0,"event_name":"Living Wall","floor":4,"gold_loss":0,"cards_upgraded":["Bash"]},{"damage_healed":0,"gold_gain":0,"player_choice":"Fought Mushrooms","damage_taken":0,"max_hp_gain":0,"max_hp_loss":0,"event_name":"Mushrooms","floor":13,"gold_loss":0},{"damage_healed":0,"gold_gain":0,"player_choice":"Shed Blood","damage_taken":26,"max_hp_gain":5,"max_hp_loss":0,"event_name":"Forgotten Altar","floor":19,"gold_loss":0},{"damage_healed":0,"gold_gain":0,"player_choice":"Fought Bandits","damage_taken":0,"max_hp_gain":0,"max_hp_loss":0,"event_name":"Masked Bandits","floor":20,"gold_loss":0}],"is_beta":false,"boss_relics":[{"not_picked":["Empty Cage","Fusion Hammer"],"picked":"Coffee Dripper"}],"items_purged_floors":[5],"is_endless":false,"potions_floor_spawned":[12,16,18],"killed_by":"Masked Bandits","ascension_level":20}