{"gold_per_floor":[113,113,113,188,207,207,237,237,237,251,251,270,270,283,283,383,383,393,308,327,327,327,354,404,404,427,477,493,503,503,553,553,553],"floor_reached":33,"playtime":3708,"items_purged":[],"score":288,"play_id":"2d09dd6e-0e25-4ff2-85f9-70a86b53ad32","local_time":"20190511004045","is_ascension_mode":false,"campfire_choices":[{"floor":6,"key":"REST"},{"floor":8,"key":"REST"},{"floor":11,"key":"REST"},{"data":"Infinite Blades","floor":13,"key":"SMITH"},{"data":"Flying Knee","floor":15,"key":"SMITH"},{"floor":25,"key":"REST"},{"floor":30,"key":"REST"},{"floor":32,"key":"REST"}],"neow_cost":"NONE","seed_source_timestamp":1153885704625862,"circlet_count":0,"master_deck":["Defend_G+1","Defend_G+1","Defend_G+1","Defend_G+1","Defend_G+1","Strike_G+1","Strike_G+1","Strike_G+1","Strike_G+1","Strike_G+1","Survivor","Neutralize+1","Adrenaline","Catalyst","Regret","Backflip","Infinite Blades+1","Terror","Flying Knee+1","Die Die Die","Heel Hook","Dash","Corpse Explosion","Poisoned Stab","Ghostly","Ghostly","Ghostly","Ghostly","Ghostly","Doppelganger","PiercingWail+1"],"relics":["Ring of the Snake","Gambling Chip","Blood Vial","Mercury Hourglass","Velvet Choker","Juzu Bracelet","SsserpentHead","Boot","Lantern","Enchiridion"],"potions_floor_usage":[20,23,33,33,33],"damage_taken":[{"damage":0,"enemies":"Small Slimes","floor":1,"turns":4},{"damage":2,"enemies":"2 Louse","floor":5,"turns":5},{"damage":37,"enemies":"3 Sentries","floor":7,"turns":15},{"damage":3,"enemies":"Cultist","floor":10,"turns":2},{"damage":5,"enemies":"2 Fungi Beasts","floor":12,"turns":3},{"damage":5,"enemies":"Looter","floor":14,"turns":2},{"damage":46,"enemies":"Hexaghost","floor":16,"turns":9},{"damage":2,"enemies":"Chosen","floor":18,"turns":4},{"damage":13,"enemies":"Spheric Guardian","floor":20,"turns":3},{"damage":35,"enemies":"Gremlin Leader","floor":23,"turns":7},{"damage":2,"enemies":"Centurion and Healer","floor":28,"turns":5},{"damage":16,"enemies":"Cultist and Chosen","floor":29,"turns":4},{"damage":40,"enemies":"Champ","floor":33,"turns":8}],"seed_played":"4674204348981403711","potions_obtained":[{"floor":5,"key":"Dexterity Potion"},{"floor":12,"key":"Energy Potion"},{"floor":14,"key":"Swift Potion"},{"floor":23,"key":"Regen Potion"},{"floor":29,"key":"Explosive Potion"}],"is_trial":false,"path_per_floor":["M","?","?","?","M","R","E","R","T","M","R","M","R","M","R","B",null,"M","?","M","?","?","E","?","R","T","?","M","M","R","?","R","B"],"character_chosen":"THE_SILENT","items_purchased":[],"campfire_rested":6,"item_purchase_floors":[],"current_hp_per_floor":[70,56,56,45,43,64,27,48,48,47,68,65,65,62,62,18,70,68,68,57,57,57,24,24,45,45,35,33,19,29,13,23,0],"gold":553,"neow_bonus":"ONE_RANDOM_RARE_CARD","is_prod":false,"is_daily":false,"chose_seed":false,"campfire_upgraded":2,"win_rate":0.0,"timestamp":1557549645,"path_taken":["M","?","?","?","M","R","E","R","T","M","R","M","R","M","R","BOSS","M","?","M","?","?","E","?","R","T","?","M","M","R","?","R","BOSS"],"build_version":"2019-01-23","purchased_purges":0,"victory":false,"max_hp_per_floor":[70,70,70,70,70,70,70,70,70,70,70,70,70,70,70,70,70,70,70,70,70,70,70,70,70,70,35,35,35,35,35,35,35],"card_choices":[{"not_picked":["Underhanded Strike","Slice"],"picked":"Catalyst","floor":1},{"not_picked":["Dagger Spray","Endless Agony","Deflect"],"picked":"SKIP","floor":5},{"not_picked":["Sucker Punch","Skewer"],"picked":"Backflip","floor":7},{"not_picked":["Well Laid Plans","Calculated Gamble"],"picked":"Infinite Blades","floor":10},{"not_picked":["Predator","Quick Slash"],"picked":"Terror","floor":12},{"not_picked":["Infinite Blades","Bouncing Flask"],"picked":"Flying Knee","floor":14},{"not_picked":["Malaise","Unload"],"picked":"Die Die Die","floor":16},{"not_picked":["Bane+1","Underhanded Strike"],"picked":"Heel Hook","floor":18},{"not_picked":["Backflip","Acrobatics"],"picked":"Dash","floor":20},{"not_picked":["Terror","Prepared"],"picked":"Poisoned Stab","floor":23},{"not_picked":["Choke","Bane"],"picked":"Doppelganger","floor":28},{"not_picked":["Flechettes","Quick Slash"],"picked":"PiercingWail+1","floor":29}],"player_experience":558953,"relics_obtained":[{"floor":7,"key":"Blood Vial"},{"floor":9,"key":"Mercury Hourglass"},{"floor":23,"key":"Boot"},{"floor":26,"key":"Lantern"},{"floor":31,"key":"Enchiridion"}],"event_choices":[{"damage_healed":0,"gold_gain":0,"player_choice":"Entered Light","damage_taken":14,"max_hp_gain":0,"max_hp_loss":0,"event_name":"Shining Light","floor":2,"gold_loss":0,"cards_upgraded":["Neutralize","Strike_G"]},{"damage_healed":0,"gold_gain":0,"player_choice":"Box","damage_taken":0,"relics_obtained":["Gambling Chip"],"max_hp_gain":0,"max_hp_loss":0,"event_name":"Big Fish","floor":3,"gold_loss":0,"cards_obtained":["Regret"]},{"damage_healed":0,"gold_gain":75,"player_choice":"Gather Gold","damage_taken":11,"max_hp_gain":0,"max_hp_loss":0,"event_name":"World of Goop","floor":4,"gold_loss":0},{"damage_healed":0,"gold_gain":0,"player_choice":"Obtained Relic","damage_taken":0,"relics_obtained":["Juzu Bracelet"],"max_hp_gain":0,"max_hp_loss":0,"event_name":"Addict","floor":19,"gold_loss":85},{"damage_healed":0,"gold_gain":0,"player_choice":"Read","damage_taken":0,"max_hp_gain":0,"max_hp_loss":0,"event_name":"The Library","floor":21,"gold_loss":0,"cards_obtained":["Corpse Explosion"]},{"damage_healed":0,"gold_gain":0,"player_choice":"Trade","damage_taken":0,"relics_obtained":["SsserpentHead"],"max_hp_gain":0,"max_hp_loss":0,"event_name":"FaceTrader","floor":22,"gold_loss":0},{"damage_healed":0,"gold_gain":0,"player_choice":"Simplicity","damage_taken":0,"max_hp_gain":0,"max_hp_loss":0,"event_name":"Back to Basics","floor":24,"gold_loss":0,"cards_upgraded":["Defend_G","Defend_G","Defend_G","Defend_G","Defend_G","Strike_G","Strike_G","Strike_G","Strike_G"]},{"damage_healed":0,"gold_gain":0,"player_choice":"Became a Ghost","damage_taken":0,"max_hp_gain":0,"max_hp_loss":35,"event_name":"Ghosts","floor":27,"gold_loss":0,"cards_obtained":["Ghostly","Ghostly","Ghostly","Ghostly","Ghostly"]},{"damage_healed":0,"gold_gain":0,"player_choice":"Obtained Book","damage_taken":16,"max_hp_gain":0,"max_hp_loss":0,"event_name":"Cursed Tome","floor":31,"gold_loss":0}],"is_beta":false,"boss_relics":[{"not_picked":["Runic Pyramid","Ring of the Serpent"],"picked":"Velvet Choker"}],"items_purged_floors":[],"is_endless":false,"potions_floor_spawned":[5,12,14,23,29],"killed_by":"Champ","ascension_level":0}