{"gold_per_floor":[112,112,62,82,7,7,69,69,117,117,117,150,161,186,186,286,286,305,62,77,77,87,113,113,131,208,227,227,239,25,25,25,25],"floor_reached":33,"playtime":3935,"items_purged":["Strike_R","Regret"],"score":295,"play_id":"0b229021-6740-4dea-9c25-3cb4bd2a7e7e","local_time":"20190614223208","is_ascension_mode":true,"campfire_choices":[{"data":"Cleave","floor":6,"key":"SMITH"},{"data":"Headbutt","floor":8,"key":"SMITH"},{"floor":11,"key":"REST"},{"floor":15,"key":"REST"},{"floor":24,"key":"REST"},{"floor":29,"key":"REST"},{"floor":32,"key":"REST"}],"neow_cost":"NONE","seed_source_timestamp":530136085386214,"circlet_count":0,"master_deck":["Strike_R+1","Strike_R","Strike_R","Defend_R+1","Defend_R+1","Defend_R+1","Defend_R","Bash","Headbutt+1","Cleave+1","Second Wind","Flex","Berserk","Armaments","Immolate","Pain","Infernal Blade","Combust+1","Shockwave+1","Flex","Heavy Blade","RitualDagger"],"relics":["Black Blood","Tiny Chest","Potion Belt","War Paint","Anchor","Blood Vial","WarpedTongs","Calipers","Ornamental Fan","MawBank","Red Skull"],"potions_floor_usage":[7,16,16,16,16,18,22,23,23,33,33,33],"damage_taken":[{"damage":0,"enemies":"2 Louse","floor":1,"turns":5},{"damage":0,"enemies":"Small Slimes","floor":4,"turns":3},{"damage":31,"enemies":"Lagavulin","floor":7,"turns":8},{"damage":23,"enemies":"Gremlin Nob","floor":12,"turns":4},{"damage":9,"enemies":"Jaw Worm","floor":13,"turns":4},{"damage":33,"enemies":"3 Sentries","floor":14,"turns":8},{"damage":50,"enemies":"Hexaghost","floor":16,"turns":10},{"damage":29,"enemies":"Spheric Guardian","floor":18,"turns":6},{"damage":10,"enemies":"2 Thieves","floor":20,"turns":4},{"damage":28,"enemies":"Sentry and Sphere","floor":22,"turns":4},{"damage":40,"enemies":"Gremlin Leader","floor":23,"turns":8},{"damage":19,"enemies":"Centurion and Healer","floor":25,"turns":5},{"damage":34,"enemies":"Snake Plant","floor":27,"turns":4},{"damage":82,"enemies":"Champ","floor":33,"turns":8}],"seed_played":"-6448883891860395003","potions_obtained":[{"floor":1,"key":"SpeedPotion"},{"floor":14,"key":"EntropicBrew"},{"floor":16,"key":"SkillPotion"},{"floor":20,"key":"EssenceOfSteel"},{"floor":22,"key":"Block Potion"},{"floor":27,"key":"SteroidPotion"}],"is_trial":false,"path_per_floor":["M","?","?","M","$","R","E","R","T","?","R","E","M","E","R","B",null,"M","$","M","?","M","E","R","M","T","M","T","R","$","?","R","B"],"character_chosen":"IRONCLAD","items_purchased":["Blood Vial","Red Skull","Heavy Blade","Explosive Potion"],"campfire_rested":5,"item_purchase_floors":[19,30,30,30],"current_hp_per_floor":[88,70,70,76,76,76,51,51,51,51,77,60,57,30,56,12,88,69,69,71,71,55,27,53,46,46,24,24,50,50,44,70,0],"gold":25,"neow_bonus":"TEN_PERCENT_HP_BONUS","is_prod":false,"is_daily":false,"chose_seed":false,"campfire_upgraded":2,"win_rate":0,"timestamp":1560565928,"path_taken":["M","?","?","M","$","R","E","R","T","?","R","E","M","E","R","BOSS","M","$","M","?","?","E","R","M","T","M","?","R","$","?","R","BOSS"],"build_version":"2019-01-23","purchased_purges":2,"victory":false,"max_hp_per_floor":[88,88,88,88,88,88,88,88,88,88,88,88,88,88,88,88,88,88,88,88,88,88,88,88,88,88,88,88,88,88,88,88,88],"card_choices":[{"not_picked":["Heavy Blade","Sentinel"],"picked":"Headbutt","floor":1},{"not_picked":["Heavy Blade","Intimidate"],"picked":"Cleave","floor":4},{"not_picked":["Sever Soul","Power Through"],"picked":"Second Wind","floor":7},{"not_picked":["Cleave","Intimidate"],"picked":"Flex","floor":12},{"not_picked":["Sentinel","Twin Strike"],"picked":"Berserk","floor":13},{"not_picked":["Havoc","Shrug It Off"],"picked":"Armaments","floor":14},{"not_picked":["Berserk","Fiend Fire"],"picked":"Immolate","floor":16},{"not_picked":["Blood for Blood","Thunderclap+1","Iron Wave"],"picked":"SKIP","floor":18},{"not_picked":["Second Wind","Uppercut","Pommel Strike"],"picked":"SKIP","floor":20},{"not_picked":["True Grit","Headbutt"],"picked":"Infernal Blade","floor":22},{"not_picked":["Pommel Strike+1","Clothesline"],"picked":"Combust+1","floor":23},{"not_picked":["Searing Blow","Shrug It Off"],"picked":"Shockwave+1","floor":25},{"not_picked":["Clash+1","Spot Weakness"],"picked":"Flex","floor":27}],"player_experience":1156933,"relics_obtained":[{"floor":7,"key":"Tiny Chest"},{"floor":12,"key":"War Paint"},{"floor":14,"key":"Anchor"},{"floor":23,"key":"Calipers"},{"floor":26,"key":"Ornamental Fan"},{"floor":28,"key":"MawBank"}],"event_choices":[{"damage_healed":0,"gold_gain":0,"player_choice":"Entered Light","damage_taken":18,"max_hp_gain":0,"max_hp_loss":0,"event_name":"Shining Light","floor":2,"gold_loss":0,"cards_upgraded":["Strike_R","Defend_R"]},{"cards_removed":["Strike_R"],"damage_healed":0,"gold_gain":0,"player_choice":"Card Removal","damage_taken":0,"max_hp_gain":0,"max_hp_loss":0,"event_name":"The Cleric","floor":3,"gold_loss":50},{"damage_healed":0,"gold_gain":0,"player_choice":"Box","damage_taken":0,"relics_obtained":["Potion Belt"],"max_hp_gain":0,"max_hp_loss":0,"event_name":"Big Fish","floor":10,"gold_loss":0,"cards_obtained":["Regret"]},{"damage_healed":0,"gold_gain":0,"player_choice":"Rummage","damage_taken":0,"relics_obtained":["WarpedTongs"],"max_hp_gain":0,"max_hp_loss":0,"event_name":"Accursed Blacksmith","floor":21,"gold_loss":0,"cards_obtained":["Pain"]},{"damage_healed":0,"gold_gain":0,"player_choice":"Joined the Cult","damage_taken":6,"max_hp_gain":0,"max_hp_loss":0,"event_name":"Nest","floor":31,"gold_loss":0,"cards_obtained":["RitualDagger"]}],"is_beta":false,"boss_relics":[{"not_picked":["Pandora\u0027s Box","Black Star"],"picked":"Black Blood"}],"items_purged_floors":[5,19],"is_endless":false,"potions_floor_spawned":[1,14,16,20,22,27],"killed_by":"Champ","ascension_level":1}