{"gold_per_floor":[109,109,33,46,46,46,57,72,72,104,104,128,128,143,143,239,239,258,281,135,149,149,149,149,149,149,173,173,188,232,232,232,327,327,348,348,171,504,515,515],"floor_reached":40,"playtime":1643,"items_purged":["Strike_B","Defend_B"],"score":687,"play_id":"3136acd0-97cf-496d-845a-ed65aabc733d","local_time":"20190527205010","is_ascension_mode":true,"campfire_choices":[{"data":"Fission","floor":6.0,"key":"SMITH"},{"data":"Zap","floor":13.0,"key":"SMITH"},{"data":"Dualcast","floor":15.0,"key":"SMITH"},{"floor":23,"key":"REST"},{"data":"Thunder Strike","floor":25,"key":"SMITH"},{"data":"Coolheaded","floor":28,"key":"SMITH"},{"floor":32,"key":"REST"}],"neow_cost":"NONE","seed_source_timestamp":873479473397749,"circlet_count":0,"master_deck":["AscendersBane","Defend_B","Defend_B+1","Defend_B","Zap+1","Dualcast+1","Fission+1","Ball Lightning","Reinforced Body+1","Coolheaded+1","Conserve Battery+1","Electrodynamics","Gash","Self Repair","FTL","Thunder Strike+1","Chaos+1","Gash","Machine Learning","Conserve Battery","Self Repair"],"special_seed":0,"relics":["Cracked Core","Pantograph","Kunai","Oddly Smooth Stone","Philosopher\u0027s Stone","Enchiridion","Bottled Tornado","War Paint","Empty Cage"],"potions_floor_usage":[18,30,33],"damage_taken":[{"damage":9.0,"enemies":"2 Louse","floor":1.0,"turns":3.0},{"damage":0.0,"enemies":"Cultist","floor":4.0,"turns":3.0},{"damage":0.0,"enemies":"Small Slimes","floor":7.0,"turns":3.0},{"damage":0.0,"enemies":"Looter","floor":8.0,"turns":3.0},{"damage":12.0,"enemies":"3 Sentries","floor":10.0,"turns":11.0},{"damage":6.0,"enemies":"Large Slime","floor":14.0,"turns":6.0},{"damage":6.0,"enemies":"The Guardian","floor":16.0,"turns":15.0},{"damage":10,"enemies":"Chosen","floor":18,"turns":5},{"damage":12,"enemies":"2 Thieves","floor":19,"turns":2},{"damage":16,"enemies":"Centurion and Healer","floor":21,"turns":6},{"damage":15,"enemies":"Colosseum Slavers","floor":22,"turns":2},{"damage":0,"enemies":"Snake Plant","floor":27,"turns":2},{"damage":0,"enemies":"Shelled Parasite and Fungi","floor":29,"turns":3},{"damage":23,"enemies":"Book of Stabbing","floor":30,"turns":5},{"damage":43,"enemies":"Automaton","floor":33,"turns":10},{"damage":30,"enemies":"3 Shapes","floor":35,"turns":3},{"damage":25,"enemies":"3 Darklings","floor":39,"turns":5},{"damage":40,"enemies":"Giant Head","floor":40,"turns":6}],"seed_played":"-3417624376960675224","potions_obtained":[{"floor":4.0,"key":"SpeedPotion"},{"floor":8.0,"key":"PowerPotion"},{"floor":21,"key":"AttackPotion"},{"floor":29,"key":"Explosive Potion"}],"is_trial":false,"path_per_floor":["M","?","$","M","?","R","M","M","T","E","?","T","R","M","R","B",null,"M","M","$","M","?","R","?","R","T","M","R","M","E","?","R","B",null,"M","?","$","?","M","E"],"character_chosen":"DEFECT","items_purchased":["Reinforced Body","FTL","Self Repair"],"campfire_rested":2,"item_purchase_floors":[3,20,37],"current_hp_per_floor":[55,55,55,55,55,55,55,55,55,43,26,26,26,20,20,39,63,53,41,41,32,17,38,22,22,22,22,22,29,13,13,34,23,59,36,36,36,36,18,0],"gold":515,"neow_bonus":"ONE_RANDOM_RARE_CARD","is_prod":false,"is_daily":false,"chose_seed":false,"campfire_upgraded":5,"win_rate":0,"timestamp":1558983010,"path_taken":["M","?","$","?","?","R","M","M","T","E","?","?","R","M","R","BOSS","M","M","$","M","?","R","?","R","T","M","R","?","E","?","R","BOSS","M","?","$","?","M","E"],"build_version":"2019-01-23","purchased_purges":2,"victory":false,"max_hp_per_floor":[71,71,71,71,71,71,71,71,71,71,71,71,71,71,71,71,71,71,71,71,71,71,71,71,71,71,71,71,71,71,71,71,71,71,71,71,71,71,71,71],"card_choices":[{"not_picked":["Turbo","Compile Driver"],"picked":"Ball Lightning","floor":1.0},{"not_picked":["Doom and Gloom","Redo"],"picked":"Coolheaded","floor":4.0},{"not_picked":["Consume","Steam Power","Hello World"],"picked":"SKIP","floor":7.0},{"not_picked":["Melter","Gash"],"picked":"Cold Snap","floor":8.0},{"not_picked":["Doom and Gloom","Rebound","Reinforced Body"],"picked":"SKIP","floor":10.0},{"not_picked":["Steam","Coolheaded"],"picked":"Conserve Battery","floor":14.0},{"not_picked":["Amplify","Thunder Strike"],"picked":"Electrodynamics","floor":16.0},{"not_picked":["Auto Shields","Cold Snap"],"picked":"Gash","floor":18},{"not_picked":["Redo","Rebound"],"picked":"Self Repair","floor":19},{"not_picked":["Auto Shields","Streamline"],"picked":"Thunder Strike","floor":21},{"not_picked":["Sweeping Beam","Ball Lightning","Hologram"],"picked":"SKIP","floor":27},{"not_picked":["Steam Power","Ball Lightning"],"picked":"Chaos+1","floor":29},{"not_picked":["Sweeping Beam","Barrage"],"picked":"Gash","floor":30},{"not_picked":["Hyperbeam","Multi-Cast"],"picked":"Machine Learning","floor":33},{"not_picked":["Compile Driver","Beam Cell"],"picked":"Conserve Battery","floor":35},{"not_picked":["Steam Power","Barrage","Hyperbeam"],"picked":"SKIP","floor":39}],"player_experience":435992,"relics_obtained":[{"floor":9.0,"key":"Pantograph"},{"floor":10.0,"key":"Kunai"},{"floor":12.0,"key":"Oddly Smooth Stone"},{"floor":24,"key":"Enchiridion"},{"floor":26,"key":"Bottled Tornado"},{"floor":30,"key":"War Paint"}],"event_choices":[{"cards_removed":["Strike_B"],"damage_healed":0.0,"max_hp_gain":0.0,"max_hp_loss":0.0,"gold_gain":0.0,"event_name":"Purifier","player_choice":"Purged","floor":2.0,"gold_loss":0.0,"damage_taken":0.0},{"damage_healed":0.0,"max_hp_gain":0.0,"max_hp_loss":0.0,"gold_gain":0.0,"event_name":"The Cleric","player_choice":"Leave","floor":5.0,"gold_loss":0.0,"damage_taken":0.0},{"damage_healed":0.0,"max_hp_gain":0.0,"max_hp_loss":0.0,"gold_gain":0.0,"event_name":"Golden Idol","player_choice":"Take Damage","floor":11.0,"gold_loss":0.0,"damage_taken":17.0,"relics_obtained":["Golden Idol"]},{"damage_healed":0,"gold_gain":0,"player_choice":"Fight","damage_taken":0,"max_hp_gain":0,"max_hp_loss":0,"event_name":"Colosseum","floor":22,"gold_loss":0},{"damage_healed":0,"gold_gain":0,"player_choice":"Fled From Nobs","damage_taken":0,"max_hp_gain":0,"max_hp_loss":0,"event_name":"Colosseum","floor":22,"gold_loss":0},{"damage_healed":0,"gold_gain":0,"player_choice":"Obtained Book","damage_taken":16,"max_hp_gain":0,"max_hp_loss":0,"event_name":"Cursed Tome","floor":24,"gold_loss":0},{"damage_healed":0,"gold_gain":0,"player_choice":"Forge","damage_taken":0,"max_hp_gain":0,"max_hp_loss":0,"event_name":"Accursed Blacksmith","floor":31,"gold_loss":0,"cards_upgraded":["Reinforced Body"]},{"cards_removed":["Cold Snap"],"damage_healed":0,"gold_gain":0,"player_choice":"Removed Attack","damage_taken":0,"max_hp_gain":0,"max_hp_loss":0,"event_name":"Falling","floor":36,"gold_loss":0},{"damage_healed":0,"gold_gain":333,"player_choice":"Gave Idol","damage_taken":0,"max_hp_gain":0,"max_hp_loss":0,"event_name":"The Moai Head","floor":38,"relics_lost":["Golden Idol"],"gold_loss":0}],"is_beta":false,"boss_relics":[{"not_picked":["Orrery","Calling Bell"],"picked":"Philosopher\u0027s Stone"},{"not_picked":["Eternal Feather","Pandora\u0027s Box"],"picked":"Empty Cage"}],"items_purged_floors":[20,37],"is_endless":false,"potions_floor_spawned":[4,8,21,22,29],"killed_by":"Giant Head","ascension_level":14}