{"gold_per_floor":[110,124,124,144,165,208,208,208,208,231,262,303,303,328,328,456,456,471,471,471,117,141,141,176,176,176,176,76,95,114,139,139,259,259,282,61,82,1081,1081,1081,1097,1097],"floor_reached":42,"playtime":2865,"items_purged":["Corruption","Strike_R","Doubt"],"score":480,"play_id":"d4b7ad85-035d-4392-8026-95ce8b890ad0","local_time":"20190325170525","is_ascension_mode":false,"campfire_choices":[{"floor":8,"key":"REST"},{"floor":15,"key":"REST"},{"floor":23,"key":"REST"},{"floor":32,"key":"RECALL"},{"floor":40,"key":"REST"}],"neow_cost":"NONE","seed_source_timestamp":165118787595100,"circlet_count":0,"master_deck":["Strike_R+1","Defend_R","Defend_R","Defend_R","Defend_R","Bash","Rampage+1","Inflame","True Grit","Headbutt","Shrug It Off","Bloodletting","Metallicize","Barricade","RitualDagger","Impervious","PanicButton","Shrug It Off","Entrench","Body Slam+1","Decay","Doubt","Offering","Body Slam+1"],"relics":["Burning Blood","Golden Idol","Whetstone","Bottled Flame","Odd Mushroom","Bottled Tornado","Philosopher\u0027s Stone","Dodecahedron","Unceasing Top","Calling Bell","Omamori","The Courier","Prayer Wheel"],"potions_floor_usage":[6,12,12,16,18,24,24,25,33,33,41],"damage_taken":[{"damage":1,"enemies":"Cultist","floor":1,"turns":3},{"damage":1,"enemies":"Jaw Worm","floor":2,"turns":3},{"damage":16,"enemies":"2 Louse","floor":4,"turns":4},{"damage":3,"enemies":"Looter","floor":5,"turns":3},{"damage":18,"enemies":"Lagavulin","floor":6,"turns":7},{"damage":2,"enemies":"Blue Slaver","floor":10,"turns":4},{"damage":17,"enemies":"The Mushroom Lair","floor":11,"turns":5},{"damage":18,"enemies":"Gremlin Nob","floor":12,"turns":5},{"damage":6,"enemies":"2 Fungi Beasts","floor":14,"turns":3},{"damage":47,"enemies":"The Guardian","floor":16,"turns":9},{"damage":31,"enemies":"2 Thieves","floor":18,"turns":4},{"damage":0,"enemies":"Chosen","floor":22,"turns":7},{"damage":15,"enemies":"Slavers","floor":24,"turns":8},{"damage":0,"enemies":"3 Cultists","floor":25,"turns":2},{"damage":0,"enemies":"Snecko","floor":29,"turns":7},{"damage":6,"enemies":"Snake Plant","floor":30,"turns":5},{"damage":14,"enemies":"Chosen and Byrds","floor":31,"turns":9},{"damage":30,"enemies":"Collector","floor":33,"turns":10},{"damage":21,"enemies":"3 Darklings","floor":35,"turns":17},{"damage":60,"enemies":"Orb Walker","floor":37,"turns":7},{"damage":11,"enemies":"3 Darklings","floor":41,"turns":14},{"damage":37,"enemies":"Jaw Worm Horde","floor":42,"turns":3}],"seed_played":"571937832865248610","potions_obtained":[{"floor":1,"key":"SpeedPotion"},{"floor":2,"key":"Dexterity Potion"},{"floor":10,"key":"Swift Potion"},{"floor":11,"key":"Block Potion"},{"floor":12,"key":"PowerPotion"},{"floor":18,"key":"Fire Potion"},{"floor":24,"key":"SmokeBomb"},{"floor":30,"key":"Strength Potion"},{"floor":31,"key":"Explosive Potion"},{"floor":37,"key":"EssenceOfSteel"}],"is_trial":false,"path_per_floor":["M","M","?","M","M","E","?","R","T","M","?","E","?","M","R","B",null,"M","?","?","$","M","R","E","M","T","?","$","M","M","M","R","B",null,"M","$","M","?","?","R","M","M"],"character_chosen":"IRONCLAD","items_purchased":["Impervious","PanicButton","Block Potion","Offering"],"campfire_rested":4,"item_purchase_floors":[21,21,21,36],"current_hp_per_floor":[80,80,60,50,53,41,41,65,65,69,58,46,46,46,70,29,80,55,49,49,49,55,79,70,76,76,76,76,80,80,72,72,48,80,65,65,11,11,11,35,30,0],"gold":1097,"neow_bonus":"REMOVE_CARD","is_prod":false,"is_daily":false,"chose_seed":false,"campfire_upgraded":0,"win_rate":0,"timestamp":1553558725,"path_taken":["M","M","?","M","M","E","?","R","T","?","?","E","?","M","R","BOSS","M","?","?","$","M","R","E","M","T","?","$","M","M","M","R","BOSS","M","$","M","?","?","R","M","M"],"build_version":"2019-01-23","purchased_purges":3,"victory":false,"max_hp_per_floor":[80,80,80,80,80,80,80,80,80,80,80,80,80,80,80,80,80,80,80,80,80,80,80,80,80,80,80,80,80,80,80,80,80,80,80,80,80,80,80,80,80,80],"card_choices":[{"not_picked":["Thunderclap","Battle Trance"],"picked":"Rampage","floor":1},{"not_picked":["Thunderclap","Fire Breathing"],"picked":"Inflame","floor":2},{"not_picked":["Twin Strike","Cleave"],"picked":"True Grit","floor":4},{"not_picked":["Cleave","Iron Wave","Intimidate"],"picked":"SKIP","floor":5},{"not_picked":["Flex","Anger"],"picked":"Headbutt","floor":6},{"not_picked":["Perfected Strike","Sword Boomerang"],"picked":"Shrug It Off","floor":10},{"not_picked":["Havoc","Sword Boomerang","Clash"],"picked":"SKIP","floor":12},{"not_picked":["Havoc","Sword Boomerang","Clash"],"picked":"SKIP","floor":12},{"not_picked":["Rupture","Twin Strike"],"picked":"Metallicize","floor":14},{"not_picked":["Exhume","Berserk"],"picked":"Barricade","floor":16},{"not_picked":["Intimidate","Corruption","Disarm+1"],"picked":"SKIP","floor":18},{"not_picked":["Infernal Blade","Sever Soul"],"picked":"Shrug It Off","floor":22},{"not_picked":["Armaments","Corruption+1","Warcry"],"picked":"SKIP","floor":24},{"not_picked":["Warcry+1","Evolve"],"picked":"Entrench","floor":29},{"not_picked":["Intimidate","Flame Barrier","Clothesline+1"],"picked":"SKIP","floor":30},{"not_picked":["Searing Blow","Juggernaut"],"picked":"Body Slam+1","floor":31},{"not_picked":["Intimidate","Spot Weakness+1","Feel No Pain"],"picked":"SKIP","floor":35},{"not_picked":["Dropkick+1","Warcry+1","Heavy Blade"],"picked":"SKIP","floor":35},{"not_picked":["Dropkick","Clothesline","Second Wind"],"picked":"SKIP","floor":37},{"not_picked":["Bloodletting+1","Juggernaut","Pummel"],"picked":"SKIP","floor":37},{"not_picked":["Clothesline","Sentinel+1"],"picked":"Body Slam+1","floor":41},{"not_picked":["Anger+1","Warcry","Heavy Blade"],"picked":"SKIP","floor":41},{"not_picked":["Anger+1","Warcry","Heavy Blade"],"picked":"SKIP","floor":41}],"player_experience":169623,"relics_obtained":[{"floor":6,"key":"Whetstone"},{"floor":9,"key":"Bottled Flame"},{"floor":11,"key":"Odd Mushroom"},{"floor":12,"key":"Bottled Tornado"},{"floor":24,"key":"Unceasing Top"},{"floor":34,"key":"Omamori"},{"floor":34,"key":"The Courier"},{"floor":34,"key":"Prayer Wheel"}],"event_choices":[{"damage_healed":0,"gold_gain":0,"player_choice":"Take Damage","damage_taken":20,"relics_obtained":["Golden Idol"],"max_hp_gain":0,"max_hp_loss":0,"event_name":"Golden Idol","floor":3,"gold_loss":0},{"damage_healed":0,"gold_gain":0,"cards_transformed":["Strike_R"],"player_choice":"Transformed","damage_taken":0,"max_hp_gain":0,"max_hp_loss":0,"event_name":"Transmorgrifier","floor":7,"gold_loss":0,"cards_obtained":["Corruption"]},{"damage_healed":0,"gold_gain":0,"player_choice":"Fought Mushrooms","damage_taken":0,"max_hp_gain":0,"max_hp_loss":0,"event_name":"Mushrooms","floor":11,"gold_loss":0},{"damage_healed":0,"gold_gain":0,"cards_transformed":["Strike_R"],"player_choice":"Change","damage_taken":0,"max_hp_gain":0,"max_hp_loss":0,"event_name":"Living Wall","floor":13,"gold_loss":0,"cards_obtained":["Bloodletting"]},{"damage_healed":0,"gold_gain":0,"player_choice":"Joined the Cult","damage_taken":6,"max_hp_gain":0,"max_hp_loss":0,"event_name":"Nest","floor":19,"gold_loss":0,"cards_obtained":["RitualDagger"]},{"damage_healed":0,"gold_gain":0,"player_choice":"Opened","damage_taken":0,"relics_obtained":["Dodecahedron"],"max_hp_gain":0,"max_hp_loss":0,"event_name":"The Mausoleum","floor":20,"gold_loss":0},{"damage_healed":0,"gold_gain":0,"player_choice":"Ignored","damage_taken":0,"max_hp_gain":0,"max_hp_loss":0,"event_name":"Vampires","floor":27,"gold_loss":0},{"damage_healed":0,"gold_gain":999,"player_choice":"Gold","damage_taken":0,"max_hp_gain":0,"max_hp_loss":0,"event_name":"MindBloom","floor":38,"gold_loss":0,"cards_obtained":["Normality","Normality"]},{"damage_healed":0,"gold_gain":0,"player_choice":"Ignored","damage_taken":0,"max_hp_gain":0,"max_hp_loss":0,"event_name":"Mysterious Sphere","floor":39,"gold_loss":0}],"is_beta":false,"boss_relics":[{"not_picked":["Tiny House","Empty Cage"],"picked":"Philosopher\u0027s Stone"},{"not_picked":["Snecko Eye","Fusion Hammer"],"picked":"Calling Bell"}],"items_purged_floors":[21,28,36],"is_endless":false,"potions_floor_spawned":[1,2,10,11,12,18,24,30,31,37],"killed_by":"Jaw Worm Horde","ascension_level":0}