{"gold_per_floor":[116,116,132,132,145,179,246,272,272,322,334,334,366,19,19,140,140,178,194,224,274,324,324],"floor_reached":23,"playtime":1397,"items_purged":[],"score":264,"play_id":"11c691c5-295f-467b-8cea-084d9f02a620","local_time":"20190313131437","is_ascension_mode":true,"campfire_choices":[{"data":"Fiend Fire","floor":12.0,"key":"SMITH"},{"floor":15.0,"key":"REST"}],"neow_cost":"TEN_PERCENT_HP_LOSS","seed_source_timestamp":74491543037136,"circlet_count":0,"master_deck":["Strike_R+1","Strike_R+1","Strike_R+1","Strike_R+1","Strike_R+1","Defend_R+1","Defend_R+1","Defend_R+1","Defend_R+1","Bash+1","Fiend Fire+1","Feel No Pain","Evolve+1","True Grit","HandOfGreed","Fiend Fire","Seeing Red","Anger+1","Wild Strike"],"special_seed":0,"relics":["Burning Blood","SsserpentHead","Lantern","Centennial Puzzle","Smiling Mask","Bottled Flame","Membership Card","Black Star"],"potions_floor_usage":[16,19,23],"damage_taken":[{"damage":7.0,"enemies":"2 Louse","floor":1.0,"turns":2.0},{"damage":6.0,"enemies":"Jaw Worm","floor":3.0,"turns":4.0},{"damage":6.0,"enemies":"Cultist","floor":5.0,"turns":4.0},{"damage":4.0,"enemies":"Gremlin Nob","floor":6.0,"turns":3.0},{"damage":7.0,"enemies":"Looter","floor":7.0,"turns":3.0},{"damage":40.0,"enemies":"Lagavulin","floor":8.0,"turns":9.0},{"damage":17.0,"enemies":"Exordium Wildlife","floor":11.0,"turns":4.0},{"damage":10.0,"enemies":"3 Sentries","floor":13.0,"turns":8.0},{"damage":38,"enemies":"The Guardian","floor":16,"turns":12},{"damage":12,"enemies":"2 Thieves","floor":18,"turns":4},{"damage":28,"enemies":"Spheric Guardian","floor":19,"turns":5},{"damage":10,"enemies":"Chosen and Byrds","floor":20,"turns":5},{"damage":34,"enemies":"Slavers","floor":23,"turns":1}],"seed_played":"9123957203131777697","potions_obtained":[{"floor":3.0,"key":"Explosive Potion"},{"floor":5.0,"key":"SteroidPotion"},{"floor":8.0,"key":"BloodPotion"},{"floor":13.0,"key":"BloodPotion"},{"floor":20,"key":"Regen Potion"}],"is_trial":false,"path_per_floor":["M","?","M","?","M","E","M","E","T","?","M","R","E","$","R","B",null,"M","M","M","?","?","E"],"character_chosen":"IRONCLAD","items_purchased":["True Grit","Membership Card","HandOfGreed"],"campfire_rested":1,"item_purchase_floors":[14,14,14],"current_hp_per_floor":[71,57,57,57,57,59,58,24,24,24,20,20,16,16,37,12,57,51,29,25,25,25,0],"gold":324,"neow_bonus":"THREE_RARE_CARDS","is_prod":false,"is_daily":false,"chose_seed":false,"campfire_upgraded":1,"win_rate":0,"timestamp":1552479277,"path_taken":["M","?","M","?","M","E","?","E","T","?","M","R","E","$","R","BOSS","M","M","M","?","?","E"],"build_version":"2019-01-23","purchased_purges":0,"victory":false,"max_hp_per_floor":[72,72,72,72,72,72,72,72,72,72,72,72,72,72,72,72,72,72,72,72,72,72,72],"card_choices":[{"not_picked":["Brutality","Reaper"],"picked":"Fiend Fire","floor":0.0},{"not_picked":["Body Slam","Intimidate"],"picked":"Feel No Pain","floor":1.0},{"not_picked":["Shockwave","Rupture"],"picked":"Evolve","floor":3.0},{"not_picked":["Anger","Searing Blow","Body Slam"],"picked":"SKIP","floor":5.0},{"not_picked":["Thunderclap","Perfected Strike","Pommel Strike"],"picked":"SKIP","floor":6.0},{"not_picked":["Fire Breathing","Ghostly Armor","Body Slam"],"picked":"SKIP","floor":7.0},{"not_picked":["Barricade","Havoc","Limit Break"],"picked":"SKIP","floor":8.0},{"not_picked":["Perfected Strike","Pommel Strike","Body Slam"],"picked":"SKIP","floor":11.0},{"not_picked":["Havoc","Combust","Headbutt"],"picked":"SKIP","floor":13.0},{"not_picked":["Berserk","Feed"],"picked":"Fiend Fire","floor":16},{"not_picked":["Pommel Strike","Perfected Strike"],"picked":"Seeing Red","floor":18},{"not_picked":["Anger+1","Sentinel","Rage"],"picked":"SKIP","floor":19},{"not_picked":["Sentinel","Rage"],"picked":"Anger+1","floor":19},{"not_picked":["Fire Breathing","Sever Soul"],"picked":"Wild Strike","floor":20}],"player_experience":77033,"relics_obtained":[{"floor":6.0,"key":"Lantern"},{"floor":8.0,"key":"Centennial Puzzle"},{"floor":9.0,"key":"Smiling Mask"},{"floor":13.0,"key":"Bottled Flame"}],"event_choices":[{"damage_healed":0.0,"max_hp_gain":0.0,"max_hp_loss":0.0,"gold_gain":0.0,"event_name":"Shining Light","player_choice":"Entered Light","floor":2.0,"gold_loss":0.0,"damage_taken":14.0,"cards_upgraded":["Defend_R","Bash"]},{"damage_healed":0.0,"max_hp_gain":0.0,"max_hp_loss":0.0,"gold_gain":0.0,"event_name":"FaceTrader","player_choice":"Trade","floor":4.0,"gold_loss":0.0,"damage_taken":0.0,"relics_obtained":["SsserpentHead"]},{"damage_healed":0.0,"max_hp_gain":0.0,"max_hp_loss":0.0,"gold_gain":0.0,"event_name":"Living Wall","player_choice":"Grow","floor":10.0,"gold_loss":0.0,"damage_taken":0.0,"cards_upgraded":["Evolve"]},{"damage_healed":0,"gold_gain":0,"player_choice":"Simplicity","damage_taken":0,"max_hp_gain":0,"max_hp_loss":0,"event_name":"Back to Basics","floor":21,"gold_loss":0,"cards_upgraded":["Strike_R","Strike_R","Strike_R","Strike_R","Strike_R","Defend_R","Defend_R","Defend_R"]},{"damage_healed":0,"gold_gain":0,"player_choice":"Ignored","damage_taken":0,"max_hp_gain":0,"max_hp_loss":0,"event_name":"Ghosts","floor":22,"gold_loss":0}],"is_beta":false,"boss_relics":[{"not_picked":["Empty Cage","Eternal Feather"],"picked":"Black Star"}],"items_purged_floors":[],"is_endless":false,"potions_floor_spawned":[3,5,8,13,20],"killed_by":"Slavers","ascension_level":5}