{"gold_per_floor":[111,161,50,70,84,84,95,115,187,187,205,25,25,40,40,119,119,139,150,8,8,25,25,25,25,25,37,65,65,77,89,89,168,168,178,278,289,4,17,17,44,54,54,72,106,119,119,34,34,34,34],"floor_reached":52,"playtime":2940,"items_purged":["Strike_R","Strike_R"],"score":2031,"play_id":"7448f524-ac33-4a13-8f69-4985cfa95531","local_time":"20190530163737","is_ascension_mode":true,"campfire_choices":[{"data":"Bash","floor":6.0,"key":"SMITH"},{"data":"True Grit","floor":10.0,"key":"SMITH"},{"data":"Flex","floor":15.0,"key":"SMITH"},{"data":"Pommel Strike","floor":23.0,"key":"SMITH"},{"data":"Shockwave","floor":25.0,"key":"SMITH"},{"floor":29.0,"key":"REST"},{"floor":32,"key":"REST"},{"data":"Offering","floor":40,"key":"SMITH"},{"floor":49,"key":"REST"}],"neow_cost":"TEN_PERCENT_HP_LOSS","seed_source_timestamp":1116231935566573,"circlet_count":0,"master_deck":["AscendersBane","Strike_R+1","Defend_R","Defend_R","Defend_R","Bash+1","Pommel Strike+1","Rage","Dropkick","True Grit+1","Flex+1","Dropkick+1","Shockwave+1","Rupture","Offering+1","Flash of Steel","Thunderclap"],"special_seed":0,"relics":["Burning Blood","Letter Opener","Busted Crown","Kunai","Incense Burner","Runic Pyramid","Nunchaku","Paper Frog","Lantern","Whetstone","Gremlin Horn"],"potions_floor_usage":[30,33,50,50],"damage_taken":[{"damage":16.0,"enemies":"Jaw Worm","floor":1.0,"turns":5.0},{"damage":0.0,"enemies":"Cultist","floor":4.0,"turns":3.0},{"damage":0.0,"enemies":"2 Louse","floor":5.0,"turns":3.0},{"damage":15.0,"enemies":"Lots of Slimes","floor":7.0,"turns":8.0},{"damage":8.0,"enemies":"Looter","floor":8.0,"turns":2.0},{"damage":14.0,"enemies":"Exordium Wildlife","floor":11.0,"turns":5.0},{"damage":21.0,"enemies":"Exordium Thugs","floor":14.0,"turns":5.0},{"damage":14.0,"enemies":"Hexaghost","floor":16.0,"turns":6.0},{"damage":7.0,"enemies":"2 Thieves","floor":18.0,"turns":4.0},{"damage":6.0,"enemies":"Chosen","floor":19.0,"turns":3.0},{"damage":21.0,"enemies":"Snake Plant","floor":22.0,"turns":3.0},{"damage":6.0,"enemies":"3 Cultists","floor":27.0,"turns":4.0},{"damage":33.0,"enemies":"Gremlin Leader","floor":28.0,"turns":5.0},{"damage":11,"enemies":"Shelled Parasite and Fungi","floor":30,"turns":4},{"damage":0,"enemies":"Centurion and Healer","floor":31,"turns":5},{"damage":22,"enemies":"Champ","floor":33,"turns":10},{"damage":11,"enemies":"3 Darklings","floor":35,"turns":4},{"damage":12,"enemies":"Mind Bloom Boss Battle","floor":36,"turns":5},{"damage":16,"enemies":"3 Shapes","floor":37,"turns":6},{"damage":21,"enemies":"Writhing Mass","floor":39,"turns":5},{"damage":6,"enemies":"Giant Head","floor":41,"turns":4},{"damage":8,"enemies":"Maw","floor":42,"turns":4},{"damage":18,"enemies":"Sphere and 2 Shapes","floor":44,"turns":4},{"damage":6,"enemies":"Nemesis","floor":45,"turns":3},{"damage":18,"enemies":"Writhing Mass","floor":46,"turns":3},{"damage":14,"enemies":"Time Eater","floor":50,"turns":8},{"damage":1,"enemies":"Awakened One","floor":51,"turns":4}],"seed_played":"2534217723750836394","potions_obtained":[{"floor":4.0,"key":"Ancient Potion"},{"floor":5.0,"key":"Strength Potion"},{"floor":19.0,"key":"Fire Potion"},{"floor":22.0,"key":"EssenceOfSteel"},{"floor":30,"key":"Swift Potion"},{"floor":31,"key":"FairyPotion"},{"floor":35,"key":"EssenceOfSteel"}],"is_trial":false,"path_per_floor":["M","?","$","M","M","R","M","M","T","R","M","$","?","M","R","B",null,"M","M","$","?","M","R","$","R","T","M","E","R","M","M","R","B",null,"M","?","M","$","M","R","E","M","T","M","E","M","?","$","R","B","B",null],"character_chosen":"IRONCLAD","items_purchased":["Rage","Shockwave","Flash of Steel","Thunderclap","Paper Frog","Regen Potion"],"campfire_rested":3,"item_purchase_floors":[3,12,20,20,38,48],"current_hp_per_floor":[58,52,52,58,64,64,55,53,53,53,45,45,45,30,30,22,57,56,56,56,56,41,41,41,41,41,41,14,34,29,35,55,39,61,56,50,40,40,25,25,25,23,23,11,11,12,12,12,31,38,43],"gold":34,"neow_bonus":"REMOVE_TWO","is_prod":false,"is_daily":false,"chose_seed":false,"campfire_upgraded":6,"win_rate":0,"timestamp":1559227057,"path_taken":["M","?","?","M","?","R","M","M","T","R","M","$","?","?","R","BOSS","M","M","?","?","M","R","$","R","T","M","E","R","M","?","R","BOSS","M","?","M","$","M","R","E","M","T","M","E","M","?","?","R","BOSS","BOSS"],"build_version":"2019-01-23","purchased_purges":2,"victory":true,"max_hp_per_floor":[68,68,68,68,68,68,68,68,68,68,68,68,68,68,68,68,68,68,68,68,68,68,68,68,68,68,68,68,68,68,68,68,68,68,68,68,68,68,68,68,68,68,68,68,68,68,65,65,65,65,65],"card_choices":[{"not_picked":["Heavy Blade","Clothesline"],"picked":"Pommel Strike","floor":1.0},{"not_picked":["Infernal Blade","Thunderclap"],"picked":"Dropkick","floor":4.0},{"not_picked":["Fire Breathing","Rupture"],"picked":"True Grit","floor":5.0},{"not_picked":["Feel No Pain","Wild Strike"],"picked":"Flex","floor":7.0},{"not_picked":["Feed","Carnage","Bloodletting"],"picked":"SKIP","floor":8.0},{"not_picked":["Shrug It Off","Heavy Blade"],"picked":"Dropkick","floor":11.0},{"not_picked":["Twin Strike","Perfected Strike","Armaments"],"picked":"SKIP","floor":14.0},{"not_picked":["Impervious","Demon Form"],"picked":"Offering","floor":16.0},{"not_picked":["Havoc"],"picked":"SKIP","floor":18.0},{"not_picked":["Havoc"],"picked":"SKIP","floor":18.0},{"not_picked":["Armaments+1"],"picked":"SKIP","floor":19.0},{"not_picked":["Disarm"],"picked":"SKIP","floor":22.0},{"not_picked":["Combust"],"picked":"SKIP","floor":27.0},{"not_picked":["Disarm"],"picked":"SKIP","floor":28.0},{"not_picked":["Burning Pact"],"picked":"SKIP","floor":30},{"not_picked":["Flex"],"picked":"SKIP","floor":31},{"not_picked":["Entrench"],"picked":"SKIP","floor":35},{"not_picked":["Sever Soul"],"picked":"SKIP","floor":37},{"not_picked":["Pummel"],"picked":"SKIP","floor":39},{"not_picked":["Uppercut"],"picked":"SKIP","floor":41},{"not_picked":["Feel No Pain"],"picked":"SKIP","floor":42},{"not_picked":["Iron Wave"],"picked":"SKIP","floor":44},{"not_picked":["Bloodletting"],"picked":"SKIP","floor":45},{"not_picked":["Bloodletting"],"picked":"SKIP","floor":46}],"player_experience":465054,"relics_obtained":[{"floor":9.0,"key":"Letter Opener"},{"floor":26.0,"key":"Kunai"},{"floor":28.0,"key":"Incense Burner"},{"floor":36,"key":"Nunchaku"},{"floor":41,"key":"Lantern"},{"floor":43,"key":"Whetstone"},{"floor":45,"key":"Gremlin Horn"}],"event_choices":[{"damage_healed":0.0,"max_hp_gain":0.0,"max_hp_loss":0.0,"gold_gain":50.0,"event_name":"FaceTrader","player_choice":"Touch","floor":2.0,"gold_loss":0.0,"damage_taken":6.0},{"damage_healed":0.0,"max_hp_gain":0.0,"max_hp_loss":0.0,"gold_gain":0.0,"cards_transformed":["Strike_R"],"event_name":"Transmorgrifier","player_choice":"Transformed","floor":13.0,"gold_loss":0.0,"damage_taken":0.0,"cards_obtained":["Rupture"]},{"damage_healed":0.0,"max_hp_gain":0.0,"max_hp_loss":0.0,"gold_gain":0.0,"event_name":"Ghosts","player_choice":"Ignored","floor":21.0,"gold_loss":0.0,"damage_taken":0.0},{"damage_healed":0,"gold_gain":0,"player_choice":"Fight","damage_taken":0,"max_hp_gain":0,"max_hp_loss":0,"event_name":"MindBloom","floor":36,"gold_loss":0},{"damage_healed":0,"gold_gain":0,"player_choice":"Max HP","damage_taken":0,"max_hp_gain":0,"max_hp_loss":3,"event_name":"Winding Halls","floor":47,"gold_loss":0}],"is_beta":false,"boss_relics":[{"not_picked":["Pandora\u0027s Box","Runic Dome"],"picked":"Busted Crown"},{"not_picked":["Empty Cage","White Beast Statue"],"picked":"Runic Pyramid"}],"items_purged_floors":[3,12],"is_endless":false,"potions_floor_spawned":[4,5,7,14,19,22,30,31,35,36,39,42],"ascension_level":20}