{"gold_per_floor":[115,125,35,50,67,67,142,142,167,167,184,201,232,247,247,318,318,328,339,175,194,194,194,194],"floor_reached":24,"playtime":1079,"items_purged":["Strike_G"],"score":428,"play_id":"e851bd4d-bbd0-4c47-86df-fad6a5af83d5","local_time":"20190602172531","is_ascension_mode":true,"campfire_choices":[{"data":"Bouncing Flask","floor":6.0,"key":"SMITH"},{"data":"Poisoned Stab","floor":8.0,"key":"SMITH"},{"data":"Neutralize","floor":10.0,"key":"SMITH"},{"data":"Survivor","floor":15,"key":"SMITH"},{"floor":23,"key":"REST"}],"neow_cost":"PERCENT_DAMAGE","seed_source_timestamp":1380175164403233,"circlet_count":0,"master_deck":["AscendersBane","Defend_G","Defend_G","Defend_G","Defend_G","Defend_G","Strike_G","Strike_G","Strike_G","Strike_G","Survivor+1","Neutralize+1","Backstab","Bouncing Flask+1","Deflect","Poisoned Stab+1","Dash","Bane","After Image","PiercingWail","Deadly Poison","Crippling Poison"],"special_seed":0,"relics":["Ring of the Snake","Mango","Bronze Scales","Ancient Tea Set","Philosopher\u0027s Stone"],"potions_floor_usage":[16,24],"damage_taken":[{"damage":1.0,"enemies":"Small Slimes","floor":1.0,"turns":4.0},{"damage":6.0,"enemies":"Jaw Worm","floor":2.0,"turns":6.0},{"damage":0.0,"enemies":"2 Louse","floor":4.0,"turns":2.0},{"damage":4.0,"enemies":"Looter","floor":5.0,"turns":3.0},{"damage":0.0,"enemies":"Blue Slaver","floor":11.0,"turns":3.0},{"damage":8.0,"enemies":"3 Louse","floor":12.0,"turns":2.0},{"damage":0.0,"enemies":"Lagavulin","floor":13.0,"turns":5.0},{"damage":0,"enemies":"Exordium Thugs","floor":14,"turns":4},{"damage":10,"enemies":"Hexaghost","floor":16,"turns":7},{"damage":16,"enemies":"2 Thieves","floor":18,"turns":5},{"damage":25,"enemies":"Chosen","floor":19,"turns":5},{"damage":21,"enemies":"Snake Plant","floor":21,"turns":4},{"damage":32,"enemies":"Slavers","floor":24,"turns":3}],"seed_played":"-5820690175080823799","potions_obtained":[{"floor":4.0,"key":"SpeedPotion"},{"floor":5.0,"key":"Swift Potion"},{"floor":11.0,"key":"Ancient Potion"},{"floor":14,"key":"Poison Potion"},{"floor":19,"key":"GhostInAJar"},{"floor":21,"key":"FearPotion"}],"is_trial":false,"path_per_floor":["M","M","$","M","M","R","?","R","T","R","M","M","E","M","R","B",null,"M","M","$","M","?","R","E"],"character_chosen":"THE_SILENT","items_purchased":["Bouncing Flask","Crippling Poison"],"campfire_rested":1,"item_purchase_floors":[3,20],"current_hp_per_floor":[57,51,51,51,47,47,36,36,36,36,36,28,28,28,28,18,65,49,24,24,3,3,27,0],"gold":194,"neow_bonus":"ONE_RARE_RELIC","is_prod":false,"is_daily":false,"chose_seed":false,"campfire_upgraded":4,"win_rate":0,"timestamp":1559489131,"path_taken":["M","M","$","M","M","R","?","R","T","R","M","M","E","M","R","BOSS","M","M","$","M","?","R","E"],"build_version":"2019-01-23","purchased_purges":1,"victory":false,"max_hp_per_floor":[80,80,80,80,80,80,80,80,80,80,80,80,80,80,80,80,80,80,80,80,80,80,80,80],"card_choices":[{"not_picked":["Flying Knee","Blur"],"picked":"Backstab","floor":1.0},{"not_picked":["Prepared","Calculated Gamble","Outmaneuver"],"picked":"SKIP","floor":2.0},{"not_picked":["Outmaneuver","Dagger Throw"],"picked":"Deflect","floor":4.0},{"not_picked":["Dagger Throw","Cloak And Dagger"],"picked":"Poisoned Stab","floor":5.0},{"not_picked":["All Out Attack","Sucker Punch","Riddle With Holes"],"picked":"SKIP","floor":11.0},{"not_picked":["Deflect","Acrobatics"],"picked":"Dash","floor":12.0},{"not_picked":["Finisher","Skewer","Expertise"],"picked":"SKIP","floor":13.0},{"not_picked":["Skewer","Calculated Gamble"],"picked":"Bane","floor":14},{"not_picked":["Malaise","Bullet Time"],"picked":"After Image","floor":16},{"not_picked":["Calculated Gamble","Dagger Spray"],"picked":"PiercingWail","floor":18},{"not_picked":["Dagger Throw","Sucker Punch+1"],"picked":"Deadly Poison","floor":19},{"not_picked":["Accuracy","Prepared","Blade Dance"],"picked":"SKIP","floor":21}],"player_experience":500955,"relics_obtained":[{"floor":9.0,"key":"Bronze Scales"},{"floor":13.0,"key":"Ancient Tea Set"}],"event_choices":[{"damage_healed":0.0,"max_hp_gain":0.0,"max_hp_loss":0.0,"gold_gain":75.0,"event_name":"World of Goop","player_choice":"Gather Gold","floor":7.0,"gold_loss":0.0,"damage_taken":11.0},{"damage_healed":0,"gold_gain":0,"player_choice":"Ignored","damage_taken":0,"max_hp_gain":0,"max_hp_loss":0,"event_name":"Ghosts","floor":22,"gold_loss":0}],"is_beta":false,"boss_relics":[{"not_picked":["Runic Dome","White Beast Statue"],"picked":"Philosopher\u0027s Stone"}],"items_purged_floors":[20],"is_endless":false,"potions_floor_spawned":[4,5,11,12,14,19,21],"killed_by":"Slavers","ascension_level":18}