{"gold_per_floor":[111,111,129,129,50,50,81,101,127,152,170,170,15,31,31,108,108,126,144,144,154,173,173,208,208],"floor_reached":25,"playtime":1068,"items_purged":["Strike_G"],"score":490,"play_id":"b798b852-2945-4017-9799-9c4027baa80f","local_time":"20190602175700","is_ascension_mode":true,"campfire_choices":[{"data":"Neutralize","floor":6.0,"key":"SMITH"},{"floor":12.0,"key":"REST"},{"data":"A Thousand Cuts","floor":15.0,"key":"SMITH"},{"data":"Leg Sweep","floor":23.0,"key":"SMITH"}],"neow_cost":"NONE","seed_source_timestamp":1381890445452236,"circlet_count":0,"master_deck":["AscendersBane","Defend_G+1","Defend_G","Defend_G","Defend_G","Defend_G","Strike_G","Strike_G","Strike_G+1","Strike_G","Survivor","Neutralize+1","Infinite Blades","Quick Slash","Infinite Blades","Dodge and Roll","A Thousand Cuts+1","Leg Sweep+1","Die Die Die","PiercingWail"],"special_seed":0,"relics":["Ring of the Snake","NeowsBlessing","Pen Nib","Dodecahedron","Blood Vial","Anchor","Philosopher\u0027s Stone","Omamori"],"potions_floor_usage":[],"damage_taken":[{"damage":0.0,"enemies":"Small Slimes","floor":1.0,"turns":1.0},{"damage":0.0,"enemies":"2 Louse","floor":3.0,"turns":1.0},{"damage":0.0,"enemies":"Lagavulin","floor":7.0,"turns":1.0},{"damage":0.0,"enemies":"Cultist","floor":8.0,"turns":3.0},{"damage":24.0,"enemies":"Gremlin Nob","floor":10.0,"turns":4.0},{"damage":0.0,"enemies":"Exordium Wildlife","floor":11.0,"turns":4.0},{"damage":7.0,"enemies":"Exordium Thugs","floor":14.0,"turns":5.0},{"damage":17.0,"enemies":"Slime Boss","floor":16.0,"turns":8.0},{"damage":7.0,"enemies":"2 Thieves","floor":18.0,"turns":4.0},{"damage":8.0,"enemies":"Spheric Guardian","floor":19.0,"turns":4.0},{"damage":1.0,"enemies":"Centurion and Healer","floor":21.0,"turns":8.0},{"damage":2.0,"enemies":"Chosen and Byrds","floor":22.0,"turns":4.0},{"damage":38.0,"enemies":"Book of Stabbing","floor":24.0,"turns":6.0},{"damage":29,"enemies":"Sentry and Sphere","floor":25,"turns":5}],"seed_played":"-91696381562673343","potions_obtained":[{"floor":1.0,"key":"SpeedPotion"},{"floor":8.0,"key":"SpeedPotion"},{"floor":16.0,"key":"Block Potion"},{"floor":20.0,"key":"Regen Potion"},{"floor":20.0,"key":"EntropicBrew"},{"floor":21.0,"key":"Strength Potion"},{"floor":22.0,"key":"Block Potion"},{"floor":24.0,"key":"LiquidBronze"}],"is_trial":false,"path_per_floor":["M","?","M","?","$","R","E","M","T","E","M","R","$","M","R","B",null,"M","M","?","M","M","R","E","M"],"character_chosen":"THE_SILENT","items_purchased":["Infinite Blades","Regen Potion"],"campfire_rested":1,"item_purchase_floors":[5,13],"current_hp_per_floor":[59,39,39,28,28,28,28,28,28,6,8,27,27,22,22,22,55,50,44,44,60,60,60,24,0],"gold":208,"neow_bonus":"THREE_ENEMY_KILL","is_prod":false,"is_daily":false,"chose_seed":false,"campfire_upgraded":3,"win_rate":0,"timestamp":1559491020,"path_taken":["M","?","M","?","$","R","E","M","T","E","M","R","$","M","R","BOSS","M","M","?","M","?","R","E","M"],"build_version":"2019-01-23","purchased_purges":1,"victory":false,"max_hp_per_floor":[66,66,66,66,66,66,66,66,66,66,66,66,66,66,66,66,66,66,66,66,66,66,66,66,66],"card_choices":[{"not_picked":["Poisoned Stab","Accuracy"],"picked":"Infinite Blades","floor":1.0},{"not_picked":["Dodge and Roll","Riddle With Holes"],"picked":"Quick Slash","floor":3.0},{"not_picked":["Deflect","Sucker Punch","Prepared"],"picked":"SKIP","floor":7.0},{"not_picked":["Deflect","Prepared"],"picked":"Dodge and Roll","floor":8.0},{"not_picked":["Choke","Quick Slash"],"picked":"A Thousand Cuts","floor":10.0},{"not_picked":["Terror","Choke"],"picked":"Leg Sweep","floor":11.0},{"not_picked":["Dagger Throw","Poisoned Stab","Acrobatics"],"picked":"SKIP","floor":14.0},{"not_picked":["Night Terror","Doppelganger"],"picked":"Die Die Die","floor":16.0},{"not_picked":["Acrobatics","Calculated Gamble","Poisoned Stab"],"picked":"SKIP","floor":18.0},{"not_picked":["Dagger Spray","Deadly Poison","Noxious Fumes"],"picked":"SKIP","floor":19.0},{"not_picked":["Prepared","Catalyst"],"picked":"PiercingWail","floor":21.0},{"not_picked":["Acrobatics","Dagger Throw+1","Bane"],"picked":"SKIP","floor":22.0},{"not_picked":["Dagger Spray","Flechettes","Endless Agony"],"picked":"SKIP","floor":24.0}],"player_experience":502571,"relics_obtained":[{"floor":7.0,"key":"Dodecahedron"},{"floor":9.0,"key":"Blood Vial"},{"floor":10.0,"key":"Anchor"},{"floor":24.0,"key":"Omamori"}],"event_choices":[{"damage_healed":0.0,"max_hp_gain":0.0,"max_hp_loss":0.0,"gold_gain":0.0,"event_name":"Shining Light","player_choice":"Entered Light","floor":2.0,"gold_loss":0.0,"damage_taken":20.0,"cards_upgraded":["Defend_G","Strike_G"]},{"damage_healed":0.0,"max_hp_gain":0.0,"max_hp_loss":0.0,"gold_gain":0.0,"event_name":"Scrap Ooze","player_choice":"Success","floor":4.0,"gold_loss":0.0,"damage_taken":11.0,"relics_obtained":["Pen Nib"]},{"damage_healed":0.0,"max_hp_gain":0.0,"max_hp_loss":0.0,"gold_gain":0.0,"event_name":"Lab","player_choice":"Got Potions","floor":20.0,"gold_loss":0.0,"damage_taken":0.0}],"is_beta":false,"boss_relics":[{"not_picked":["Eternal Feather","Astrolabe"],"picked":"Philosopher\u0027s Stone"}],"items_purged_floors":[13],"is_endless":false,"potions_floor_spawned":[1,8,16,21,22,24],"killed_by":"Sentry and Sphere","ascension_level":18}