{"gold_per_floor":[112,132,112,126,143,143,143,143,143,169,169,181,181,106,106,181,181,194,214,104,114,134,134,154,154,177,188,188],"floor_reached":28,"playtime":1145,"items_purged":["Strike_R"],"score":444,"play_id":"99ed1a5e-b6ab-4400-b751-490669a0863a","local_time":"20190628125334","is_ascension_mode":true,"campfire_choices":[{"data":"Shockwave","floor":6.0,"key":"SMITH"},{"data":"Bash","floor":11.0,"key":"SMITH"},{"data":"Defend_R","floor":15.0,"key":"SMITH"},{"data":"Shrug It Off","floor":23,"key":"SMITH"},{"floor":25,"key":"REST"}],"neow_cost":"NONE","seed_source_timestamp":248596316209362,"circlet_count":0,"master_deck":["AscendersBane","Strike_R","Strike_R","Defend_R+1","Defend_R","Defend_R","Defend_R","Bash+1","Twin Strike","Shockwave+1","Cleave","Juggernaut","Iron Wave+1","Shrug It Off+1"],"special_seed":0,"relics":["Burning Blood","Lantern","Pantograph","Self Forming Clay","Bag of Marbles","Sozu","Bronze Scales"],"potions_floor_usage":[22],"damage_taken":[{"damage":0.0,"enemies":"Cultist","floor":1.0,"turns":3.0},{"damage":14.0,"enemies":"2 Louse","floor":2.0,"turns":3.0},{"damage":2.0,"enemies":"Jaw Worm","floor":4.0,"turns":5.0},{"damage":7.0,"enemies":"Looter","floor":5.0,"turns":4.0},{"damage":26.0,"enemies":"Gremlin Nob","floor":10.0,"turns":4.0},{"damage":3.0,"enemies":"Blue Slaver","floor":12.0,"turns":2.0},{"damage":56.0,"enemies":"The Guardian","floor":16.0,"turns":15.0},{"damage":16,"enemies":"2 Thieves","floor":18,"turns":4},{"damage":7,"enemies":"Chosen","floor":19,"turns":5},{"damage":16,"enemies":"Shelled Parasite and Fungi","floor":21,"turns":5},{"damage":15,"enemies":"Snake Plant","floor":22,"turns":3},{"damage":29,"enemies":"Sentry and Sphere","floor":24,"turns":8},{"damage":9,"enemies":"Cultist and Chosen","floor":27,"turns":6},{"damage":37,"enemies":"Gremlin Leader","floor":28,"turns":4}],"seed_played":"-4907839036397505206","potions_obtained":[{"floor":3.0,"key":"SkillPotion"},{"floor":4.0,"key":"BloodPotion"},{"floor":5.0,"key":"Explosive Potion"},{"floor":16,"key":"AttackPotion"}],"is_trial":false,"path_per_floor":["M","M","?","M","M","R","?","?","T","E","R","M","?","$","R","B",null,"M","M","?","M","M","R","M","R","T","M","E"],"character_chosen":"IRONCLAD","items_purchased":[],"campfire_rested":1,"item_purchase_floors":[],"current_hp_per_floor":[74,66,66,70,69,69,64,64,64,44,44,47,52,52,52,27,67,57,56,56,46,37,37,14,38,38,35,0],"gold":188,"neow_bonus":"RANDOM_COMMON_RELIC","is_prod":false,"is_daily":false,"chose_seed":false,"campfire_upgraded":4,"win_rate":0,"timestamp":1561719214,"path_taken":["M","?","?","M","?","R","?","?","T","E","R","M","?","?","R","BOSS","BOSS","M","M","?","?","M","R","M","R","T","M","E"],"build_version":"2019-01-23","purchased_purges":1,"victory":false,"max_hp_per_floor":[75,75,75,75,75,75,75,75,75,75,75,75,80,80,80,80,80,80,80,80,80,80,80,80,80,80,80,80],"card_choices":[{"not_picked":["Burning Pact","Havoc"],"picked":"Twin Strike","floor":1.0},{"not_picked":["True Grit","Body Slam"],"picked":"Shockwave","floor":2.0},{"not_picked":["Heavy Blade","Headbutt","Havoc"],"picked":"SKIP","floor":4.0},{"not_picked":["Flex","Sword Boomerang"],"picked":"Cleave","floor":5.0},{"not_picked":["Searing Blow","Dark Embrace","Power Through"],"picked":"SKIP","floor":10.0},{"not_picked":["Uppercut","Clothesline","Heavy Blade"],"picked":"SKIP","floor":12.0},{"not_picked":["Barricade","Exhume"],"picked":"Juggernaut","floor":16},{"not_picked":["Armaments","Burning Pact"],"picked":"Iron Wave","floor":18},{"not_picked":["Infernal Blade","Intimidate+1","Heavy Blade"],"picked":"SKIP","floor":19},{"not_picked":["Wild Strike+1","Uppercut","Armaments"],"picked":"SKIP","floor":21},{"not_picked":["Entrench","Twin Strike+1"],"picked":"Shrug It Off","floor":22},{"not_picked":["Flex","Clash+1","Havoc"],"picked":"SKIP","floor":24},{"not_picked":["Heavy Blade+1","Armaments","Blood for Blood+1"],"picked":"SKIP","floor":27}],"player_experience":672906,"relics_obtained":[{"floor":9.0,"key":"Self Forming Clay"},{"floor":10.0,"key":"Bag of Marbles"},{"floor":26,"key":"Bronze Scales"}],"event_choices":[{"damage_healed":0.0,"max_hp_gain":0.0,"max_hp_loss":0.0,"gold_gain":0.0,"event_name":"The Woman in Blue","player_choice":"Bought 1 Potion","floor":3.0,"gold_loss":0.0,"damage_taken":0.0},{"damage_healed":0.0,"max_hp_gain":0.0,"max_hp_loss":0.0,"gold_gain":0.0,"event_name":"Scrap Ooze","player_choice":"Success","floor":7.0,"gold_loss":0.0,"damage_taken":5.0,"relics_obtained":["Pantograph"]},{"cards_removed":["Strike_R"],"damage_healed":0.0,"max_hp_gain":0.0,"max_hp_loss":0.0,"gold_gain":0.0,"event_name":"Living Wall","player_choice":"Forget","floor":8.0,"gold_loss":0.0,"damage_taken":0.0},{"damage_healed":0.0,"max_hp_gain":5.0,"max_hp_loss":0.0,"gold_gain":0.0,"event_name":"Big Fish","player_choice":"Donut","floor":13.0,"gold_loss":0.0,"damage_taken":0.0},{"cards_removed":["Strike_R"],"damage_healed":0,"gold_gain":0,"player_choice":"Upgrade and Remove","damage_taken":0,"max_hp_gain":0,"max_hp_loss":0,"event_name":"Designer","floor":20,"gold_loss":110,"cards_upgraded":["Iron Wave"]}],"is_beta":false,"boss_relics":[{"not_picked":["Empty Cage","Runic Pyramid"],"picked":"Sozu"}],"items_purged_floors":[14],"is_endless":false,"potions_floor_spawned":[4,5,16,19,24,27],"killed_by":"Gremlin Leader","ascension_level":20}