{"gold_per_floor":[13,13,13,23,39,73,92,92,92,117,117,128,142,176,176,249,249,229,229,14,29,48,48,75,75,130,144,162,175,186,201,201,278,278,290,301,401,401,401,401,433,433,433,458,458,469,109,123,123,123],"floor_reached":50,"playtime":2197,"items_purged":["Strike_R"],"score":1015,"play_id":"f7d9e318-08d4-45aa-a113-c781b5bdb608","local_time":"20190522173536","is_ascension_mode":true,"campfire_choices":[{"data":"Flex","floor":8,"key":"SMITH"},{"data":"Bash","floor":11,"key":"SMITH"},{"floor":15,"key":"REST"},{"floor":23,"key":"REST"},{"data":"Reaper","floor":25,"key":"SMITH"},{"data":"Metallicize","floor":32,"key":"SMITH"},{"data":"Metallicize","floor":40,"key":"SMITH"},{"data":"Sword Boomerang","floor":42,"key":"SMITH"},{"data":"Flame Barrier","floor":45,"key":"SMITH"},{"data":"Havoc","floor":49,"key":"SMITH"}],"neow_cost":"NO_GOLD","seed_source_timestamp":429208212084148,"circlet_count":0,"master_deck":["AscendersBane","Strike_R","Strike_R","Strike_R","Defend_R","Defend_R","Defend_R","Bash+1","Flex+1","Headbutt","Thunderclap","Clash","Shrug It Off","Metallicize+1","Feed","Feed","Anger","Sword Boomerang+1","Havoc+1","Twin Strike","Spot Weakness","Flame Barrier+1","Anger","Reaper+1","Warcry+1","Metallicize+1","Juggernaut","Heavy Blade+1"],"special_seed":0,"relics":["Burning Blood","Potion Belt","Centennial Puzzle","Omamori","Bottled Flame","Orrery","Brimstone","Orichalcum","Juzu Bracelet","Sozu","Magic Flower","Blue Candle","CultistMask","Lantern","Torii","Peace Pipe","Kunai"],"potions_floor_usage":[6,6,14,14,33,33,41,50],"damage_taken":[{"damage":6.0,"enemies":"2 Louse","floor":1.0,"turns":3.0},{"damage":2,"enemies":"Jaw Worm","floor":4,"turns":3},{"damage":1,"enemies":"Cultist","floor":5,"turns":3},{"damage":20,"enemies":"Lagavulin","floor":6,"turns":3},{"damage":17,"enemies":"Exordium Thugs","floor":7,"turns":5},{"damage":8,"enemies":"Blue Slaver","floor":12,"turns":2},{"damage":1,"enemies":"Exordium Wildlife","floor":13,"turns":2},{"damage":12,"enemies":"3 Sentries","floor":14,"turns":6},{"damage":38,"enemies":"The Guardian","floor":16,"turns":13},{"damage":22,"enemies":"2 Thieves","floor":18,"turns":4},{"damage":29,"enemies":"3 Byrds","floor":21,"turns":4},{"damage":15,"enemies":"Centurion and Healer","floor":22,"turns":5},{"damage":36,"enemies":"Gremlin Leader","floor":24,"turns":5},{"damage":0,"enemies":"Snake Plant","floor":27,"turns":1},{"damage":10,"enemies":"3 Cultists","floor":28,"turns":3},{"damage":26,"enemies":"Shelled Parasite and Fungi","floor":29,"turns":3},{"damage":5,"enemies":"Centurion and Healer","floor":30,"turns":4},{"damage":23,"enemies":"3 Cultists","floor":31,"turns":5},{"damage":110,"enemies":"Automaton","floor":33,"turns":10},{"damage":24,"enemies":"3 Shapes","floor":35,"turns":5},{"damage":9,"enemies":"Orb Walker","floor":36,"turns":2},{"damage":51,"enemies":"Mind Bloom Boss Battle","floor":37,"turns":4},{"damage":46,"enemies":"Giant Head","floor":41,"turns":6},{"damage":59,"enemies":"Reptomancer","floor":44,"turns":4},{"damage":10,"enemies":"Jaw Worm Horde","floor":46,"turns":4},{"damage":15,"enemies":"Writhing Mass","floor":48,"turns":4},{"damage":103,"enemies":"Awakened One","floor":50,"turns":5}],"seed_played":"-5118580183323453750","potions_obtained":[{"floor":1.0,"key":"AttackPotion"},{"floor":5,"key":"AttackPotion"},{"floor":7,"key":"SteroidPotion"},{"floor":12,"key":"Explosive Potion"},{"floor":24,"key":"Swift Potion"},{"floor":28,"key":"Dexterity Potion"},{"floor":29,"key":"SkillPotion"},{"floor":31,"key":"EssenceOfSteel"}],"is_trial":false,"path_per_floor":["M","?","?","M","M","E","M","R","T","T","R","M","M","E","R","B",null,"M","?","$","M","M","R","E","R","T","M","M","M","M","M","R","B",null,"M","M","?","T","?","R","E","R","T","E","R","M","$","M","R","B"],"character_chosen":"IRONCLAD","items_purchased":["Brimstone","Kunai"],"campfire_rested":2,"item_purchase_floors":[20,47],"current_hp_per_floor":[68,73,73,77,80,66,55,55,55,55,55,53,58,52,76,44,71,55,55,55,35,26,50,23,23,23,29,56,39,70,80,80,16,80,72,91,46,46,46,46,74,74,74,77,77,98,98,92,92,0],"gold":123,"neow_bonus":"REMOVE_TWO","is_prod":false,"is_daily":false,"chose_seed":false,"campfire_upgraded":8,"win_rate":0,"timestamp":1558539336,"path_taken":["M","?","?","M","M","E","M","R","T","?","R","?","M","E","R","BOSS","M","?","$","M","M","R","E","R","T","M","M","M","M","M","R","BOSS","M","M","?","?","?","R","E","R","T","E","R","M","$","M","R","BOSS"],"build_version":"2019-01-23","purchased_purges":1,"victory":false,"max_hp_per_floor":[75,80,80,80,80,80,80,80,80,80,80,80,80,80,80,80,80,80,80,80,83,83,83,86,86,86,86,89,92,95,98,98,101,101,101,104,104,104,104,104,104,104,104,107,107,110,110,110,110,110],"card_choices":[{"not_picked":["Entrench","Metallicize"],"picked":"Flex","floor":1.0},{"not_picked":["Wild Strike","Seeing Red","Pommel Strike"],"picked":"SKIP","floor":4},{"not_picked":["Seeing Red","Pommel Strike"],"picked":"Headbutt","floor":5},{"not_picked":["Heavy Blade","Flex"],"picked":"Thunderclap","floor":6},{"not_picked":["Juggernaut","Clothesline","Perfected Strike"],"picked":"SKIP","floor":7},{"not_picked":["Double Tap","Thunderclap"],"picked":"Clash","floor":12},{"not_picked":["Perfected Strike","Clothesline"],"picked":"Shrug It Off","floor":13},{"not_picked":["Anger","Fiend Fire"],"picked":"Metallicize","floor":14},{"not_picked":["Limit Break","Bludgeon"],"picked":"Feed","floor":16},{"not_picked":["Body Slam","Wild Strike"],"picked":"Feed","floor":17},{"not_picked":["Shockwave","Pummel"],"picked":"Anger","floor":17},{"not_picked":["Twin Strike","Cleave"],"picked":"Sword Boomerang","floor":17},{"not_picked":["Reckless Charge","Second Wind"],"picked":"Havoc","floor":17},{"not_picked":["Searing Blow","Warcry"],"picked":"Twin Strike","floor":17},{"not_picked":["Shockwave+1","Bloodletting"],"picked":"Spot Weakness","floor":18},{"not_picked":["Clothesline","Dual Wield","Havoc"],"picked":"SKIP","floor":21},{"not_picked":["Twin Strike","Pommel Strike"],"picked":"Anger","floor":22},{"not_picked":["Spot Weakness","Clothesline"],"picked":"Reaper","floor":24},{"not_picked":["Dual Wield","Anger","Pommel Strike"],"picked":"SKIP","floor":27},{"not_picked":["Body Slam","Infernal Blade","Thunderclap+1"],"picked":"SKIP","floor":28},{"not_picked":["Rampage","Cleave"],"picked":"Warcry+1","floor":29},{"not_picked":["Pommel Strike","Clothesline","Havoc"],"picked":"SKIP","floor":30},{"not_picked":["Havoc","Clothesline"],"picked":"Metallicize","floor":31},{"not_picked":["Exhume","Impervious"],"picked":"Juggernaut","floor":33},{"not_picked":["Inflame+1","Pummel"],"picked":"Heavy Blade+1","floor":35},{"not_picked":["True Grit+1","Shrug It Off","Iron Wave"],"picked":"SKIP","floor":36},{"not_picked":["Intimidate","Body Slam","Cleave"],"picked":"SKIP","floor":41},{"not_picked":["Demon Form","Wild Strike+1","Dual Wield"],"picked":"SKIP","floor":44},{"not_picked":["Armaments","Ghostly Armor","True Grit"],"picked":"SKIP","floor":46},{"not_picked":["Iron Wave+1","Flex","Pommel Strike"],"picked":"SKIP","floor":48}],"player_experience":350817,"relics_obtained":[{"floor":6,"key":"Potion Belt"},{"floor":9,"key":"Centennial Puzzle"},{"floor":10,"key":"Omamori"},{"floor":14,"key":"Bottled Flame"},{"floor":24,"key":"Orichalcum"},{"floor":26,"key":"Juzu Bracelet"},{"floor":37,"key":"Magic Flower"},{"floor":38,"key":"Blue Candle"},{"floor":41,"key":"Lantern"},{"floor":43,"key":"Torii"},{"floor":44,"key":"Peace Pipe"}],"event_choices":[{"damage_healed":0.0,"max_hp_gain":5.0,"max_hp_loss":0.0,"gold_gain":0.0,"event_name":"Big Fish","player_choice":"Donut","floor":2.0,"gold_loss":0.0,"damage_taken":0.0},{"damage_healed":0.0,"max_hp_gain":0.0,"max_hp_loss":0.0,"gold_gain":0.0,"event_name":"The Cleric","player_choice":"Leave","floor":3.0,"gold_loss":0.0,"damage_taken":0.0},{"damage_healed":0,"gold_gain":0,"player_choice":"Read","damage_taken":0,"max_hp_gain":0,"max_hp_loss":0,"event_name":"The Library","floor":19,"gold_loss":0,"cards_obtained":["Flame Barrier"]},{"damage_healed":0,"gold_gain":0,"player_choice":"Fight","damage_taken":0,"max_hp_gain":0,"max_hp_loss":0,"event_name":"MindBloom","floor":37,"gold_loss":0},{"damage_healed":0,"gold_gain":0,"player_choice":"Trade","damage_taken":0,"relics_obtained":["CultistMask"],"max_hp_gain":0,"max_hp_loss":0,"event_name":"FaceTrader","floor":39,"gold_loss":0}],"is_beta":false,"boss_relics":[{"not_picked":["Lizard Tail","Coffee Dripper"],"picked":"Orrery"},{"not_picked":["Pandora\u0027s Box","Empty Cage"],"picked":"Sozu"}],"items_purged_floors":[47],"is_endless":false,"potions_floor_spawned":[1,5,7,12,24,28,29,31,36,41,46],"killed_by":"Awakened One","ascension_level":16}