{"gold_per_floor":[109,129,129,146,163,194,39,64,134,168,188,188,188],"floor_reached":13,"playtime":630,"items_purged":[],"score":124,"play_id":"8058497e-93da-4a67-96ca-5b1c4f535750","local_time":"20190312192749","is_ascension_mode":true,"campfire_choices":[],"neow_cost":"NONE","seed_source_timestamp":11289203358706,"circlet_count":0,"master_deck":["Strike_B","Strike_B","Strike_B","Defend_B","Defend_B","Defend_B","Defend_B","Zap","Dualcast","Melter","Coolheaded","Ball Lightning","Reinforced Body","Blizzard","Machine Learning","Electrodynamics","Clumsy","Coolheaded","Force Field"],"relics":["Cursed Key","Shuriken","Emotion Chip","DataDisk","Odd Mushroom"],"potions_floor_usage":[6,6,8],"damage_taken":[{"damage":7,"enemies":"Small Slimes","floor":1,"turns":4},{"damage":0,"enemies":"2 Louse","floor":2,"turns":2},{"damage":7,"enemies":"Jaw Worm","floor":4,"turns":3},{"damage":9,"enemies":"2 Fungi Beasts","floor":5,"turns":4},{"damage":8,"enemies":"3 Sentries","floor":6,"turns":5},{"damage":12,"enemies":"Gremlin Nob","floor":8,"turns":4},{"damage":19,"enemies":"Lagavulin","floor":10,"turns":5},{"damage":9,"enemies":"The Mushroom Lair","floor":11,"turns":2},{"damage":13,"enemies":"3 Sentries","floor":13,"turns":3}],"seed_played":"6186590056680860513","potions_obtained":[{"floor":1,"key":"Ancient Potion"},{"floor":2,"key":"Regen Potion"},{"floor":5,"key":"Fire Potion"}],"is_trial":false,"path_per_floor":["M","M","?","M","M","E","$","E","T","E","?","?","E"],"character_chosen":"DEFECT","items_purchased":["Blizzard","Machine Learning"],"campfire_rested":0,"item_purchase_floors":[7,7],"current_hp_per_floor":[68,68,61,54,45,51,51,39,39,20,11,11,0],"gold":188,"neow_bonus":"BOSS_RELIC","is_prod":false,"is_daily":false,"chose_seed":false,"campfire_upgraded":0,"win_rate":0,"timestamp":1552415269,"path_taken":["M","M","?","M","M","E","$","E","T","E","?","?","E"],"build_version":"2019-01-23","purchased_purges":0,"victory":false,"max_hp_per_floor":[75,75,75,75,75,75,75,75,75,75,75,75,75],"card_choices":[{"not_picked":["Lockon","Turbo"],"picked":"Melter","floor":1},{"not_picked":["Hello World","Barrage"],"picked":"Coolheaded","floor":2},{"not_picked":["Stack","Redo","Consume"],"picked":"SKIP","floor":4},{"not_picked":["Stack","Gash"],"picked":"Ball Lightning","floor":5},{"not_picked":["Redo","Hologram"],"picked":"Reinforced Body","floor":6},{"not_picked":["Redo","Steam"],"picked":"Electrodynamics","floor":8},{"not_picked":["Hyperbeam","Chaos"],"picked":"Coolheaded","floor":10},{"not_picked":["Turbo","Aggregate"],"picked":"Force Field","floor":11}],"player_experience":73651,"relics_obtained":[{"floor":6,"key":"Shuriken"},{"floor":8,"key":"Emotion Chip"},{"floor":10,"key":"DataDisk"},{"floor":11,"key":"Odd Mushroom"}],"event_choices":[{"cards_removed":["Strike_B"],"damage_healed":0,"gold_gain":0,"player_choice":"Card Removal","damage_taken":7,"max_hp_gain":0,"max_hp_loss":0,"event_name":"Golden Wing","floor":3,"gold_loss":0},{"damage_healed":0,"gold_gain":0,"player_choice":"Fought Mushrooms","damage_taken":0,"max_hp_gain":0,"max_hp_loss":0,"event_name":"Mushrooms","floor":11,"gold_loss":0},{"damage_healed":0,"gold_gain":0,"player_choice":"Ignored","damage_taken":0,"max_hp_gain":0,"max_hp_loss":0,"event_name":"Shining Light","floor":12,"gold_loss":0}],"is_beta":false,"boss_relics":[],"items_purged_floors":[],"is_endless":false,"potions_floor_spawned":[1,2,5],"killed_by":"3 Sentries","ascension_level":4}