{"gold_per_floor":[110,110,22,37,37,37,70,70,96,120,134,134,159,177,177,177],"floor_reached":16,"playtime":1818,"items_purged":[],"score":102,"play_id":"3ba53508-2c83-44dd-b86a-9e5ef35bda22","local_time":"20190629182529","is_ascension_mode":false,"campfire_choices":[{"data":"Cleave","floor":6,"key":"SMITH"},{"floor":8,"key":"REST"},{"data":"Double Tap","floor":12,"key":"SMITH"},{"floor":15,"key":"REST"}],"neow_cost":"","seed_source_timestamp":1380863951872858,"circlet_count":0,"master_deck":["Strike_R","Strike_R","Strike_R","Strike_R","Strike_R","Defend_R","Defend_R","Defend_R","Defend_R","Bash","Cleave+1","Perfected Strike","Power Through","Fire Breathing","Body Slam","Double Tap+1","Power Through","Body Slam"],"relics":["Burning Blood","Golden Idol","Lantern","Bag of Preparation","Anchor"],"potions_floor_usage":[14],"damage_taken":[{"damage":17,"enemies":"Small Slimes","floor":1,"turns":4},{"damage":1,"enemies":"Cultist","floor":4,"turns":3},{"damage":49,"enemies":"Lagavulin","floor":7,"turns":7},{"damage":0,"enemies":"2 Louse","floor":10,"turns":3},{"damage":0,"enemies":"2 Fungi Beasts","floor":11,"turns":3},{"damage":10,"enemies":"Exordium Thugs","floor":13,"turns":4},{"damage":0,"enemies":"Large Slime","floor":14,"turns":3},{"damage":75,"enemies":"The Guardian","floor":16,"turns":11}],"seed_played":"5332456674210010085","potions_obtained":[{"floor":10,"key":"FearPotion"},{"floor":11,"key":"EssenceOfSteel"},{"floor":13,"key":"SteroidPotion"},{"floor":14,"key":"SpeedPotion"}],"is_trial":false,"path_per_floor":["M","?","$","M","?","R","E","R","T","M","M","R","M","M","R","B"],"character_chosen":"IRONCLAD","items_purchased":["Feel No Pain","Perfected Strike"],"campfire_rested":2,"item_purchase_floors":[3,3],"current_hp_per_floor":[69,49,49,54,54,54,11,35,35,41,47,47,43,49,73,0],"gold":177,"neow_bonus":"","is_prod":false,"is_daily":false,"chose_seed":false,"campfire_upgraded":2,"win_rate":0.0,"timestamp":1561789529,"path_taken":["M","?","$","M","?","R","E","R","T","?","M","R","M","M","R","BOSS"],"build_version":"2019-01-23","purchased_purges":0,"victory":false,"max_hp_per_floor":[80,80,80,80,80,80,80,80,80,80,80,80,80,80,80,80],"card_choices":[{"not_picked":["Uppercut","Anger"],"picked":"Cleave","floor":1},{"not_picked":["Shrug It Off","Headbutt"],"picked":"Power Through","floor":4},{"not_picked":["Clash","Warcry"],"picked":"Fire Breathing","floor":7},{"not_picked":["Thunderclap","Intimidate"],"picked":"Body Slam","floor":10},{"not_picked":["Dual Wield","Armaments"],"picked":"Double Tap","floor":11},{"not_picked":["Sword Boomerang","Cleave"],"picked":"Power Through","floor":13},{"not_picked":["Anger","Burning Pact"],"picked":"Body Slam","floor":14}],"player_experience":0,"relics_obtained":[{"floor":7,"key":"Bag of Preparation"},{"floor":9,"key":"Anchor"}],"event_choices":[{"damage_healed":0,"gold_gain":0,"player_choice":"Take Damage","damage_taken":20,"relics_obtained":["Golden Idol"],"max_hp_gain":0,"max_hp_loss":0,"event_name":"Golden Idol","floor":2,"gold_loss":0},{"cards_removed":["Feel No Pain"],"damage_healed":0,"gold_gain":0,"player_choice":"Gave Card","damage_taken":0,"relics_obtained":["Lantern"],"max_hp_gain":0,"max_hp_loss":0,"event_name":"WeMeetAgain","floor":5,"gold_loss":0}],"is_beta":false,"boss_relics":[],"items_purged_floors":[],"is_endless":false,"potions_floor_spawned":[10,11,13,14],"killed_by":"The Guardian","ascension_level":0}