{"gold_per_floor":[361,361,376,60,73,128,128,161,185,203,203,32,32,50,50,154,154,167,167,107],"floor_reached":20,"playtime":848,"items_purged":["Strike_R","Defend_R"],"score":264,"play_id":"83a3861c-114d-4f88-bb82-d43769738b40","local_time":"20190328181615","is_ascension_mode":true,"campfire_choices":[{"floor":7,"key":"REST"},{"data":"Sword Boomerang","floor":15,"key":"SMITH"}],"neow_cost":"PERCENT_DAMAGE","seed_source_timestamp":185202953110286,"circlet_count":0,"master_deck":["Strike_R","Strike_R","Defend_R","Defend_R","Bash","Sword Boomerang+1","Battle Trance","Cleave","Iron Wave","Flame Barrier","Evolve","Disarm","Shrug It Off","Berserk"],"relics":["Burning Blood","Juzu Bracelet","Tiny Chest","Bag of Preparation","Orichalcum","PreservedInsect","Empty Cage"],"potions_floor_usage":[6,14,16,16,20],"damage_taken":[{"damage":4,"enemies":"Jaw Worm","floor":1,"turns":4},{"damage":6,"enemies":"Cultist","floor":3,"turns":4},{"damage":8,"enemies":"2 Louse","floor":5,"turns":2},{"damage":28,"enemies":"3 Sentries","floor":6,"turns":7},{"damage":21,"enemies":"Gremlin Nob","floor":8,"turns":4},{"damage":1,"enemies":"2 Fungi Beasts","floor":10,"turns":3},{"damage":11,"enemies":"Lots of Slimes","floor":14,"turns":4},{"damage":38,"enemies":"Hexaghost","floor":16,"turns":13},{"damage":26,"enemies":"Shell Parasite","floor":18,"turns":7},{"damage":48,"enemies":"2 Thieves","floor":20,"turns":2}],"seed_played":"-7899863599208312943","potions_obtained":[{"floor":1,"key":"SpeedPotion"},{"floor":3,"key":"SkillPotion"},{"floor":5,"key":"FearPotion"},{"floor":11,"key":"Weak Potion"},{"floor":11,"key":"SkillPotion"},{"floor":11,"key":"Regen Potion"},{"floor":16,"key":"FearPotion"},{"floor":18,"key":"Regen Potion"}],"is_trial":false,"path_per_floor":["M","?","M","$","M","E","R","E","T","M","?","$","?","M","R","B",null,"M","?","M"],"character_chosen":"IRONCLAD","items_purchased":["Cleave","Juzu Bracelet","Iron Wave","Disarm"],"campfire_rested":1,"item_purchase_floors":[4,4,4,12],"current_hp_per_floor":[53,53,53,53,51,29,53,38,38,43,43,43,36,31,31,14,64,44,36,0],"gold":107,"neow_bonus":"TWO_FIFTY_GOLD","is_prod":false,"is_daily":false,"chose_seed":false,"campfire_upgraded":1,"win_rate":0,"timestamp":1553793375,"path_taken":["M","?","?","$","M","E","R","E","T","M","?","?","?","M","R","BOSS","M","?","M"],"build_version":"2019-01-23","purchased_purges":2,"victory":false,"max_hp_per_floor":[80,80,80,80,80,80,80,80,80,80,80,80,80,80,80,80,80,80,80,80],"card_choices":[{"not_picked":["Corruption","Hemokinesis"],"picked":"Sword Boomerang","floor":1},{"not_picked":["Heavy Blade","Perfected Strike"],"picked":"Battle Trance","floor":3},{"not_picked":["Clash","Twin Strike","Searing Blow"],"picked":"SKIP","floor":5},{"not_picked":["Hemokinesis","Evolve","Burning Pact"],"picked":"SKIP","floor":6},{"not_picked":["Perfected Strike","Anger"],"picked":"Flame Barrier","floor":8},{"not_picked":["Warcry","Sword Boomerang"],"picked":"Evolve","floor":10},{"not_picked":["Carnage","Perfected Strike"],"picked":"Shrug It Off","floor":14},{"not_picked":["Reaper","Exhume"],"picked":"Berserk","floor":16},{"not_picked":["Pommel Strike","Infernal Blade","Twin Strike+1"],"picked":"SKIP","floor":18}],"player_experience":169397,"relics_obtained":[{"floor":6,"key":"Tiny Chest"},{"floor":8,"key":"Bag of Preparation"},{"floor":9,"key":"Orichalcum"}],"event_choices":[{"cards_removed":["Strike_R"],"damage_healed":0,"gold_gain":0,"player_choice":"Purged","damage_taken":0,"max_hp_gain":0,"max_hp_loss":0,"event_name":"Purifier","floor":2,"gold_loss":0},{"damage_healed":0,"gold_gain":0,"player_choice":"Got Potions","damage_taken":0,"max_hp_gain":0,"max_hp_loss":0,"event_name":"Lab","floor":11,"gold_loss":0},{"damage_healed":0,"gold_gain":0,"player_choice":"Success","damage_taken":7,"relics_obtained":["PreservedInsect"],"max_hp_gain":0,"max_hp_loss":0,"event_name":"Scrap Ooze","floor":13,"gold_loss":0},{"damage_healed":0,"gold_gain":0,"player_choice":"Damaged","damage_taken":8,"max_hp_gain":0,"max_hp_loss":0,"event_name":"Wheel of Change","floor":19,"gold_loss":0}],"is_beta":false,"boss_relics":[{"not_picked":["Velvet Choker","Runic Dome"],"picked":"Empty Cage"}],"items_purged_floors":[4,12],"is_endless":false,"potions_floor_spawned":[1,3,5,16,18],"killed_by":"2 Thieves","ascension_level":9}