{"gold_per_floor":[99,99,13,13,13,13,13,13,13,13,0,0,0,0,0,0,0,0,0,0,0,0,0,0,0,0,0,0,0,0,0,0,0,0,0,0,0,0,0,0,0,0,0,0,0,0,0,0,0,0],"floor_reached":50,"playtime":2892,"items_purged":[],"score":878,"play_id":"80ba84c8-66dc-40e5-a9ae-ac793af4b46f","local_time":"20190330194330","is_ascension_mode":true,"campfire_choices":[{"data":"Catalyst","floor":6.0,"key":"SMITH"},{"data":"Blur","floor":15.0,"key":"SMITH"},{"floor":25.0,"key":"REST"},{"floor":28.0,"key":"REST"},{"floor":30.0,"key":"REST"},{"data":"Noxious Fumes","floor":32.0,"key":"SMITH"},{"floor":40,"key":"REST"},{"floor":42,"key":"REST"},{"floor":49,"key":"REST"}],"neow_cost":"NONE","seed_source_timestamp":91212250994937,"circlet_count":0,"master_deck":["Defend_G","Defend_G","Defend_G","Defend_G","Defend_G","Strike_G","Strike_G","Strike_G","Strike_G","Strike_G","Survivor","Neutralize","Bouncing Flask+1","Catalyst+1","Backflip","Blur+1","Flechettes","Dash","Well Laid Plans","Noxious Fumes","Neutralize","Noxious Fumes+1","Doppelganger","Wraith Form v2+1","Crippling Poison","Leg Sweep","Escape Plan","Backflip","Leg Sweep","Adrenaline","Deadly Poison","Writhe","Deadly Poison","Footwork","PiercingWail+1","Deadly Poison+1","Crippling Poison+1"],"special_seed":0,"relics":["Ectoplasm","Smiling Mask","Oddly Smooth Stone","Dream Catcher","Question Card","Sozu","The Courier","Pocketwatch","Lizard Tail","Bronze Scales","Juzu Bracelet","Red Mask"],"potions_floor_usage":[50],"damage_taken":[{"damage":0.0,"enemies":"Jaw Worm","floor":1.0,"turns":5.0},{"damage":0.0,"enemies":"Cultist","floor":4.0,"turns":3.0},{"damage":0.0,"enemies":"Small Slimes","floor":5.0,"turns":2.0},{"damage":2.0,"enemies":"Exordium Wildlife","floor":7.0,"turns":4.0},{"damage":0.0,"enemies":"Gremlin Nob","floor":8.0,"turns":3.0},{"damage":5.0,"enemies":"Lagavulin","floor":10.0,"turns":4.0},{"damage":9.0,"enemies":"Exordium Thugs","floor":11.0,"turns":4.0},{"damage":13.0,"enemies":"Gremlin Nob","floor":12.0,"turns":4.0},{"damage":4.0,"enemies":"3 Louse","floor":13.0,"turns":3.0},{"damage":2.0,"enemies":"Hexaghost","floor":16.0,"turns":7.0},{"damage":11.0,"enemies":"Shell Parasite","floor":18.0,"turns":4.0},{"damage":9.0,"enemies":"3 Byrds","floor":19.0,"turns":6.0},{"damage":5.0,"enemies":"Centurion and Healer","floor":20.0,"turns":6.0},{"damage":15.0,"enemies":"Cultist and Chosen","floor":21.0,"turns":8.0},{"damage":2.0,"enemies":"Book of Stabbing","floor":23.0,"turns":5.0},{"damage":18.0,"enemies":"Shelled Parasite and Fungi","floor":27.0,"turns":7.0},{"damage":2.0,"enemies":"Gremlin Leader","floor":29.0,"turns":8.0},{"damage":1.0,"enemies":"Centurion and Healer","floor":31.0,"turns":7.0},{"damage":12.0,"enemies":"Automaton","floor":33.0,"turns":9.0},{"damage":26.0,"enemies":"3 Darklings","floor":35.0,"turns":6.0},{"damage":16.0,"enemies":"3 Shapes","floor":36.0,"turns":5.0},{"damage":9.0,"enemies":"Jaw Worm Horde","floor":38.0,"turns":6.0},{"damage":12,"enemies":"Maw","floor":39,"turns":6},{"damage":33,"enemies":"Giant Head","floor":41,"turns":9},{"damage":14,"enemies":"Spire Growth","floor":45,"turns":7},{"damage":8,"enemies":"4 Shapes","floor":46,"turns":5},{"damage":28,"enemies":"Jaw Worm Horde","floor":47,"turns":5},{"damage":40,"enemies":"Time Eater","floor":50,"turns":11}],"seed_played":"1931310589222555657","potions_obtained":[{"floor":7.0,"key":"Dexterity Potion"},{"floor":10.0,"key":"EssenceOfSteel"},{"floor":12.0,"key":"LiquidBronze"},{"floor":13.0,"key":"Swift Potion"}],"is_trial":false,"path_per_floor":["M","?","$","M","M","R","M","E","T","E","M","E","M","?","R","B",null,"M","M","M","M","?","E","?","R","T","M","R","E","R","M","R","B",null,"M","M","?","M","M","R","E","R","T","?","M","M","M","?","R","B"],"character_chosen":"THE_SILENT","items_purchased":["Catalyst","Swift Potion"],"campfire_rested":6,"item_purchase_floors":[3,3],"current_hp_per_floor":[63,63,63,63,63,63,61,61,61,56,47,34,30,30,30,28,60,49,40,35,20,20,18,18,39,39,21,42,40,61,60,60,48,65,39,23,41,32,20,41,8,29,29,29,15,7,17,17,38,0],"gold":0,"neow_bonus":"BOSS_RELIC","is_prod":false,"is_daily":false,"chose_seed":false,"campfire_upgraded":3,"win_rate":0,"timestamp":1553971410,"path_taken":["M","?","$","M","M","R","M","E","T","E","?","E","M","?","R","BOSS","M","M","?","M","?","E","?","R","T","M","R","E","R","M","R","BOSS","M","M","?","M","M","R","E","R","T","?","M","M","M","?","R","BOSS"],"build_version":"2019-01-23","purchased_purges":0,"victory":false,"max_hp_per_floor":[70,70,70,70,70,70,70,70,70,70,70,70,70,70,70,70,70,70,70,70,70,70,70,70,70,70,70,70,70,70,70,70,70,70,70,70,70,70,70,70,70,70,70,70,70,70,70,70,70,70],"card_choices":[{"not_picked":["Dodge and Roll","Blade Dance"],"picked":"Bouncing Flask","floor":1.0},{"not_picked":["Infinite Blades","Dagger Throw"],"picked":"Backflip","floor":4.0},{"not_picked":["Reflex","Endless Agony"],"picked":"Blur","floor":5.0},{"not_picked":["Reflex","Dagger Spray","Slice"],"picked":"SKIP","floor":7.0},{"not_picked":["Finisher","Bane"],"picked":"Flechettes","floor":8.0},{"not_picked":["Cloak And Dagger","Dagger Throw","Outmaneuver"],"picked":"SKIP","floor":10.0},{"not_picked":["Cloak And Dagger","Setup"],"picked":"Dash","floor":11.0},{"not_picked":["Bane","Endless Agony"],"picked":"Well Laid Plans","floor":12.0},{"not_picked":["Choke","Doppelganger","Outmaneuver"],"picked":"Noxious Fumes","floor":13.0},{"not_picked":["Doppelganger","Envenom","Phantasmal Killer"],"picked":"Wraith Form v2","floor":16.0},{"not_picked":["Expertise","Backstab","Blade Dance"],"picked":"Crippling Poison","floor":18.0},{"not_picked":["Eviscerate","Well Laid Plans","Dagger Throw"],"picked":"Leg Sweep","floor":19.0},{"not_picked":["Reflex","Caltrops","Terror"],"picked":"Escape Plan","floor":20.0},{"not_picked":["Bane","Outmaneuver","Blade Dance"],"picked":"Backflip","floor":21.0},{"not_picked":["Deadly Poison","Backflip","Dagger Throw"],"picked":"Leg Sweep","floor":23.0},{"not_picked":["Blade Dance","Finisher","Deflect","Dagger Throw+1"],"picked":"SKIP","floor":27.0},{"not_picked":["Quick Slash","Riddle With Holes","Flying Knee"],"picked":"Adrenaline","floor":29.0},{"not_picked":["Underhanded Strike","Flechettes","Blade Dance","Backflip+1"],"picked":"SKIP","floor":31.0},{"not_picked":["Predator","Masterful Stab+1","Sucker Punch+1","Dagger Throw"],"picked":"SKIP","floor":35.0},{"not_picked":["Distraction+1","Underhanded Strike+1","Blade Dance"],"picked":"Deadly Poison","floor":36.0},{"not_picked":["Dagger Throw+1","Slice","PiercingWail"],"picked":"Deadly Poison","floor":38.0},{"not_picked":["Riddle With Holes+1","Eviscerate+1","Glass Knife","PiercingWail"],"picked":"SKIP","floor":39},{"not_picked":["Dagger Throw+1","Concentrate","Dagger Spray+1"],"picked":"Footwork","floor":40},{"not_picked":["Unload","Dodge and Roll","Bane+1"],"picked":"PiercingWail+1","floor":41},{"not_picked":["Backstab","Calculated Gamble+1","Dagger Throw"],"picked":"Deadly Poison+1","floor":42},{"not_picked":["Noxious Fumes","Skewer+1","Outmaneuver+1","Flying Knee"],"picked":"SKIP","floor":45},{"not_picked":["Flying Knee+1","Infinite Blades+1","Endless Agony+1","Terror+1"],"picked":"SKIP","floor":46},{"not_picked":["Escape Plan+1","Calculated Gamble+1","Tactician+1"],"picked":"Crippling Poison+1","floor":47}],"player_experience":178241,"relics_obtained":[{"floor":8.0,"key":"Smiling Mask"},{"floor":9.0,"key":"Oddly Smooth Stone"},{"floor":10.0,"key":"Dream Catcher"},{"floor":12.0,"key":"Question Card"},{"floor":23.0,"key":"The Courier"},{"floor":29.0,"key":"Pocketwatch"},{"floor":41,"key":"Bronze Scales"},{"floor":43,"key":"Juzu Bracelet"}],"event_choices":[{"damage_healed":0.0,"max_hp_gain":0.0,"max_hp_loss":0.0,"gold_gain":0.0,"event_name":"Accursed Blacksmith","player_choice":"Forge","floor":2.0,"gold_loss":0.0,"damage_taken":0.0,"cards_upgraded":["Bouncing Flask"]},{"damage_healed":0.0,"max_hp_gain":0.0,"max_hp_loss":0.0,"gold_gain":0.0,"event_name":"Match and Keep!","player_choice":"3 cards matched","floor":14.0,"gold_loss":0.0,"damage_taken":0.0,"cards_obtained":["Neutralize","Noxious Fumes","Doppelganger"]},{"damage_healed":0.0,"max_hp_gain":0.0,"max_hp_loss":0.0,"gold_gain":99.0,"event_name":"Nest","player_choice":"Stole From Cult","floor":22.0,"gold_loss":0.0,"damage_taken":0.0},{"damage_healed":0.0,"max_hp_gain":0.0,"max_hp_loss":0.0,"gold_gain":0.0,"event_name":"Upgrade Shrine","player_choice":"Upgraded","floor":24.0,"gold_loss":0.0,"damage_taken":0.0,"cards_upgraded":["Wraith Form v2"]},{"damage_healed":18.0,"max_hp_gain":0.0,"max_hp_loss":0.0,"gold_gain":0.0,"event_name":"Winding Halls","player_choice":"Writhe","floor":37.0,"gold_loss":0.0,"damage_taken":0.0,"cards_obtained":["Writhe"]},{"damage_healed":0,"gold_gain":0,"player_choice":"Ignored","damage_taken":0,"max_hp_gain":0,"max_hp_loss":0,"event_name":"WeMeetAgain","floor":44,"gold_loss":0},{"damage_healed":0,"gold_gain":0,"player_choice":"Paid","damage_taken":0,"relics_obtained":["Red Mask"],"max_hp_gain":0,"max_hp_loss":0,"event_name":"Tomb of Lord Red Mask","floor":48,"gold_loss":0}],"is_beta":false,"boss_relics":[{"not_picked":["Cursed Key","Runic Dome"],"picked":"Sozu"},{"not_picked":["Fusion Hammer","Runic Pyramid"],"picked":"Lizard Tail"}],"items_purged_floors":[],"is_endless":false,"potions_floor_spawned":[7,10,12,13,18,27,31,33,38,39,45,46],"killed_by":"Time Eater","ascension_level":9}