{"gold_per_floor":[15,32,32,32,32,32,32],"floor_reached":7,"playtime":189,"items_purged":[],"score":51,"play_id":"d2afa17c-0793-4596-8f13-f5f4f5e34350","local_time":"20190516193207","is_ascension_mode":true,"campfire_choices":[],"neow_cost":"NO_GOLD","seed_source_timestamp":11254399255900,"circlet_count":0,"master_deck":["Defend_G","Defend_G","Defend_G","Defend_G","Defend_G","Strike_G","Strike_G","Strike_G","Strike_G","Survivor","Neutralize","Die Die Die","Poisoned Stab","Injury"],"relics":["Ring of the Snake","Darkstone Periapt","Golden Idol","Art of War"],"potions_floor_usage":[],"damage_taken":[{"damage":0,"enemies":"Small Slimes","floor":1,"turns":2},{"damage":0,"enemies":"Jaw Worm","floor":2,"turns":4},{"damage":42,"enemies":"Gremlin Nob","floor":7,"turns":5}],"seed_played":"4030950839012038359","potions_obtained":[],"is_trial":false,"path_per_floor":["M","M","?","?","?","?","E"],"character_chosen":"THE_SILENT","items_purchased":[],"campfire_rested":0,"item_purchase_floors":[],"current_hp_per_floor":[63,63,56,31,37,37,0],"gold":32,"neow_bonus":"THREE_RARE_CARDS","is_prod":false,"is_daily":false,"chose_seed":false,"campfire_upgraded":0,"win_rate":0,"timestamp":1558060327,"path_taken":["M","M","?","?","?","?","E"],"build_version":"2019-01-23","purchased_purges":0,"victory":false,"max_hp_per_floor":[70,70,70,70,76,76,76],"card_choices":[{"not_picked":["Venomology","Tools of the Trade"],"picked":"Die Die Die","floor":0},{"not_picked":["Blade Dance","Flechettes"],"picked":"PiercingWail","floor":1},{"not_picked":["Deadly Poison","PiercingWail"],"picked":"Poisoned Stab","floor":2}],"player_experience":327451,"relics_obtained":[],"event_choices":[{"cards_removed":["Strike_G"],"damage_healed":0,"gold_gain":0,"player_choice":"Card Removal","damage_taken":7,"max_hp_gain":0,"max_hp_loss":0,"event_name":"Golden Wing","floor":3,"gold_loss":0},{"damage_healed":0,"gold_gain":0,"player_choice":"Success","damage_taken":25,"relics_obtained":["Darkstone Periapt"],"max_hp_gain":0,"max_hp_loss":0,"event_name":"Scrap Ooze","floor":4,"gold_loss":0},{"damage_healed":0,"gold_gain":0,"player_choice":"Take Wound","damage_taken":0,"relics_obtained":["Golden Idol"],"max_hp_gain":0,"max_hp_loss":0,"event_name":"Golden Idol","floor":5,"gold_loss":0,"cards_obtained":["Injury"]},{"cards_removed":["PiercingWail"],"damage_healed":0,"gold_gain":0,"player_choice":"Gave Card","damage_taken":0,"relics_obtained":["Art of War"],"max_hp_gain":0,"max_hp_loss":0,"event_name":"WeMeetAgain","floor":6,"gold_loss":0}],"is_beta":false,"boss_relics":[],"items_purged_floors":[],"is_endless":false,"potions_floor_spawned":[],"killed_by":"Gremlin Nob","ascension_level":6}