{"gold_per_floor":[110,110,18,33,48,48,68,68,91,108,183,195,205,6,6,110,110,123,123,143,23,41,41],"floor_reached":23,"playtime":699,"items_purged":["Strike_B"],"score":287,"play_id":"48988df1-49ad-42a1-b170-ed8a03b0b754","local_time":"20190505235441","is_ascension_mode":true,"campfire_choices":[{"data":"Sweeping Beam","floor":6.0,"key":"SMITH"},{"data":"Go for the Eyes","floor":8.0,"key":"SMITH"},{"data":"Streamline","floor":15.0,"key":"SMITH"}],"neow_cost":"TEN_PERCENT_HP_LOSS","seed_source_timestamp":1602944570986437,"circlet_count":0,"master_deck":["AscendersBane","Strike_B","Strike_B","Defend_B","Defend_B","Defend_B","Zap+1","Dualcast","Machine Learning","Skim","Dramatic Entrance","Sweeping Beam+1","Go for the Eyes+1","Rebound","Panache","Streamline+1","Reboot","Hologram+1","Gash","Hologram"],"special_seed":0,"relics":["Cracked Core","Bag of Marbles","Empty Cage"],"potions_floor_usage":[],"damage_taken":[{"damage":4.0,"enemies":"Jaw Worm","floor":1.0,"turns":4.0},{"damage":0.0,"enemies":"Cultist","floor":4.0,"turns":4.0},{"damage":5.0,"enemies":"2 Louse","floor":5.0,"turns":2.0},{"damage":7.0,"enemies":"Looter","floor":7.0,"turns":3.0},{"damage":6.0,"enemies":"Blue Slaver","floor":10.0,"turns":3.0},{"damage":10.0,"enemies":"Large Slime","floor":12.0,"turns":4.0},{"damage":0.0,"enemies":"Lots of Slimes","floor":13.0,"turns":2.0},{"damage":18.0,"enemies":"Hexaghost","floor":16.0,"turns":8.0},{"damage":0.0,"enemies":"3 Byrds","floor":18.0,"turns":2.0},{"damage":25.0,"enemies":"Shell Parasite","floor":20.0,"turns":5.0},{"damage":5.0,"enemies":"Snecko","floor":22.0,"turns":4.0},{"damage":15,"enemies":"Book of Stabbing","floor":23,"turns":2}],"seed_played":"-3536753055616882260","potions_obtained":[{"floor":4.0,"key":"EssenceOfSteel"},{"floor":7.0,"key":"SteroidPotion"},{"floor":10.0,"key":"AttackPotion"},{"floor":20.0,"key":"SneckoOil"}],"is_trial":false,"path_per_floor":["M","?","$","M","M","R","M","R","T","M","?","M","M","$","R","B",null,"M","?","M","$","M","E"],"character_chosen":"DEFECT","items_purchased":["Dramatic Entrance","Panache","Streamline","Gash"],"campfire_rested":0,"item_purchase_floors":[3,14,14,21],"current_hp_per_floor":[64,64,64,64,59,59,52,52,52,46,35,25,25,25,25,7,53,53,41,16,16,11,0],"gold":41,"neow_bonus":"THREE_RARE_CARDS","is_prod":false,"is_daily":false,"chose_seed":false,"campfire_upgraded":3,"win_rate":0,"timestamp":1557093281,"path_taken":["M","?","$","M","?","R","M","R","T","M","?","M","M","$","R","BOSS","M","?","M","$","M","E"],"build_version":"2019-01-23","purchased_purges":1,"victory":false,"max_hp_per_floor":[68,68,68,68,68,68,68,68,68,68,68,68,68,68,68,68,68,68,73,73,73,73,73],"card_choices":[{"not_picked":["Amplify","Buffer"],"picked":"Machine Learning","floor":0.0},{"not_picked":["Leap","Force Field"],"picked":"Skim","floor":1.0},{"not_picked":["Darkness","Ball Lightning"],"picked":"Sweeping Beam","floor":4.0},{"not_picked":["Coolheaded","Stack","Capacitor"],"picked":"SKIP","floor":5.0},{"not_picked":["Sweeping Beam","Turbo"],"picked":"Go for the Eyes","floor":7.0},{"not_picked":["Sunder","Fusion","Leap"],"picked":"SKIP","floor":10.0},{"not_picked":["Turbo","Steam","Steam Power"],"picked":"SKIP","floor":12.0},{"not_picked":["Stack","Chill"],"picked":"Rebound","floor":13.0},{"not_picked":["Echo Form","Rainbow"],"picked":"Reboot","floor":16.0},{"not_picked":["Stack","Barrage","Steam"],"picked":"SKIP","floor":18.0},{"not_picked":["Glacier","Compile Driver"],"picked":"Hologram+1","floor":20.0},{"not_picked":["Steam","Buffer"],"picked":"Hologram","floor":22.0}],"player_experience":253225,"relics_obtained":[{"floor":9.0,"key":"Bag of Marbles"}],"event_choices":[{"damage_healed":0.0,"max_hp_gain":0.0,"max_hp_loss":0.0,"gold_gain":0.0,"event_name":"Upgrade Shrine","player_choice":"Upgraded","floor":2.0,"gold_loss":0.0,"damage_taken":0.0,"cards_upgraded":["Zap"]},{"damage_healed":0.0,"max_hp_gain":0.0,"max_hp_loss":0.0,"gold_gain":75.0,"event_name":"World of Goop","player_choice":"Gather Gold","floor":11.0,"gold_loss":0.0,"damage_taken":11.0},{"damage_healed":0.0,"max_hp_gain":5.0,"max_hp_loss":0.0,"gold_gain":0.0,"event_name":"Forgotten Altar","player_choice":"Shed Blood","floor":19.0,"gold_loss":0.0,"damage_taken":17.0}],"is_beta":false,"boss_relics":[{"not_picked":["Astrolabe","Orrery"],"picked":"Empty Cage"}],"items_purged_floors":[21],"is_endless":false,"potions_floor_spawned":[4,7,10,20],"killed_by":"Book of Stabbing","ascension_level":11}