{"gold_per_floor":[114,39,2,12,12,12,38,38,85,103,122,157,157,32,32,108,108,8,20,31,31,31,56,56,71,71,84,84,9,9,28,28,28],"floor_reached":33,"playtime":1097,"items_purged":["Strike_B"],"score":546,"play_id":"d182566d-1a27-4ef2-a321-5c4c7ec245b4","local_time":"20190514184435","is_ascension_mode":true,"campfire_choices":[{"data":"Lockon","floor":6.0,"key":"SMITH"},{"data":"Zap","floor":8.0,"key":"SMITH"},{"data":"Chill","floor":13.0,"key":"SMITH"},{"data":"Defragment","floor":15,"key":"SMITH"},{"data":"Fission","floor":24,"key":"SMITH"},{"data":"Hologram","floor":28,"key":"SMITH"},{"data":"Doom and Gloom","floor":32,"key":"SMITH"}],"neow_cost":"NONE","seed_source_timestamp":5069778543548,"circlet_count":0,"master_deck":["AscendersBane","Strike_B","Strike_B","Defend_B","Defend_B","Defend_B","Defend_B","Zap+1","Dualcast","Ball Lightning","Glacier","Lockon+1","Hologram+1","Biased Cognition","Chill+1","Glacier","Defragment+1","Genetic Algorithm","Fission+1","Sweeping Beam","Doom and Gloom+1","Capacitor+1","Sweeping Beam+1","Coolheaded+1"],"special_seed":0,"relics":["Cracked Core","Strawberry","Art of War","Happy Flower","Nuclear Battery","Dream Catcher","Shuriken"],"potions_floor_usage":[20,23,33],"damage_taken":[{"damage":1.0,"enemies":"Cultist","floor":1.0,"turns":3.0},{"damage":0.0,"enemies":"Small Slimes","floor":4.0,"turns":2.0},{"damage":30.0,"enemies":"Gremlin Nob","floor":7.0,"turns":4.0},{"damage":4.0,"enemies":"Jaw Worm","floor":10.0,"turns":3.0},{"damage":6.0,"enemies":"3 Louse","floor":11.0,"turns":3.0},{"damage":3.0,"enemies":"3 Sentries","floor":12.0,"turns":8.0},{"damage":16,"enemies":"Hexaghost","floor":16,"turns":9},{"damage":14,"enemies":"2 Thieves","floor":18,"turns":5},{"damage":1,"enemies":"Shell Parasite","floor":19,"turns":7},{"damage":24,"enemies":"Snake Plant","floor":20,"turns":5},{"damage":33,"enemies":"Book of Stabbing","floor":23,"turns":5},{"damage":10,"enemies":"Centurion and Healer","floor":25,"turns":6},{"damage":2,"enemies":"Cultist and Chosen","floor":27,"turns":5},{"damage":3,"enemies":"Snake Plant","floor":31,"turns":5},{"damage":41,"enemies":"Collector","floor":33,"turns":7}],"seed_played":"-2296850488522923551","potions_obtained":[{"floor":7.0,"key":"SteroidPotion"},{"floor":10.0,"key":"LiquidBronze"},{"floor":19,"key":"Regen Potion"},{"floor":25,"key":"Dexterity Potion"},{"floor":27,"key":"PowerPotion"}],"is_trial":false,"path_per_floor":["M","?","$","M","?","R","E","R","T","M","M","E","R","$","R","B",null,"M","M","M","$","?","E","R","M","T","M","R","$","$","M","R","B"],"character_chosen":"DEFECT","items_purchased":["Lockon","Defragment","Genetic Algorithm"],"campfire_rested":0,"item_purchase_floors":[3,14,14],"current_hp_per_floor":[63,63,63,63,63,63,40,40,40,36,30,27,27,27,27,11,61,47,46,36,36,88,55,55,45,45,43,43,43,43,40,40,0],"gold":28,"neow_bonus":"THREE_CARDS","is_prod":false,"is_daily":false,"chose_seed":false,"campfire_upgraded":7,"win_rate":0,"timestamp":1557852275,"path_taken":["M","?","$","M","?","R","E","R","T","M","M","E","R","?","R","BOSS","M","M","M","$","?","E","R","M","T","M","R","?","$","?","R","BOSS"],"build_version":"2019-05-07","purchased_purges":1,"victory":false,"max_hp_per_floor":[71,71,71,71,71,71,78,78,78,78,78,78,78,78,78,78,78,78,78,78,78,88,88,88,88,88,88,88,88,88,88,88,88],"card_choices":[{"not_picked":["Reprogram","Skim"],"picked":"Ball Lightning","floor":0.0},{"not_picked":["Gash","Beam Cell"],"picked":"Glacier","floor":1.0},{"not_picked":["Steam","Leap"],"picked":"Hologram","floor":4.0},{"not_picked":["Turbo","Chaos"],"picked":"Biased Cognition","floor":7.0},{"not_picked":["Ball Lightning","Storm"],"picked":"Chill","floor":10.0},{"not_picked":["Rebound","Redo"],"picked":"Glacier","floor":11.0},{"not_picked":["Gash","Glacier"],"picked":"Machine Learning","floor":12.0},{"not_picked":["Rainbow","Seek"],"picked":"Fission","floor":16},{"not_picked":["Double Energy","Tempest+1"],"picked":"Sweeping Beam","floor":18},{"not_picked":["Cold Snap","Beam Cell"],"picked":"Doom and Gloom","floor":19},{"not_picked":["Go for the Eyes","Ball Lightning"],"picked":"Capacitor+1","floor":20},{"not_picked":["Leap","Reboot"],"picked":"Sweeping Beam+1","floor":23},{"not_picked":["Barrage","Cold Snap"],"picked":"Coolheaded+1","floor":25},{"not_picked":["Rebound","Doom and Gloom","Hologram"],"picked":"SKIP","floor":27},{"not_picked":["Barrage","Undo","Melter"],"picked":"SKIP","floor":31}],"player_experience":1546417,"relics_obtained":[{"floor":7.0,"key":"Strawberry"},{"floor":9.0,"key":"Art of War"},{"floor":12.0,"key":"Happy Flower"},{"floor":23,"key":"Dream Catcher"},{"floor":26,"key":"Shuriken"}],"event_choices":[{"cards_removed":["Strike_B"],"damage_healed":0.0,"max_hp_gain":0.0,"max_hp_loss":0.0,"gold_gain":0.0,"event_name":"The Cleric","player_choice":"Card Removal","floor":2.0,"gold_loss":75.0,"damage_taken":0.0},{"damage_healed":0.0,"max_hp_gain":0.0,"max_hp_loss":0.0,"gold_gain":0.0,"event_name":"Liars Game","player_choice":"Ignored","floor":5.0,"gold_loss":0.0,"damage_taken":0.0},{"cards_removed":["Machine Learning"],"damage_healed":42,"gold_gain":0,"player_choice":"Offered Rare","damage_taken":0,"max_hp_gain":10,"max_hp_loss":0,"event_name":"Bonfire Elementals","floor":22,"gold_loss":0}],"is_beta":true,"boss_relics":[{"not_picked":["Snecko Eye","Velvet Choker"],"picked":"Nuclear Battery"}],"items_purged_floors":[29],"is_endless":false,"potions_floor_spawned":[7,10,16,19,25,27,31],"killed_by":"Collector","ascension_level":20}