{"gold_per_floor":[17,32,32,43,43,78,78,103,128,128,159,171,204,141,153,238,250,272,302,68,68,81,106,106,137,137,162,175,175,175,208,208,280,280,297,317,43,54,64,64,95,95,95,95,129,129,164,164,164,164,164],"floor_reached":51,"playtime":2137,"items_purged":["Strike_B"],"score":1728,"play_id":"c0a91af1-ce67-48a5-a5aa-6ecc4edb9dca","local_time":"20190530171839","is_ascension_mode":true,"campfire_choices":[{"data":"Zap","floor":7.0,"key":"SMITH"},{"data":"White Noise","floor":15.0,"key":"SMITH"},{"data":"Fusion","floor":24.0,"key":"SMITH"},{"data":"Loop","floor":30.0,"key":"SMITH"},{"floor":32.0,"key":"REST"},{"data":"Seek","floor":40.0,"key":"SMITH"},{"data":"Double Energy","floor":42.0,"key":"SMITH"},{"data":"Coolheaded","floor":44.0,"key":"SMITH"},{"floor":46.0,"key":"REST"},{"floor":49.0,"key":"RECALL"}],"neow_cost":"NO_GOLD","seed_source_timestamp":803682261077,"circlet_count":0,"master_deck":["AscendersBane","Defend_B+1","Defend_B","Defend_B","Defend_B+1","Zap+1","Dualcast","Steam","FTL","FTL","Cold Snap","White Noise+1","BootSequence","Reboot","Sunder+1","Loop+1","Fusion+1","Biased Cognition","Compile Driver","Capacitor","Hologram+1","Gash","Coolheaded+1","Electrodynamics","Compile Driver","Seek+1","Double Energy+1","Capacitor+1","Chill+1","Doom and Gloom+1","BootSequence","Hologram+1","Turbo+1","Doubt"],"special_seed":0,"relics":["Cracked Core","Dead Branch","War Paint","Anchor","Lantern","Meat on the Bone","MawBank","Sozu","PreservedInsect","DataDisk","Orichalcum","Question Card","Bag of Marbles","Art of War","Orrery","Bottled Lightning","Shuriken","Blood Vial","Dream Catcher"],"potions_floor_usage":[],"damage_taken":[{"damage":0.0,"enemies":"2 Louse","floor":1.0,"turns":3.0},{"damage":0.0,"enemies":"Small Slimes","floor":2.0,"turns":3.0},{"damage":0.0,"enemies":"Cultist","floor":4.0,"turns":3.0},{"damage":22.0,"enemies":"3 Sentries","floor":6.0,"turns":7.0},{"damage":16.0,"enemies":"Gremlin Nob","floor":8.0,"turns":4.0},{"damage":6.0,"enemies":"3 Sentries","floor":11.0,"turns":8.0},{"damage":1.0,"enemies":"Blue Slaver","floor":12.0,"turns":3.0},{"damage":0.0,"enemies":"Lagavulin","floor":13.0,"turns":6.0},{"damage":29.0,"enemies":"Slime Boss","floor":16.0,"turns":6.0},{"damage":9.0,"enemies":"Chosen","floor":18.0,"turns":5.0},{"damage":0.0,"enemies":"Spheric Guardian","floor":19.0,"turns":2.0},{"damage":0.0,"enemies":"Snecko","floor":22.0,"turns":4.0},{"damage":3.0,"enemies":"Slavers","floor":23.0,"turns":2.0},{"damage":0.0,"enemies":"Gremlin Leader","floor":25.0,"turns":5.0},{"damage":0.0,"enemies":"Slavers","floor":27.0,"turns":5.0},{"damage":6.0,"enemies":"Snake Plant","floor":28.0,"turns":3.0},{"damage":18.0,"enemies":"Gremlin Leader","floor":31.0,"turns":4.0},{"damage":29.0,"enemies":"Automaton","floor":33.0,"turns":9.0},{"damage":1.0,"enemies":"Orb Walker","floor":35.0,"turns":3.0},{"damage":0.0,"enemies":"3 Shapes","floor":36.0,"turns":1.0},{"damage":45.0,"enemies":"Spire Growth","floor":38.0,"turns":4.0},{"damage":0.0,"enemies":"3 Darklings","floor":39.0,"turns":3.0},{"damage":20.0,"enemies":"Nemesis","floor":41.0,"turns":6.0},{"damage":19.0,"enemies":"Reptomancer","floor":45.0,"turns":5.0},{"damage":37.0,"enemies":"Nemesis","floor":47.0,"turns":5.0},{"damage":55,"enemies":"Donu and Deca","floor":50,"turns":9},{"damage":32,"enemies":"Time Eater","floor":51,"turns":5}],"seed_played":"8653524262183785239","potions_obtained":[{"floor":1.0,"key":"Weak Potion"},{"floor":4.0,"key":"Weak Potion"},{"floor":8.0,"key":"FearPotion"},{"floor":16.0,"key":"SkillPotion"}],"is_trial":false,"path_per_floor":["M","M","?","M","?","E","R","E","T","?","E","M","E","?","R","B",null,"M","M","$","?","M","E","R","E","T","E","M","?","R","E","R","B",null,"M","M","$","M","M","R","E","R","T","R","E","R","E","?","R","B","B"],"character_chosen":"DEFECT","items_purchased":["PreservedInsect","Bottled Lightning"],"campfire_rested":2,"item_purchase_floors":[20,37],"current_hp_per_floor":[64,64,64,64,57,35,35,19,19,42,36,47,47,47,47,30,61,52,52,52,52,52,49,49,49,49,49,43,43,43,37,58,41,69,68,68,68,35,47,47,39,39,39,39,32,53,30,71,71,28,0],"gold":164,"neow_bonus":"ONE_RARE_RELIC","is_prod":false,"is_daily":false,"chose_seed":false,"campfire_upgraded":7,"win_rate":0,"timestamp":1559229519,"path_taken":["M","M","?","M","?","E","R","E","T","?","E","M","E","?","R","BOSS","M","M","$","?","M","E","R","E","T","E","M","?","R","E","R","BOSS","M","M","$","M","?","R","E","R","T","R","E","R","E","?","R","BOSS","BOSS"],"build_version":"2019-05-28","purchased_purges":1,"victory":false,"max_hp_per_floor":[71,71,71,71,71,71,71,71,71,71,71,71,71,71,71,71,71,71,71,71,71,71,71,71,71,71,71,71,71,71,71,71,71,71,71,71,71,71,71,71,71,71,71,71,71,71,71,71,71,71,71],"card_choices":[{"not_picked":["Scrape","Loop"],"picked":"Steam","floor":1.0},{"not_picked":["Chaos","Leap"],"picked":"FTL","floor":2.0},{"not_picked":["Tempest","Coolheaded"],"picked":"FTL","floor":4.0},{"not_picked":["Stack","Loop"],"picked":"Cold Snap","floor":6.0},{"not_picked":["Reprogram","Leap"],"picked":"White Noise","floor":8.0},{"not_picked":["Redo","Stack","Leap"],"picked":"SKIP","floor":11.0},{"not_picked":["Go for the Eyes","Redo"],"picked":"BootSequence","floor":12.0},{"not_picked":["Barrage","Beam Cell","Leap"],"picked":"SKIP","floor":13.0},{"not_picked":["Thunder Strike","Meteor Strike"],"picked":"Reboot","floor":16.0},{"not_picked":["Undo","Hello World"],"picked":"Sunder+1","floor":18.0},{"not_picked":["Sunder","Steam"],"picked":"Loop","floor":19.0},{"not_picked":["Barrage","Go for the Eyes"],"picked":"Fusion","floor":22.0},{"not_picked":["Leap","Recycle"],"picked":"Biased Cognition","floor":23.0},{"not_picked":["Fusion","Ball Lightning"],"picked":"Compile Driver","floor":25.0},{"not_picked":["Heatsinks","Beam Cell","Ball Lightning"],"picked":"Capacitor","floor":27.0},{"not_picked":["Beam Cell","Leap","Thunder Strike"],"picked":"Hologram+1","floor":28.0},{"not_picked":["Conserve Battery","Barrage","Compile Driver"],"picked":"Coolheaded","floor":31.0},{"not_picked":["Hyperbeam","Meteor Strike","Biased Cognition"],"picked":"Electrodynamics","floor":33.0},{"not_picked":["Barrage","Beam Cell","Redo"],"picked":"Compile Driver","floor":34.0},{"not_picked":["Go for the Eyes+1","Doom and Gloom","Stack"],"picked":"Seek","floor":34.0},{"not_picked":["Scrape","Heatsinks","Genetic Algorithm"],"picked":"Double Energy","floor":34.0},{"not_picked":["Melter","Gash","Leap","Ball Lightning+1"],"picked":"SKIP","floor":35.0},{"not_picked":["Self Repair+1","Steam","Streamline"],"picked":"Capacitor+1","floor":36.0},{"not_picked":["Auto Shields","Turbo","Gash"],"picked":"Chill+1","floor":38.0},{"not_picked":["Coolheaded","Chill","FTL"],"picked":"Doom and Gloom+1","floor":39.0},{"not_picked":["Streamline","Chaos+1","Rainbow"],"picked":"BootSequence","floor":41.0},{"not_picked":["BootSequence","Ball Lightning","Steam"],"picked":"Hologram+1","floor":45.0},{"not_picked":["Fusion","Darkness","Cold Snap"],"picked":"Turbo+1","floor":47.0}],"player_experience":1618819,"relics_obtained":[{"floor":6.0,"key":"War Paint"},{"floor":8.0,"key":"Anchor"},{"floor":9.0,"key":"Lantern"},{"floor":11.0,"key":"Meat on the Bone"},{"floor":13.0,"key":"MawBank"},{"floor":23.0,"key":"DataDisk"},{"floor":25.0,"key":"Orichalcum"},{"floor":26.0,"key":"Question Card"},{"floor":27.0,"key":"Bag of Marbles"},{"floor":31.0,"key":"Art of War"},{"floor":41.0,"key":"Shuriken"},{"floor":45.0,"key":"Blood Vial"},{"floor":47.0,"key":"Dream Catcher"}],"event_choices":[{"damage_healed":0.0,"max_hp_gain":0.0,"max_hp_loss":0.0,"gold_gain":0.0,"event_name":"Liars Game","player_choice":"Ignored","floor":3.0,"gold_loss":0.0,"damage_taken":0.0},{"cards_removed":["Strike_B"],"damage_healed":0.0,"max_hp_gain":0.0,"max_hp_loss":0.0,"gold_gain":0.0,"event_name":"Golden Wing","player_choice":"Card Removal","floor":5.0,"gold_loss":0.0,"damage_taken":7.0},{"damage_healed":23.0,"max_hp_gain":0.0,"max_hp_loss":0.0,"gold_gain":0.0,"event_name":"Big Fish","player_choice":"Banana","floor":10.0,"gold_loss":0.0,"damage_taken":0.0},{"cards_removed":["Strike_B"],"damage_healed":0.0,"max_hp_gain":0.0,"max_hp_loss":0.0,"gold_gain":0.0,"event_name":"The Cleric","player_choice":"Card Removal","floor":14.0,"gold_loss":75.0,"damage_taken":0.0},{"damage_healed":0.0,"max_hp_gain":0.0,"max_hp_loss":0.0,"gold_gain":0.0,"event_name":"The Mausoleum","player_choice":"Ignored","floor":21.0,"gold_loss":0.0,"damage_taken":0.0},{"damage_healed":0.0,"max_hp_gain":0.0,"max_hp_loss":0.0,"gold_gain":0.0,"cards_transformed":["Strike_B"],"event_name":"Transmorgrifier","player_choice":"Transformed","floor":29.0,"gold_loss":0.0,"damage_taken":0.0,"cards_obtained":["Gash"]},{"damage_healed":41.0,"max_hp_gain":0.0,"max_hp_loss":0.0,"gold_gain":0.0,"event_name":"MindBloom","player_choice":"Heal","floor":48.0,"gold_loss":0.0,"damage_taken":0.0,"cards_obtained":["Doubt"]}],"is_beta":true,"boss_relics":[{"not_picked":["Cursed Key","Fusion Hammer"],"picked":"Sozu"},{"not_picked":["Black Star","Empty Cage"],"picked":"Orrery"}],"items_purged_floors":[20],"is_endless":false,"potions_floor_spawned":[1,4,8,11,16,19,27,28,35,38,47],"killed_by":"Time Eater","ascension_level":20}