{"gold_per_floor":[109,128,53,69,69,69,84,120,147,183,183,183,258,38,38,38],"floor_reached":16,"playtime":545,"items_purged":[],"score":216,"play_id":"961d9476-ba69-45fd-a3b4-3c7f62a2937c","local_time":"20190531210355","is_ascension_mode":true,"campfire_choices":[{"data":"Perfected Strike","floor":6.0,"key":"SMITH"},{"data":"Shockwave","floor":11,"key":"SMITH"},{"data":"Metallicize","floor":15,"key":"SMITH"}],"neow_cost":"TEN_PERCENT_HP_LOSS","seed_source_timestamp":1221037932577268,"circlet_count":0,"master_deck":["AscendersBane","Strike_R","Strike_R","Strike_R","Strike_R","Strike_R","Defend_R","Defend_R","Defend_R","Bash","Shockwave+1","Metallicize+1","Perfected Strike+1","Dual Wield"],"special_seed":0,"relics":["Burning Blood","Thread and Needle","Golden Idol","Orichalcum","Regal Pillow","Smiling Mask","Chemical X"],"potions_floor_usage":[10,16],"damage_taken":[{"damage":0.0,"enemies":"2 Louse","floor":1.0,"turns":3.0},{"damage":0.0,"enemies":"Small Slimes","floor":2.0,"turns":3.0},{"damage":0.0,"enemies":"Jaw Worm","floor":4.0,"turns":4.0},{"damage":0.0,"enemies":"2 Fungi Beasts","floor":7.0,"turns":3.0},{"damage":8.0,"enemies":"Lagavulin","floor":8.0,"turns":5.0},{"damage":8,"enemies":"Gremlin Nob","floor":10,"turns":4},{"damage":36,"enemies":"Hexaghost","floor":16,"turns":10}],"seed_played":"-940373890288091348","potions_obtained":[{"floor":2.0,"key":"SpeedPotion"},{"floor":7.0,"key":"Swift Potion"},{"floor":10,"key":"Weak Potion"}],"is_trial":false,"path_per_floor":["M","M","?","M","?","R","M","E","T","E","R","$","?","$","R","B"],"character_chosen":"IRONCLAD","items_purchased":["Chemical X"],"campfire_rested":0,"item_purchase_floors":[14],"current_hp_per_floor":[68,68,68,68,45,45,51,49,49,47,47,47,36,36,36,0],"gold":38,"neow_bonus":"ONE_RARE_RELIC","is_prod":false,"is_daily":false,"chose_seed":false,"campfire_upgraded":3,"win_rate":0,"timestamp":1559329435,"path_taken":["M","M","?","M","?","R","M","E","T","E","R","$","?","$","R","BOSS"],"build_version":"2019-01-23","purchased_purges":0,"victory":false,"max_hp_per_floor":[68,68,68,68,68,68,68,68,68,68,68,68,68,68,68,68],"card_choices":[{"not_picked":["Clash","True Grit"],"picked":"Shockwave","floor":1.0},{"not_picked":["Shrug It Off","Evolve"],"picked":"Metallicize","floor":2.0},{"not_picked":["Headbutt","Pommel Strike"],"picked":"Perfected Strike","floor":4.0},{"not_picked":["Headbutt","Cleave"],"picked":"Dual Wield","floor":7.0},{"not_picked":["Anger","Armaments","Reckless Charge"],"picked":"SKIP","floor":8.0},{"not_picked":["Anger","Uppercut","Clash"],"picked":"SKIP","floor":10}],"player_experience":485665,"relics_obtained":[{"floor":8.0,"key":"Orichalcum"},{"floor":9.0,"key":"Regal Pillow"},{"floor":10,"key":"Smiling Mask"}],"event_choices":[{"cards_removed":["Defend_R"],"damage_healed":0.0,"max_hp_gain":0.0,"max_hp_loss":0.0,"gold_gain":0.0,"event_name":"The Cleric","player_choice":"Card Removal","floor":3.0,"gold_loss":75.0,"damage_taken":0.0},{"damage_healed":0.0,"max_hp_gain":0.0,"max_hp_loss":0.0,"gold_gain":0.0,"event_name":"Golden Idol","player_choice":"Take Damage","floor":5.0,"gold_loss":0.0,"damage_taken":23.0,"relics_obtained":["Golden Idol"]},{"damage_healed":0,"gold_gain":75,"player_choice":"Gather Gold","damage_taken":11,"max_hp_gain":0,"max_hp_loss":0,"event_name":"World of Goop","floor":13,"gold_loss":0}],"is_beta":false,"boss_relics":[],"items_purged_floors":[],"is_endless":false,"potions_floor_spawned":[2,7,10],"killed_by":"Hexaghost","ascension_level":20}