{"gold_per_floor":[219,232,24,24,39,68,68,102,171,188,188],"floor_reached":11,"playtime":329,"items_purged":[],"score":166,"play_id":"c0c02c9c-38e3-45dc-a198-1118abc105e2","local_time":"20190517182819","is_ascension_mode":true,"campfire_choices":[],"neow_cost":"NONE","seed_source_timestamp":2330391385084,"circlet_count":0,"master_deck":["AscendersBane","Strike_B","Strike_B","Strike_B","Strike_B","Defend_B","Defend_B","Defend_B","Defend_B","Zap","Dualcast","Ball Lightning","Self Repair","Doom and Gloom","Conserve Battery","Capacitor","Coolheaded"],"relics":["Cracked Core","Shovel","DataDisk","Happy Flower","Bottled Tornado"],"potions_floor_usage":[8,10],"damage_taken":[{"damage":7,"enemies":"Jaw Worm","floor":1,"turns":3},{"damage":0,"enemies":"Cultist","floor":2,"turns":3},{"damage":10,"enemies":"Small Slimes","floor":5,"turns":4},{"damage":14,"enemies":"Gremlin Nob","floor":6,"turns":3},{"damage":13,"enemies":"Lagavulin","floor":8,"turns":6},{"damage":15,"enemies":"Gremlin Gang","floor":10,"turns":3},{"damage":31,"enemies":"Gremlin Nob","floor":11,"turns":3}],"seed_played":"-3932663487208786083","potions_obtained":[{"floor":2,"key":"Weak Potion"}],"is_trial":false,"path_per_floor":["M","M","$","?","M","E","?","E","T","M","E"],"character_chosen":"DEFECT","items_purchased":["Fire Potion","Self Repair","Doom and Gloom"],"campfire_rested":0,"item_purchase_floors":[3,3,3],"current_hp_per_floor":[57,57,57,47,44,30,30,24,24,9,0],"gold":188,"neow_bonus":"HUNDRED_GOLD","is_prod":false,"is_daily":false,"chose_seed":false,"campfire_upgraded":0,"win_rate":0,"timestamp":1558110499,"path_taken":["M","M","$","?","?","E","?","E","T","M","E"],"build_version":"2019-05-07","purchased_purges":0,"victory":false,"max_hp_per_floor":[71,71,71,71,71,71,71,71,71,71,71],"card_choices":[{"not_picked":["FTL","Sweeping Beam"],"picked":"Ball Lightning","floor":1},{"not_picked":["Go for the Eyes","Chaos"],"picked":"Leap","floor":2},{"not_picked":["Leap","Turbo","Doom and Gloom"],"picked":"SKIP","floor":5},{"not_picked":["Machine Learning","Heatsinks"],"picked":"Conserve Battery","floor":6},{"not_picked":["Consume","Meteor Strike"],"picked":"Capacitor","floor":8},{"not_picked":["Redo","Ball Lightning"],"picked":"Coolheaded","floor":10}],"player_experience":1549250,"relics_obtained":[{"floor":6,"key":"Shovel"},{"floor":8,"key":"Happy Flower"},{"floor":9,"key":"Bottled Tornado"}],"event_choices":[{"damage_healed":0,"gold_gain":0,"player_choice":"Damaged","damage_taken":10,"max_hp_gain":0,"max_hp_loss":0,"event_name":"Wheel of Change","floor":4,"gold_loss":0},{"cards_removed":["Leap"],"damage_healed":0,"gold_gain":0,"player_choice":"Gave Card","damage_taken":0,"relics_obtained":["DataDisk"],"max_hp_gain":0,"max_hp_loss":0,"event_name":"WeMeetAgain","floor":7,"gold_loss":0}],"is_beta":true,"boss_relics":[],"items_purged_floors":[],"is_endless":false,"potions_floor_spawned":[2],"killed_by":"Gremlin Nob","ascension_level":20}