{"gold_per_floor":[109,125,15,30,30,30,41,6,6,38,38,38],"floor_reached":12,"playtime":326,"items_purged":[],"score":156,"play_id":"62d9d9f3-b6c6-4beb-9d59-18e340d524c3","local_time":"20190527221525","is_ascension_mode":true,"campfire_choices":[{"data":"Zap","floor":6,"key":"SMITH"},{"data":"Sunder","floor":11,"key":"SMITH"}],"neow_cost":"NONE","seed_source_timestamp":538050673653,"circlet_count":0,"master_deck":["AscendersBane","Strike_B","Strike_B","Strike_B","Strike_B+1","Defend_B","Defend_B","Defend_B","Defend_B","Zap+1","Dualcast","Leap+1","Streamline","Cold Snap","Coolheaded","Coolheaded","Sunder+1"],"relics":["Cracked Core","Matryoshka","Art of War"],"potions_floor_usage":[10],"damage_taken":[{"damage":4,"enemies":"2 Louse","floor":1,"turns":2},{"damage":5,"enemies":"Jaw Worm","floor":2,"turns":5},{"damage":3,"enemies":"Small Slimes","floor":4,"turns":4},{"damage":8,"enemies":"Blue Slaver","floor":7,"turns":3},{"damage":38,"enemies":"Gremlin Nob","floor":10,"turns":5},{"damage":11,"enemies":"Lagavulin","floor":12,"turns":4}],"seed_played":"7603355276495806770","potions_obtained":[{"floor":1,"key":"Block Potion"},{"floor":4,"key":"LiquidBronze"},{"floor":10,"key":"PowerPotion"}],"is_trial":false,"path_per_floor":["M","M","$","M","?","R","M","?","T","E","R","E"],"character_chosen":"DEFECT","items_purchased":["Cold Snap","Coolheaded"],"campfire_rested":0,"item_purchase_floors":[3,3],"current_hp_per_floor":[67,62,62,59,36,36,28,47,47,9,9,0],"gold":38,"neow_bonus":"TEN_PERCENT_HP_BONUS","is_prod":false,"is_daily":false,"chose_seed":false,"campfire_upgraded":2,"win_rate":0,"timestamp":1558988125,"path_taken":["M","M","$","M","?","R","M","?","T","E","R","E"],"build_version":"2019-05-26","purchased_purges":0,"victory":false,"max_hp_per_floor":[78,78,78,78,78,78,78,78,78,78,78,78],"card_choices":[{"not_picked":["Consume","Compile Driver"],"picked":"Leap","floor":1},{"not_picked":["Reinforced Body","Blizzard"],"picked":"Streamline","floor":2},{"not_picked":["Reprogram","Scrape","Aggregate"],"picked":"SKIP","floor":4},{"not_picked":["Steam","Redo"],"picked":"Coolheaded","floor":7},{"not_picked":["Compile Driver","Thunder Strike"],"picked":"Sunder","floor":10}],"player_experience":1610225,"relics_obtained":[{"floor":9,"key":"Matryoshka"},{"floor":10,"key":"Art of War"}],"event_choices":[{"damage_healed":0,"gold_gain":0,"player_choice":"Entered Light","damage_taken":23,"max_hp_gain":0,"max_hp_loss":0,"event_name":"Shining Light","floor":5,"gold_loss":0,"cards_upgraded":["Strike_B","Leap"]},{"damage_healed":19,"gold_gain":0,"player_choice":"Healed","damage_taken":0,"max_hp_gain":0,"max_hp_loss":0,"event_name":"The Cleric","floor":8,"gold_loss":35}],"is_beta":true,"boss_relics":[],"items_purged_floors":[],"is_endless":false,"potions_floor_spawned":[1,4,10],"killed_by":"Lagavulin","ascension_level":20}