{"gold_per_floor":[112,130,143,143,158,158,192,206,206,206,217,250,317,492,492,593,593,610,624,159,159,171,171,191,191,191,291,36,36,36,48,48,48],"floor_reached":33,"playtime":3988,"items_purged":["Strike_G"],"score":270,"play_id":"a76ff831-4158-492a-9641-fa781e969f79","local_time":"20190624174645","is_ascension_mode":true,"campfire_choices":[{"data":"Neutralize","floor":6,"key":"SMITH"},{"floor":10,"key":"REST"},{"floor":15,"key":"REST"},{"floor":23,"key":"REST"},{"floor":25,"key":"REST"},{"floor":30,"key":"REST"},{"floor":32,"key":"REST"}],"neow_cost":"NONE","seed_source_timestamp":1376943008646139,"circlet_count":0,"master_deck":["Defend_G","Defend_G","Defend_G","Defend_G","Strike_G","Strike_G","Strike_G+1","Strike_G+1","Survivor","Neutralize+1","Flying Knee","Dodge and Roll","Dodge and Roll","Dagger Spray","Dash","Infinite Blades","Cloak And Dagger","Noxious Fumes","Doubt","Unload","PiercingWail+1","Deadly Poison+1","Caltrops","Dagger Spray","Finisher","Cloak And Dagger","Blade Dance+1","Blade Dance","Infinite Blades","All Out Attack","Backstab"],"relics":["Ring of the Snake","Question Card","Whetstone","WristBlade","TheAbacus","Incense Burner","Calipers","Singing Bowl","Bronze Scales","Nloth\u0027s Gift"],"potions_floor_usage":[12,16,16,16,24,27,33],"damage_taken":[{"damage":1,"enemies":"Cultist","floor":1,"turns":4},{"damage":3,"enemies":"Jaw Worm","floor":2,"turns":4},{"damage":0,"enemies":"2 Louse","floor":3,"turns":4},{"damage":16,"enemies":"Large Slime","floor":5,"turns":9},{"damage":22,"enemies":"3 Sentries","floor":7,"turns":10},{"damage":4,"enemies":"Blue Slaver","floor":8,"turns":4},{"damage":6,"enemies":"Lots of Slimes","floor":11,"turns":3},{"damage":5,"enemies":"Lagavulin","floor":12,"turns":7},{"damage":20,"enemies":"Hexaghost","floor":16,"turns":13},{"damage":21,"enemies":"3 Byrds","floor":18,"turns":6},{"damage":2,"enemies":"Shell Parasite","floor":19,"turns":6},{"damage":19,"enemies":"Snake Plant","floor":22,"turns":5},{"damage":41,"enemies":"Snecko","floor":24,"turns":9},{"damage":20,"enemies":"Colosseum Slavers","floor":27,"turns":5},{"damage":15,"enemies":"Colosseum Nobs","floor":27,"turns":5},{"damage":7,"enemies":"Sentry and Sphere","floor":31,"turns":5},{"damage":61,"enemies":"Collector","floor":33,"turns":7}],"seed_played":"3759201504629391380","potions_obtained":[{"floor":2,"key":"Energy Potion"},{"floor":7,"key":"EssenceOfSteel"},{"floor":12,"key":"EntropicBrew"},{"floor":16,"key":"SkillPotion"},{"floor":19,"key":"PowerPotion"},{"floor":24,"key":"SkillPotion"}],"is_trial":false,"path_per_floor":["M","M","M","?","M","R","E","M","T","R","M","E","?","?","R","B",null,"M","M","$","?","M","R","M","R","T","?","$","?","R","M","R","B"],"character_chosen":"THE_SILENT","items_purchased":["Caltrops","TheAbacus","Dagger Spray","Finisher","Bronze Scales","Infinite Blades","All Out Attack"],"campfire_rested":6,"item_purchase_floors":[20,20,20,20,28,28,28],"current_hp_per_floor":[76,73,73,73,57,57,35,31,31,54,48,43,43,43,66,46,77,56,54,54,54,35,58,17,40,40,5,5,5,28,21,44,0],"gold":48,"neow_bonus":"TEN_PERCENT_HP_BONUS","is_prod":false,"is_daily":false,"chose_seed":false,"campfire_upgraded":1,"win_rate":0,"timestamp":1561412805,"path_taken":["M","M","?","?","?","R","E","M","T","R","M","E","?","?","R","BOSS","M","M","$","?","M","R","M","R","T","?","$","?","R","?","R","BOSS"],"build_version":"2019-01-23","purchased_purges":1,"victory":false,"max_hp_per_floor":[77,77,77,77,77,77,77,77,77,77,77,77,77,77,77,77,77,77,77,77,77,77,77,77,77,77,77,77,77,77,77,77,77],"card_choices":[{"not_picked":["Blade Dance","Dagger Spray"],"picked":"Flying Knee","floor":1},{"not_picked":["Footwork","Backflip"],"picked":"Dodge and Roll","floor":2},{"not_picked":["Expertise","Grand Finale"],"picked":"Dodge and Roll","floor":3},{"not_picked":["Backflip","Outmaneuver"],"picked":"Dagger Spray","floor":5},{"not_picked":["Sucker Punch","Deflect"],"picked":"Dash","floor":7},{"not_picked":["Poisoned Stab","Bane","Skewer"],"picked":"Infinite Blades","floor":8},{"not_picked":["Dagger Throw","Flying Knee","Acrobatics"],"picked":"Cloak And Dagger","floor":11},{"not_picked":["Slice","Escape Plan","Outmaneuver"],"picked":"Noxious Fumes","floor":12},{"not_picked":["Burst","Tools of the Trade","Night Terror"],"picked":"Unload","floor":16},{"not_picked":["All Out Attack","Predator","Prepared"],"picked":"PiercingWail+1","floor":18},{"not_picked":["Dagger Spray","Footwork","Finisher+1"],"picked":"Deadly Poison+1","floor":19},{"not_picked":["Acrobatics","Dagger Throw","Tactician"],"picked":"Cloak And Dagger","floor":22},{"not_picked":["Predator+1","PiercingWail","Quick Slash"],"picked":"Blade Dance+1","floor":24},{"not_picked":["Dagger Throw+1","Underhanded Strike","Quick Slash"],"picked":"Blade Dance","floor":27},{"not_picked":["Acrobatics+1","Noxious Fumes","Dodge and Roll"],"picked":"Backstab","floor":31}],"player_experience":1199604,"relics_obtained":[{"floor":7,"key":"Question Card"},{"floor":9,"key":"Boot"},{"floor":12,"key":"Whetstone"},{"floor":26,"key":"Incense Burner"},{"floor":27,"key":"Calipers"},{"floor":27,"key":"Singing Bowl"}],"event_choices":[{"cards_removed":["Defend_G"],"damage_healed":0,"gold_gain":0,"player_choice":"Offered Basic","damage_taken":0,"max_hp_gain":0,"max_hp_loss":0,"event_name":"Bonfire Elementals","floor":4,"gold_loss":0},{"damage_healed":0,"gold_gain":67,"player_choice":"Gained Gold","damage_taken":0,"max_hp_gain":0,"max_hp_loss":0,"event_name":"Golden Wing","floor":13,"gold_loss":0},{"damage_healed":0,"gold_gain":175,"player_choice":"AGREE","damage_taken":0,"max_hp_gain":0,"max_hp_loss":0,"event_name":"Liars Game","floor":14,"gold_loss":0,"cards_obtained":["Doubt"]},{"damage_healed":0,"gold_gain":0,"player_choice":"Ignored","damage_taken":0,"max_hp_gain":0,"max_hp_loss":0,"event_name":"Ghosts","floor":21,"gold_loss":0},{"damage_healed":0,"gold_gain":0,"player_choice":"Fight","damage_taken":0,"max_hp_gain":0,"max_hp_loss":0,"event_name":"Colosseum","floor":27,"gold_loss":0},{"damage_healed":0,"gold_gain":0,"player_choice":"Fought Nobs","damage_taken":0,"max_hp_gain":0,"max_hp_loss":0,"event_name":"Colosseum","floor":27,"gold_loss":0},{"damage_healed":0,"gold_gain":0,"player_choice":"Traded Relic","damage_taken":0,"relics_obtained":["Nloth\u0027s Gift"],"max_hp_gain":0,"max_hp_loss":0,"event_name":"N\u0027loth","floor":29,"relics_lost":["Boot"],"gold_loss":0}],"is_beta":false,"boss_relics":[{"not_picked":["Eternal Feather","Ring of the Serpent"],"picked":"WristBlade"}],"items_purged_floors":[20],"is_endless":false,"potions_floor_spawned":[2,7,12,16,19,24],"killed_by":"Collector","ascension_level":1}