{"gold_per_floor":[113,113,113,44,61,91,17,32,56,56,68,103,28,46,46,148,148,166,185,185,195,207,207,241,295,295,295,143,154,188,199,199,294,294,313,16,0,0,18,18,34,68,91,91,117,68,78,78,78,78],"floor_reached":51,"playtime":4598,"items_purged":["Strike_R"],"score":792,"play_id":"09843704-a865-4f7e-8362-ca5c6d132d80","local_time":"20190330120131","is_ascension_mode":true,"campfire_choices":[{"data":"Shrug It Off","floor":10.0,"key":"SMITH"},{"data":"Heavy Blade","floor":15.0,"key":"SMITH"},{"data":"Limit Break","floor":23.0,"key":"SMITH"},{"floor":27.0,"key":"REST"},{"floor":32.0,"key":"REST"},{"data":"Offering","floor":40,"key":"SMITH"},{"data":"Doubt","floor":49,"key":"PURGE"}],"neow_cost":"NONE","seed_source_timestamp":0,"circlet_count":0,"master_deck":["Bash","Immolate","Whirlwind","Inflame","Shrug It Off+1","Uppercut","Inflame","Twin Strike","Heavy Blade+1","Ghostly Armor","Demon Form","Clothesline","Flex","Power Through","Rupture","Shrug It Off","Twin Strike","Offering+1","Reaper","Pommel Strike+1","Shrug It Off","Limit Break+1","Headbutt","Iron Wave","Shrug It Off","Havoc+1","Impervious","Headbutt+1","Reaper","Shame","Parasite","Impervious","Pummel+1","Shame"],"special_seed":0,"relics":["Burning Blood","Strawberry","Juzu Bracelet","PreservedInsect","Blue Candle","Nloth\u0027s Gift","Vajra","Dream Catcher","Kunai","Potion Belt","Cursed Key","Calipers","Red Mask","Pantograph","Gremlin Horn","Bag of Preparation","Peace Pipe","Bottled Lightning"],"potions_floor_usage":[45,50,50,50,50],"damage_taken":[{"damage":0.0,"enemies":"2 Louse","floor":1.0,"turns":2.0},{"damage":0.0,"enemies":"Small Slimes","floor":5.0,"turns":2.0},{"damage":23.0,"enemies":"3 Sentries","floor":6.0,"turns":4.0},{"damage":3.0,"enemies":"Jaw Worm","floor":8.0,"turns":3.0},{"damage":5.0,"enemies":"Lots of Slimes","floor":11.0,"turns":3.0},{"damage":6.0,"enemies":"Gremlin Nob","floor":12.0,"turns":3.0},{"damage":3.0,"enemies":"Red Slaver","floor":14.0,"turns":2.0},{"damage":11.0,"enemies":"Slime Boss","floor":16.0,"turns":8.0},{"damage":8.0,"enemies":"Shell Parasite","floor":18.0,"turns":6.0},{"damage":6.0,"enemies":"Chosen","floor":19.0,"turns":4.0},{"damage":21.0,"enemies":"Snecko","floor":21.0,"turns":4.0},{"damage":31.0,"enemies":"Shelled Parasite and Fungi","floor":22.0,"turns":6.0},{"damage":63.0,"enemies":"Book of Stabbing","floor":24.0,"turns":7.0},{"damage":31.0,"enemies":"Centurion and Healer","floor":29.0,"turns":6.0},{"damage":24.0,"enemies":"Gremlin Leader","floor":30.0,"turns":4.0},{"damage":11.0,"enemies":"Snake Plant","floor":31.0,"turns":3.0},{"damage":55.0,"enemies":"Champ","floor":33.0,"turns":10.0},{"damage":0,"enemies":"3 Shapes","floor":35,"turns":3},{"damage":11,"enemies":"Orb Walker","floor":39,"turns":4},{"damage":27,"enemies":"Writhing Mass","floor":41,"turns":6},{"damage":12,"enemies":"Reptomancer","floor":42,"turns":5},{"damage":24,"enemies":"Nemesis","floor":45,"turns":7},{"damage":44,"enemies":"Transient","floor":47,"turns":5},{"damage":95,"enemies":"Time Eater","floor":50,"turns":8}],"seed_played":"3075482787728244442","potions_obtained":[{"floor":1.0,"key":"Swift Potion"},{"floor":12.0,"key":"SkillPotion"},{"floor":14.0,"key":"SteroidPotion"},{"floor":16.0,"key":"SteroidPotion"},{"floor":21.0,"key":"LiquidBronze"},{"floor":22.0,"key":"Weak Potion"},{"floor":33.0,"key":"EssenceOfSteel"},{"floor":39,"key":"Regen Potion"},{"floor":42,"key":"FairyPotion"}],"is_trial":false,"path_per_floor":["M","?","?","$","M","E","$","M","T","R","M","E","$","M","R","B",null,"M","M","?","M","M","R","E","T","T","R","$","M","E","M","R","B",null,"M","$","?","T","M","R","M","E","T","T","E","$","M","?","R","B",null],"character_chosen":"IRONCLAD","items_purchased":["Inflame","Inflame","Shrug It Off","Dexterity Potion","Explosive Potion","Calipers","SteroidPotion"],"campfire_rested":2,"item_purchase_floors":[4,7,28,28,28,36,46],"current_hp_per_floor":[80,87,87,87,87,70,70,73,73,73,74,74,74,77,77,72,87,85,87,87,78,53,53,16,16,16,42,42,37,40,35,61,29,87,87,87,87,87,82,82,83,87,87,87,83,83,61,61,61,38],"gold":78,"neow_bonus":"ONE_RANDOM_RARE_CARD","is_prod":false,"is_daily":false,"chose_seed":false,"campfire_upgraded":4,"win_rate":0,"timestamp":1553972491,"path_taken":["M","?","?","$","M","E","?","M","T","R","M","E","$","M","R","BOSS","M","M","?","M","M","R","E","?","T","R","$","M","E","M","R","BOSS","M","$","?","?","M","R","M","E","T","?","E","$","M","?","R","BOSS"],"build_version":"2019-01-23","purchased_purges":1,"victory":true,"max_hp_per_floor":[80,87,87,87,87,87,87,87,87,87,87,87,87,87,87,87,87,87,87,87,87,87,87,87,87,87,87,87,87,87,87,87,87,87,87,87,87,87,87,87,87,87,87,87,87,87,87,87,87,87],"card_choices":[{"not_picked":["Fire Breathing","Thunderclap"],"picked":"Whirlwind","floor":1.0},{"not_picked":["Twin Strike","Iron Wave"],"picked":"Shrug It Off","floor":5.0},{"not_picked":["Sword Boomerang","Second Wind"],"picked":"Uppercut","floor":6.0},{"not_picked":["Body Slam","Sword Boomerang"],"picked":"Twin Strike","floor":8.0},{"not_picked":["Havoc","Cleave","Rampage"],"picked":"SKIP","floor":11.0},{"not_picked":["Perfected Strike","Anger"],"picked":"Heavy Blade","floor":12.0},{"not_picked":["Pummel","Second Wind"],"picked":"Ghostly Armor","floor":14.0},{"not_picked":["Juggernaut","Double Tap"],"picked":"Demon Form","floor":16.0},{"not_picked":["Cleave+1","Feel No Pain"],"picked":"Pommel Strike+1","floor":18.0},{"not_picked":["Perfected Strike","Cleave"],"picked":"Shrug It Off","floor":19.0},{"not_picked":["Bludgeon","Heavy Blade"],"picked":"Limit Break","floor":21.0},{"not_picked":["Wild Strike","Fire Breathing"],"picked":"Headbutt","floor":22.0},{"not_picked":["Offering","Sword Boomerang","Pommel Strike"],"picked":"SKIP","floor":24.0},{"not_picked":["Offering","Sword Boomerang","Pommel Strike"],"picked":"SKIP","floor":24.0},{"not_picked":["Perfected Strike","Burning Pact"],"picked":"Iron Wave","floor":27.0},{"not_picked":["Cleave","Warcry"],"picked":"Havoc+1","floor":29.0},{"not_picked":["Barricade","Pommel Strike"],"picked":"Impervious","floor":30.0},{"not_picked":["Pummel","Blood for Blood","Body Slam"],"picked":"SKIP","floor":31.0},{"not_picked":["Twin Strike","Armaments+1"],"picked":"Headbutt+1","floor":32.0},{"not_picked":["Brutality","Barricade"],"picked":"Reaper","floor":33.0},{"not_picked":["Searing Blow","Clothesline","Spot Weakness+1"],"picked":"SKIP","floor":35},{"not_picked":["Clash+1","Headbutt+1","Armaments+1"],"picked":"SKIP","floor":39},{"not_picked":["Wild Strike+1","Power Through"],"picked":"Impervious","floor":41},{"not_picked":["Havoc+1","Berserk"],"picked":"Pummel+1","floor":42},{"not_picked":["Battle Trance","Ghostly Armor","Heavy Blade"],"picked":"SKIP","floor":45},{"not_picked":["Pommel Strike","Twin Strike","Whirlwind"],"picked":"SKIP","floor":47}],"player_experience":197384,"relics_obtained":[{"floor":6.0,"key":"Juzu Bracelet"},{"floor":9.0,"key":"PreservedInsect"},{"floor":12.0,"key":"Blue Candle"},{"floor":24.0,"key":"Vajra"},{"floor":25.0,"key":"Dream Catcher"},{"floor":26.0,"key":"Kunai"},{"floor":30.0,"key":"Potion Belt"},{"floor":38,"key":"Pantograph"},{"floor":42,"key":"Gremlin Horn"},{"floor":43,"key":"Bag of Preparation"},{"floor":44,"key":"Peace Pipe"},{"floor":45,"key":"Bottled Lightning"}],"event_choices":[{"damage_healed":0.0,"max_hp_gain":0.0,"max_hp_loss":0.0,"gold_gain":0.0,"event_name":"Big Fish","player_choice":"Box","floor":2.0,"gold_loss":0.0,"damage_taken":0.0,"relics_obtained":["Strawberry"],"cards_obtained":["Regret"]},{"cards_removed":["Regret"],"damage_healed":0.0,"max_hp_gain":0.0,"max_hp_loss":0.0,"gold_gain":0.0,"event_name":"Living Wall","player_choice":"Forget","floor":3.0,"gold_loss":0.0,"damage_taken":0.0},{"damage_healed":0.0,"max_hp_gain":0.0,"max_hp_loss":0.0,"gold_gain":0.0,"event_name":"N\u0027loth","player_choice":"Traded Relic","floor":20.0,"relics_lost":["Pandora\u0027s Box"],"gold_loss":0.0,"damage_taken":0.0,"relics_obtained":["Nloth\u0027s Gift"]},{"damage_healed":0,"gold_gain":0,"player_choice":"Paid","damage_taken":0,"relics_obtained":["Red Mask"],"max_hp_gain":0,"max_hp_loss":0,"event_name":"Tomb of Lord Red Mask","floor":37,"gold_loss":16},{"damage_healed":0,"gold_gain":0,"player_choice":"0 cards matched","damage_taken":0,"max_hp_gain":0,"max_hp_loss":0,"event_name":"Match and Keep!","floor":48,"gold_loss":0,"cards_obtained":[]}],"is_beta":false,"boss_relics":[{"not_picked":["Runic Pyramid","Runic Dome"],"picked":"Pandora\u0027s Box"},{"not_picked":["Eternal Feather","White Beast Statue"],"picked":"Cursed Key"}],"items_purged_floors":[13],"is_endless":false,"potions_floor_spawned":[1,12,14,16,21,22,29,33,39,42,47],"ascension_level":1}