{"gold_per_floor":[210,224,37,37,54,54,68,95,119,139,0,32,32,51,51,127,127,144,144,163,163],"floor_reached":21,"playtime":642,"items_purged":[],"score":532,"play_id":"51dd41cf-4321-44a3-8c6e-f81518271b27","local_time":"20190601192353","is_ascension_mode":true,"campfire_choices":[{"data":"Loop","floor":6.0,"key":"SMITH"},{"data":"Coolheaded","floor":15,"key":"SMITH"}],"neow_cost":"NONE","seed_source_timestamp":3460542761214,"circlet_count":0,"master_deck":["AscendersBane","Strike_B","Strike_B","Strike_B","Strike_B","Defend_B","Defend_B","Defend_B","Defend_B","Zap","Dualcast","Conserve Battery","Hologram","Beam Cell+1","Melter","Loop+1","Sweeping Beam","Seek","Capacitor","Chaos+1","Coolheaded+1","Electrodynamics","Self Repair"],"special_seed":0,"relics":["Cracked Core","Lantern","DataDisk","Boot","Nuclear Battery"],"potions_floor_usage":[16],"damage_taken":[{"damage":0.0,"enemies":"Cultist","floor":1.0,"turns":3.0},{"damage":2.0,"enemies":"Jaw Worm","floor":2.0,"turns":4.0},{"damage":0.0,"enemies":"2 Louse","floor":5.0,"turns":2.0},{"damage":11.0,"enemies":"Looter","floor":7.0,"turns":3.0},{"damage":10.0,"enemies":"3 Sentries","floor":8.0,"turns":5.0},{"damage":5.0,"enemies":"3 Louse","floor":10.0,"turns":3.0},{"damage":0.0,"enemies":"Gremlin Nob","floor":12.0,"turns":2.0},{"damage":0,"enemies":"Exordium Wildlife","floor":14,"turns":3},{"damage":0,"enemies":"The Guardian","floor":16,"turns":12},{"damage":20,"enemies":"Shell Parasite","floor":18,"turns":5},{"damage":2,"enemies":"Chosen","floor":20,"turns":4},{"damage":44,"enemies":"Colosseum Slavers","floor":21,"turns":2}],"seed_played":"880034925058804445","potions_obtained":[{"floor":2.0,"key":"SteroidPotion"},{"floor":7.0,"key":"Ancient Potion"},{"floor":10.0,"key":"FearPotion"},{"floor":14,"key":"EssenceOfSteel"}],"is_trial":false,"path_per_floor":["M","M","$","?","M","R","M","E","T","M","$","E","?","M","R","B",null,"M","?","M","?"],"character_chosen":"DEFECT","items_purchased":["Beam Cell","Melter","FocusPotion","Capacitor","SteroidPotion"],"campfire_rested":0,"item_purchase_floors":[3,3,3,11,11],"current_hp_per_floor":[64,62,62,62,62,62,51,41,41,36,36,36,36,36,36,36,62,42,42,40,0],"gold":163,"neow_bonus":"HUNDRED_GOLD","is_prod":false,"is_daily":false,"chose_seed":false,"campfire_upgraded":2,"win_rate":0,"timestamp":1559409833,"path_taken":["M","?","$","?","M","R","M","E","T","?","$","E","?","M","R","BOSS","M","?","M","?"],"build_version":"2019-05-31","purchased_purges":0,"victory":false,"max_hp_per_floor":[71,71,71,71,71,71,71,71,71,71,71,71,71,71,71,71,71,71,71,71,71],"card_choices":[{"not_picked":["Coolheaded","Rip and Tear"],"picked":"Conserve Battery","floor":1.0},{"not_picked":["Scrape","Turbo"],"picked":"Hologram","floor":2.0},{"not_picked":["Steam Power","Double Energy"],"picked":"Loop","floor":5.0},{"not_picked":["Compile Driver","Redo"],"picked":"Sweeping Beam","floor":7.0},{"not_picked":["Steam Power","Tempest","Hello World"],"picked":"SKIP","floor":8.0},{"not_picked":["Steam","Turbo"],"picked":"Seek","floor":10.0},{"not_picked":["Darkness","Recycle"],"picked":"Chaos","floor":12},{"not_picked":["Hologram","Stack"],"picked":"Coolheaded","floor":14},{"not_picked":["Buffer","Seek"],"picked":"Electrodynamics","floor":16},{"not_picked":["Ball Lightning","Gash","Stack"],"picked":"SKIP","floor":18},{"not_picked":["Lockon+1","Leap+1"],"picked":"Self Repair","floor":20}],"player_experience":1648516,"relics_obtained":[{"floor":8.0,"key":"Lantern"},{"floor":9.0,"key":"DataDisk"},{"floor":12,"key":"Boot"}],"event_choices":[{"damage_healed":0.0,"max_hp_gain":0.0,"max_hp_loss":0.0,"gold_gain":0.0,"event_name":"Upgrade Shrine","player_choice":"Upgraded","floor":4.0,"gold_loss":0.0,"damage_taken":0.0,"cards_upgraded":["Beam Cell"]},{"damage_healed":0,"gold_gain":0,"player_choice":"Grow","damage_taken":0,"max_hp_gain":0,"max_hp_loss":0,"event_name":"Living Wall","floor":13,"gold_loss":0,"cards_upgraded":["Chaos"]},{"damage_healed":0,"gold_gain":0,"player_choice":"Ignored","damage_taken":0,"max_hp_gain":0,"max_hp_loss":0,"event_name":"The Mausoleum","floor":19,"gold_loss":0},{"damage_healed":0,"gold_gain":0,"player_choice":"Fight","damage_taken":0,"max_hp_gain":0,"max_hp_loss":0,"event_name":"Colosseum","floor":21,"gold_loss":0}],"is_beta":true,"boss_relics":[{"not_picked":["Lizard Tail","Fusion Hammer"],"picked":"Nuclear Battery"}],"items_purged_floors":[],"is_endless":false,"potions_floor_spawned":[2,7,10,14],"killed_by":"Colosseum Slavers","ascension_level":20}