{"gold_per_floor":[110,120,135,135,148,148,159,159,159,194,194,28,48,74,74,152,152,169,52,52,102,119,149,166,166,166,166,183,200,200],"floor_reached":30,"playtime":1272,"items_purged":["Strike_B"],"score":608,"play_id":"e8686fea-037c-40e8-986e-98d10fbd425a","local_time":"20190617205826","is_ascension_mode":true,"campfire_choices":[{"data":"Ball Lightning","floor":6.0,"key":"SMITH"},{"floor":11.0,"key":"REST"},{"data":"Loop","floor":15.0,"key":"SMITH"},{"floor":25.0,"key":"REST"},{"data":"Zap","floor":27.0,"key":"SMITH"}],"neow_cost":"NONE","seed_source_timestamp":276887049114840,"circlet_count":0,"master_deck":["AscendersBane","Strike_B","Strike_B","Defend_B+1","Defend_B+1","Defend_B","Defend_B","Zap+1","Dualcast","Ball Lightning+1","Cold Snap","Coolheaded+1","Go for the Eyes","Gash","Reinforced Body+1","Loop+1","Skim+1","Chaos+1","All For One","Coolheaded+1","Consume+1"],"special_seed":0,"relics":["Busted Crown","Toxic Egg 2","Dodecahedron","Shuriken","Kunai","Inserter","War Paint","Bottled Flame"],"potions_floor_usage":[30],"damage_taken":[{"damage":14.0,"enemies":"Jaw Worm","floor":1.0,"turns":4.0},{"damage":6.0,"enemies":"Small Slimes","floor":2.0,"turns":3.0},{"damage":0.0,"enemies":"2 Louse","floor":3.0,"turns":2.0},{"damage":0.0,"enemies":"Large Slime","floor":5.0,"turns":5.0},{"damage":6.0,"enemies":"Looter","floor":7.0,"turns":2.0},{"damage":6.0,"enemies":"Lagavulin","floor":10.0,"turns":7.0},{"damage":8.0,"enemies":"Red Slaver","floor":13.0,"turns":4.0},{"damage":6.0,"enemies":"3 Sentries","floor":14.0,"turns":7.0},{"damage":0.0,"enemies":"Hexaghost","floor":16.0,"turns":9.0},{"damage":3.0,"enemies":"Chosen","floor":18.0,"turns":7.0},{"damage":0.0,"enemies":"Spheric Guardian","floor":22.0,"turns":5.0},{"damage":13.0,"enemies":"Gremlin Leader","floor":23.0,"turns":7.0},{"damage":16.0,"enemies":"Cultist and Chosen","floor":24.0,"turns":6.0},{"damage":11.0,"enemies":"Centurion and Healer","floor":28.0,"turns":7.0},{"damage":0.0,"enemies":"Snecko","floor":29.0,"turns":4.0},{"damage":19,"enemies":"Slavers","floor":30,"turns":4}],"seed_played":"7365530667182816409","potions_obtained":[{"floor":1.0,"key":"SteroidPotion"},{"floor":5.0,"key":"SpeedPotion"},{"floor":13.0,"key":"Poison Potion"},{"floor":16.0,"key":"FearPotion"},{"floor":22.0,"key":"Block Potion"},{"floor":24.0,"key":"Dexterity Potion"}],"is_trial":false,"path_per_floor":["M","M","M","?","M","R","M","?","T","E","R","$","M","E","R","B",null,"M","$","?","?","M","E","M","R","T","R","M","M","E"],"character_chosen":"DEFECT","items_purchased":["Reinforced Body+1","Loop","Consume+1"],"campfire_rested":2,"item_purchase_floors":[12,12,19],"current_hp_per_floor":[50,44,44,33,33,33,27,27,27,21,42,42,34,28,28,28,60,57,57,37,37,37,24,8,30,30,30,19,19,0],"gold":200,"neow_bonus":"BOSS_RELIC","is_prod":false,"is_daily":false,"chose_seed":false,"campfire_upgraded":3,"win_rate":0,"timestamp":1560797906,"path_taken":["M","M","M","?","M","R","M","?","T","E","R","$","M","E","R","BOSS","M","$","?","?","M","E","M","R","T","R","M","M","E"],"build_version":"2019-01-23","purchased_purges":1,"victory":false,"max_hp_per_floor":[71,71,71,71,71,71,71,71,71,71,71,71,71,71,71,71,71,71,71,76,76,76,76,76,76,76,76,76,76,76],"card_choices":[{"not_picked":["Beam Cell"],"picked":"SKIP","floor":1.0},{"not_picked":[],"picked":"Ball Lightning","floor":2.0},{"not_picked":[],"picked":"Cold Snap","floor":3.0},{"not_picked":["Steam+1"],"picked":"SKIP","floor":5.0},{"not_picked":[],"picked":"Coolheaded+1","floor":7.0},{"not_picked":[],"picked":"Gash","floor":10.0},{"not_picked":[],"picked":"Skim+1","floor":13.0},{"not_picked":[],"picked":"Chaos+1","floor":14.0},{"not_picked":[],"picked":"All For One","floor":16.0},{"not_picked":[],"picked":"Coolheaded+1","floor":18.0},{"not_picked":["Turbo+1"],"picked":"SKIP","floor":22.0},{"not_picked":["Scrape"],"picked":"SKIP","floor":23.0},{"not_picked":["Stack+1"],"picked":"SKIP","floor":24.0},{"not_picked":["Compile Driver+1"],"picked":"SKIP","floor":28.0},{"not_picked":["Streamline"],"picked":"SKIP","floor":29.0}],"player_experience":595578,"relics_obtained":[{"floor":9.0,"key":"Dodecahedron"},{"floor":10.0,"key":"Shuriken"},{"floor":14.0,"key":"Kunai"},{"floor":23.0,"key":"War Paint"},{"floor":26.0,"key":"Bottled Flame"}],"event_choices":[{"damage_healed":0.0,"max_hp_gain":0.0,"max_hp_loss":0.0,"gold_gain":0.0,"event_name":"Scrap Ooze","player_choice":"Success","floor":4.0,"gold_loss":0.0,"damage_taken":11.0,"relics_obtained":["Toxic Egg 2"]},{"damage_healed":0.0,"max_hp_gain":0.0,"max_hp_loss":0.0,"gold_gain":0.0,"cards_transformed":["Strike_B"],"event_name":"Living Wall","player_choice":"Change","floor":8.0,"gold_loss":0.0,"damage_taken":0.0,"cards_obtained":["Go for the Eyes"]},{"damage_healed":0.0,"max_hp_gain":5.0,"max_hp_loss":0.0,"gold_gain":0.0,"event_name":"Forgotten Altar","player_choice":"Shed Blood","floor":20.0,"gold_loss":0.0,"damage_taken":25.0},{"damage_healed":0.0,"max_hp_gain":0.0,"max_hp_loss":0.0,"gold_gain":50.0,"event_name":"Nest","player_choice":"Stole From Cult","floor":21.0,"gold_loss":0.0,"damage_taken":0.0}],"is_beta":false,"boss_relics":[{"not_picked":["Runic Pyramid","Astrolabe"],"picked":"Inserter"}],"items_purged_floors":[19],"is_endless":false,"potions_floor_spawned":[1,5,13,16,22,24],"killed_by":"Slavers","ascension_level":19}