{"gold_per_floor":[117,117,133,153,27,59,73,84,107,107,123,150,214,314,314,409,459,470,470,486,486],"floor_reached":21,"playtime":1322,"items_purged":["Pain"],"score":283,"play_id":"f41d06d6-8bab-492a-a419-19dfdf3f4c7a","local_time":"20190517183554","is_ascension_mode":true,"campfire_choices":[{"floor":10,"key":"REST"},{"floor":15,"key":"REST"}],"neow_cost":"NONE","seed_source_timestamp":10063424467000,"circlet_count":0,"master_deck":["Defend_G","Defend_G","Defend_G","Defend_G","Defend_G","Strike_G","Strike_G","Strike_G","Strike_G","Strike_G","Survivor","Neutralize","Burst","Cloak And Dagger","Noxious Fumes","Poisoned Stab","Backflip","Accuracy","Cloak And Dagger","Backflip","Predator+1","Skewer","Tools of the Trade","Crippling Poison","PiercingWail+1","Ghostly","Ghostly","Ghostly","Ghostly","Ghostly","Noxious Fumes"],"relics":["Ring of the Snake","WarpedTongs","Question Card","Strawberry","Oddly Smooth Stone","Tiny House"],"potions_floor_usage":[8,12,12,16],"damage_taken":[{"damage":3,"enemies":"Small Slimes","floor":1,"turns":6},{"damage":4,"enemies":"Cultist","floor":3,"turns":4},{"damage":4,"enemies":"Jaw Worm","floor":4,"turns":7},{"damage":22,"enemies":"Lagavulin","floor":6,"turns":10},{"damage":6,"enemies":"Looter","floor":7,"turns":4},{"damage":21,"enemies":"Exordium Thugs","floor":8,"turns":7},{"damage":13,"enemies":"3 Louse","floor":11,"turns":4},{"damage":10,"enemies":"Gremlin Nob","floor":12,"turns":4},{"damage":16,"enemies":"The Guardian","floor":16,"turns":12},{"damage":4,"enemies":"Chosen","floor":18,"turns":6},{"damage":30,"enemies":"3 Byrds","floor":20,"turns":9},{"damage":26,"enemies":"Snecko","floor":21,"turns":6}],"seed_played":"-5727310675467121089","potions_obtained":[{"floor":3,"key":"Dexterity Potion"},{"floor":4,"key":"EssenceOfSteel"},{"floor":6,"key":"SneckoOil"},{"floor":8,"key":"FearPotion"},{"floor":17,"key":"SmokeBomb"},{"floor":20,"key":"LiquidBronze"}],"is_trial":false,"path_per_floor":["M","?","M","M","$","E","M","M","T","R","M","E","?","?","R","B",null,"M","?","M","M"],"character_chosen":"THE_SILENT","items_purchased":["Backflip"],"campfire_rested":2,"item_purchase_floors":[5],"current_hp_per_floor":[60,60,56,52,52,30,24,3,10,33,20,10,10,10,33,17,67,63,41,11,0],"gold":486,"neow_bonus":"ONE_RANDOM_RARE_CARD","is_prod":false,"is_daily":false,"chose_seed":false,"campfire_upgraded":0,"win_rate":0,"timestamp":1558143354,"path_taken":["M","?","M","M","$","E","M","?","T","R","M","E","?","?","R","BOSS","M","?","M","M"],"build_version":"2019-01-23","purchased_purges":1,"victory":false,"max_hp_per_floor":[70,70,70,70,70,70,70,70,77,77,77,77,77,77,77,77,82,82,41,41,41],"card_choices":[{"not_picked":["Bane","Backstab"],"picked":"Cloak And Dagger","floor":1},{"not_picked":["Catalyst","Acrobatics"],"picked":"Noxious Fumes","floor":3},{"not_picked":["Distraction","Well Laid Plans"],"picked":"Poisoned Stab","floor":4},{"not_picked":["Deflect","Cloak And Dagger"],"picked":"Accuracy","floor":6},{"not_picked":["Phantasmal Killer","Blur","Distraction"],"picked":"Cloak And Dagger","floor":7},{"not_picked":["Dodge and Roll","Blade Dance","Outmaneuver"],"picked":"Backflip","floor":8},{"not_picked":["Flying Knee","Underhanded Strike","Malaise"],"picked":"Predator","floor":11},{"not_picked":["Underhanded Strike","Prepared","Finisher"],"picked":"Skewer","floor":12},{"not_picked":["Phantasmal Killer","Doppelganger","Night Terror"],"picked":"Tools of the Trade","floor":16},{"not_picked":["PiercingWail","Acrobatics","Choke"],"picked":"Crippling Poison","floor":17},{"not_picked":["Quick Slash","Bane","Dagger Spray"],"picked":"PiercingWail+1","floor":18},{"not_picked":["Deflect","All Out Attack","Expertise"],"picked":"Noxious Fumes","floor":20}],"player_experience":337930,"relics_obtained":[{"floor":6,"key":"Question Card"},{"floor":9,"key":"Strawberry"},{"floor":12,"key":"Oddly Smooth Stone"}],"event_choices":[{"damage_healed":0,"gold_gain":0,"player_choice":"Rummage","damage_taken":0,"relics_obtained":["WarpedTongs"],"max_hp_gain":0,"max_hp_loss":0,"event_name":"Accursed Blacksmith","floor":2,"gold_loss":0,"cards_obtained":["Pain"]},{"damage_healed":0,"gold_gain":64,"player_choice":"Gained Gold","damage_taken":0,"max_hp_gain":0,"max_hp_loss":0,"event_name":"Golden Wing","floor":13,"gold_loss":0},{"damage_healed":0,"gold_gain":100,"player_choice":"Pray","damage_taken":0,"max_hp_gain":0,"max_hp_loss":0,"event_name":"Golden Shrine","floor":14,"gold_loss":0},{"damage_healed":0,"gold_gain":0,"player_choice":"Became a Ghost","damage_taken":0,"max_hp_gain":0,"max_hp_loss":41,"event_name":"Ghosts","floor":19,"gold_loss":0,"cards_obtained":["Ghostly","Ghostly","Ghostly","Ghostly","Ghostly"]}],"is_beta":false,"boss_relics":[{"not_picked":["HoveringKite","Ectoplasm"],"picked":"Tiny House"}],"items_purged_floors":[5],"is_endless":false,"potions_floor_spawned":[3,4,6,8,20],"killed_by":"Snecko","ascension_level":7}