{"gold_per_floor":[117,134,144,219,229,264,283,4,34,53,53,85,85,85,85,186,186,198,209,309,20,35,35,134,186,210,55,55,74,74,74],"floor_reached":31,"playtime":1433,"items_purged":[],"score":343,"play_id":"3c233a92-c1a0-4f76-aa01-118bf9366891","local_time":"20190617191757","is_ascension_mode":true,"campfire_choices":[{"floor":11,"key":"REST"},{"floor":15,"key":"REST"},{"floor":23,"key":"REST"},{"floor":28,"key":"DIG"}],"neow_cost":"NONE","seed_source_timestamp":510700960640832,"circlet_count":0,"master_deck":["Defend_G","Defend_G","Defend_G","Defend_G","Defend_G","Strike_G","Strike_G","Strike_G+1","Strike_G+1","Survivor","Neutralize","Backflip","Footwork","Deadly Poison","Bouncing Flask","Well Laid Plans","Corpse Explosion","Cloak And Dagger","Caltrops","Calculated Gamble","Dagger Throw","Parasite","After Image","Backflip","Slice+1","Cloak And Dagger+1","Caltrops","After Image"],"relics":["Ring of the Snake","Peace Pipe","Mummified Hand","Tiny Chest","PreservedInsect","Black Star","Mango","Question Card","Shovel","Art of War","Bag of Preparation","Whetstone","Bottled Flame"],"potions_floor_usage":[6,10,18,18,20,20,22],"damage_taken":[{"damage":2,"enemies":"Small Slimes","floor":1,"turns":5},{"damage":1,"enemies":"2 Louse","floor":2,"turns":3},{"damage":0,"enemies":"Cultist","floor":3,"turns":4},{"damage":0,"enemies":"2 Fungi Beasts","floor":5,"turns":5},{"damage":25,"enemies":"3 Sentries","floor":6,"turns":11},{"damage":8,"enemies":"Looter","floor":7,"turns":4},{"damage":1,"enemies":"Lots of Slimes","floor":10,"turns":1},{"damage":21,"enemies":"Lagavulin","floor":12,"turns":5},{"damage":9,"enemies":"Hexaghost","floor":16,"turns":9},{"damage":17,"enemies":"3 Byrds","floor":18,"turns":5},{"damage":0,"enemies":"Shell Parasite","floor":19,"turns":6},{"damage":21,"enemies":"Colosseum Slavers","floor":20,"turns":4},{"damage":4,"enemies":"Colosseum Nobs","floor":20,"turns":3},{"damage":22,"enemies":"Shelled Parasite and Fungi","floor":22,"turns":9},{"damage":38,"enemies":"Snecko","floor":29,"turns":6},{"damage":16,"enemies":"Snake Plant","floor":31,"turns":4}],"seed_played":"6939977515079471367","potions_obtained":[{"floor":1,"key":"Energy Potion"},{"floor":6,"key":"Explosive Potion"},{"floor":10,"key":"SpeedPotion"},{"floor":12,"key":"Regen Potion"},{"floor":16,"key":"Block Potion"},{"floor":19,"key":"SkillPotion"},{"floor":20,"key":"Fire Potion"}],"is_trial":false,"path_per_floor":["M","M","M","?","M","E","M","$","T","M","R","E","?","?","R","B",null,"M","M","?","$","M","R","?","T","T","$","R","M","?","M"],"character_chosen":"THE_SILENT","items_purchased":["Mummified Hand","Caltrops","Shovel","Whetstone"],"campfire_rested":3,"item_purchase_floors":[8,8,21,27],"current_hp_per_floor":[61,60,60,49,49,24,16,16,16,15,36,15,3,20,41,32,61,44,44,47,47,25,50,50,50,50,50,50,12,12,0],"gold":74,"neow_bonus":"TRANSFORM_CARD","is_prod":false,"is_daily":false,"chose_seed":false,"campfire_upgraded":0,"win_rate":0,"timestamp":1560817077,"path_taken":["M","M","M","?","M","E","M","$","T","M","R","E","?","?","R","BOSS","M","M","?","$","M","R","?","?","T","$","R","M","?","M"],"build_version":"2019-01-23","purchased_purges":0,"victory":false,"max_hp_per_floor":[70,70,70,70,70,70,70,70,70,70,70,70,70,70,70,70,70,70,70,84,84,84,84,84,84,84,84,84,84,84,84],"card_choices":[{"not_picked":["Outmaneuver","Prepared"],"picked":"Footwork","floor":1},{"not_picked":["Flying Knee","Acrobatics"],"picked":"Deadly Poison","floor":2},{"not_picked":["Poisoned Stab","Concentrate"],"picked":"Bouncing Flask","floor":3},{"not_picked":["Quick Slash","Blur"],"picked":"Well Laid Plans","floor":5},{"not_picked":["Well Laid Plans","Infinite Blades"],"picked":"Corpse Explosion","floor":6},{"not_picked":["Caltrops","Skewer"],"picked":"Cloak And Dagger","floor":7},{"not_picked":["Reflex","Underhanded Strike"],"picked":"Calculated Gamble","floor":10},{"not_picked":["Slice","Underhanded Strike"],"picked":"Dagger Throw","floor":12},{"not_picked":["Burst","Corpse Explosion"],"picked":"After Image","floor":16},{"not_picked":["Flying Knee","Poisoned Stab"],"picked":"Backflip","floor":18},{"not_picked":["Dagger Throw","Heel Hook"],"picked":"Slice+1","floor":19},{"not_picked":["Dodge and Roll","PiercingWail"],"picked":"Cloak And Dagger+1","floor":20},{"not_picked":["Deflect","Masterful Stab+1","Dodge and Roll"],"picked":"Caltrops","floor":22},{"not_picked":["Backflip","Eviscerate","Acrobatics+1","Quick Slash"],"picked":"SKIP","floor":29}],"player_experience":208553,"relics_obtained":[{"floor":6,"key":"Peace Pipe"},{"floor":9,"key":"Tiny Chest"},{"floor":12,"key":"PreservedInsect"},{"floor":20,"key":"Mango"},{"floor":20,"key":"Question Card"},{"floor":25,"key":"Art of War"},{"floor":26,"key":"Bag of Preparation"},{"floor":28,"key":"Bottled Flame"}],"event_choices":[{"damage_healed":0,"gold_gain":75,"player_choice":"Gather Gold","damage_taken":11,"max_hp_gain":0,"max_hp_loss":0,"event_name":"World of Goop","floor":4,"gold_loss":0},{"damage_healed":0,"gold_gain":0,"player_choice":"Fled","damage_taken":12,"max_hp_gain":0,"max_hp_loss":0,"event_name":"Scrap Ooze","floor":13,"gold_loss":0},{"damage_healed":17,"gold_gain":0,"player_choice":"Healed and dodged fight","damage_taken":0,"max_hp_gain":0,"max_hp_loss":0,"event_name":"Mushrooms","floor":14,"gold_loss":0,"cards_obtained":["Parasite"]},{"damage_healed":0,"gold_gain":0,"player_choice":"Fight","damage_taken":0,"max_hp_gain":0,"max_hp_loss":0,"event_name":"Colosseum","floor":20,"gold_loss":0},{"damage_healed":0,"gold_gain":0,"player_choice":"Fought Nobs","damage_taken":0,"max_hp_gain":0,"max_hp_loss":0,"event_name":"Colosseum","floor":20,"gold_loss":0},{"damage_healed":0,"gold_gain":99,"player_choice":"Stole From Cult","damage_taken":0,"max_hp_gain":0,"max_hp_loss":0,"event_name":"Nest","floor":24,"gold_loss":0},{"damage_healed":0,"gold_gain":0,"player_choice":"Copied","damage_taken":0,"max_hp_gain":0,"max_hp_loss":0,"event_name":"Duplicator","floor":30,"gold_loss":0,"cards_obtained":["After Image"]}],"is_beta":false,"boss_relics":[{"not_picked":["Ring of the Serpent","Astrolabe"],"picked":"Black Star"}],"items_purged_floors":[],"is_endless":false,"potions_floor_spawned":[1,6,10,12,16,19,20,20],"killed_by":"Snake Plant","ascension_level":8}