{"gold_per_floor":[13,13,33,50,64,64,93,18,41,57,57,68,82,82,82,183,183,196,212,231,246,37,62,62,62,62,62,62,62,81,95,95,190,190,207,218,228,246,146,146,162,262,312,312,330,349,349,2,2,2],"floor_reached":51,"playtime":3051,"items_purged":["Strike_G","Normality","Regret"],"score":744,"play_id":"698c6dfb-18d9-4892-956c-ebfeaf3666d9","local_time":"20190425173034","is_ascension_mode":true,"campfire_choices":[{"data":"Neutralize","floor":6,"key":"SMITH"},{"floor":15,"key":"REST"},{"floor":24,"key":"REST"},{"data":"Adrenaline","floor":27,"key":"SMITH"},{"floor":32,"key":"REST"},{"floor":40,"key":"REST"},{"floor":44,"key":"REST"},{"floor":49,"key":"REST"}],"neow_cost":"NO_GOLD","seed_source_timestamp":84204182543200,"circlet_count":0,"master_deck":["Defend_G+1","Defend_G+1","Defend_G+1","Defend_G+1","Defend_G+1","Strike_G+1","Strike_G+1","Survivor","Neutralize+1","Predator","Deadly Poison","Backflip","Bane","Quick Slash","Die Die Die","Bane","Crippling Poison","Adrenaline+1","Dash","Sucker Punch+1","Cloak And Dagger+1","Dodge and Roll+1","Steam","Panache+1","Warcry","After Image+1","Doubt","Havoc","Conserve Battery+1","Apotheosis","Crippling Poison","Seeing Red","Finisher"],"relics":["Ring of the Snake","StoneCalendar","Pen Nib","Omamori","WarpedTongs","Sozu","PrismaticShard","Centennial Puzzle","Frozen Egg 2","Calling Bell","Anchor","Sundial","Tough Bandages","Torii","Ancient Tea Set","Singing Bowl","Vajra"],"potions_floor_usage":[5,5,18,20],"damage_taken":[{"damage":0,"enemies":"2 Louse","floor":1,"turns":5},{"damage":0,"enemies":"Cultist","floor":3,"turns":3},{"damage":0,"enemies":"Small Slimes","floor":4,"turns":3},{"damage":12,"enemies":"Exordium Thugs","floor":5,"turns":5},{"damage":28,"enemies":"Lagavulin","floor":7,"turns":7},{"damage":3,"enemies":"Looter","floor":10,"turns":3},{"damage":2,"enemies":"Blue Slaver","floor":12,"turns":3},{"damage":6,"enemies":"Lots of Slimes","floor":13,"turns":3},{"damage":17,"enemies":"Hexaghost","floor":16,"turns":7},{"damage":5,"enemies":"2 Thieves","floor":18,"turns":4},{"damage":0,"enemies":"Spheric Guardian","floor":19,"turns":3},{"damage":22,"enemies":"Shelled Parasite and Fungi","floor":20,"turns":4},{"damage":0,"enemies":"Cultist and Chosen","floor":21,"turns":6},{"damage":19,"enemies":"Book of Stabbing","floor":23,"turns":5},{"damage":1,"enemies":"Snecko","floor":30,"turns":4},{"damage":8,"enemies":"Chosen and Byrds","floor":31,"turns":3},{"damage":28,"enemies":"Collector","floor":33,"turns":7},{"damage":8,"enemies":"3 Shapes","floor":35,"turns":4},{"damage":11,"enemies":"3 Darklings","floor":36,"turns":5},{"damage":17,"enemies":"Transient","floor":37,"turns":5},{"damage":1,"enemies":"Jaw Worm Horde","floor":38,"turns":3},{"damage":22,"enemies":"4 Shapes","floor":41,"turns":7},{"damage":2,"enemies":"Mind Bloom Boss Battle","floor":42,"turns":7},{"damage":2,"enemies":"Spire Growth","floor":45,"turns":6},{"damage":19,"enemies":"Jaw Worm Horde","floor":46,"turns":4},{"damage":28,"enemies":"Awakened One","floor":50,"turns":17}],"seed_played":"8363882074381018453","potions_obtained":[{"floor":1,"key":"PowerPotion"},{"floor":5,"key":"Fruit Juice"},{"floor":12,"key":"SkillPotion"},{"floor":13,"key":"GamblersBrew"}],"is_trial":false,"path_per_floor":["M","?","M","M","M","R","E","$","T","M","?","M","M","?","R","B",null,"M","M","M","M","$","E","R","?","T","R","?","?","M","M","R","B",null,"M","M","M","M","$","R","M","?","T","R","M","M","T","$","R","B",null],"character_chosen":"THE_SILENT","items_purchased":["PrismaticShard","Vajra","Finisher"],"campfire_rested":6,"item_purchase_floors":[22,48,48],"current_hp_per_floor":[70,70,70,70,63,63,35,35,35,32,25,23,17,17,39,22,75,70,70,48,48,48,29,51,51,51,51,51,51,50,42,64,36,75,67,56,39,38,38,60,38,36,36,58,56,37,37,37,59,31],"gold":2,"neow_bonus":"ONE_RARE_RELIC","is_prod":false,"is_daily":false,"chose_seed":false,"campfire_upgraded":2,"win_rate":0,"timestamp":1556238634,"path_taken":["M","?","M","M","M","R","E","$","T","?","?","M","M","?","R","BOSS","M","M","M","M","$","E","R","?","T","R","?","?","M","M","R","BOSS","M","?","M","M","?","R","?","?","T","R","M","M","?","$","R","BOSS"],"build_version":"2019-01-23","purchased_purges":3,"victory":true,"max_hp_per_floor":[70,70,70,70,75,75,75,75,75,75,75,75,75,75,75,75,75,75,75,75,75,75,75,75,75,75,75,75,75,75,75,75,75,75,75,75,75,75,75,75,75,75,75,75,75,75,75,75,75,75],"card_choices":[{"not_picked":["Deflect","Underhanded Strike"],"picked":"Predator","floor":1},{"not_picked":["Acrobatics","Blade Dance"],"picked":"Deadly Poison","floor":3},{"not_picked":["Deadly Poison","Setup"],"picked":"Backflip","floor":4},{"not_picked":["Infinite Blades","PiercingWail"],"picked":"Bane","floor":5},{"not_picked":["Deflect","Riddle With Holes"],"picked":"Quick Slash","floor":7},{"not_picked":["Acrobatics","Accuracy"],"picked":"Die Die Die","floor":10},{"not_picked":["Blade Dance","Choke"],"picked":"Bane","floor":12},{"not_picked":["Quick Slash","Dagger Throw"],"picked":"Crippling Poison","floor":13},{"not_picked":["Night Terror","Unload"],"picked":"Adrenaline","floor":16},{"not_picked":["Quick Slash","All Out Attack"],"picked":"Dash","floor":18},{"not_picked":["Blade Dance+1","PiercingWail"],"picked":"Sucker Punch+1","floor":19},{"not_picked":["Poisoned Stab","Tactician"],"picked":"Cloak And Dagger+1","floor":20},{"not_picked":["Quick Slash+1","Dagger Spray"],"picked":"Dodge and Roll","floor":21},{"not_picked":["Bane+1","Poisoned Stab"],"picked":"Steam","floor":23},{"not_picked":["Melter+1","Cold Snap"],"picked":"Panache+1","floor":30},{"not_picked":["Anger","Flex"],"picked":"Warcry","floor":31},{"not_picked":["Reboot","Limit Break"],"picked":"After Image+1","floor":33},{"not_picked":["Outmaneuver+1","Sucker Punch"],"picked":"Havoc","floor":35},{"not_picked":["Swift Strike+1","Unload","Sweeping Beam+1"],"picked":"SKIP","floor":36},{"not_picked":["Ghostly Armor+1","Stack"],"picked":"Conserve Battery+1","floor":37},{"not_picked":["Compile Driver","Anger+1"],"picked":"Apotheosis","floor":38},{"not_picked":["Dodge and Roll+1","Twin Strike"],"picked":"Crippling Poison","floor":41},{"not_picked":["Finisher+1","Underhanded Strike+1"],"picked":"Seeing Red","floor":45},{"not_picked":["Dropkick+1","Turbo","Stack+1"],"picked":"SKIP","floor":46}],"player_experience":237309,"relics_obtained":[{"floor":7,"key":"Pen Nib"},{"floor":9,"key":"Omamori"},{"floor":23,"key":"Centennial Puzzle"},{"floor":26,"key":"Frozen Egg 2"},{"floor":34,"key":"Anchor"},{"floor":34,"key":"Sundial"},{"floor":34,"key":"Tough Bandages"},{"floor":42,"key":"Torii"},{"floor":43,"key":"Ancient Tea Set"},{"floor":47,"key":"Singing Bowl"}],"event_choices":[{"cards_removed":["Strike_G"],"damage_healed":0,"gold_gain":0,"player_choice":"Offered Basic","damage_taken":0,"max_hp_gain":0,"max_hp_loss":0,"event_name":"Bonfire Elementals","floor":2,"gold_loss":0},{"cards_removed":["Strike_G"],"damage_healed":0,"gold_gain":0,"player_choice":"Card Removal","damage_taken":7,"max_hp_gain":0,"max_hp_loss":0,"event_name":"Golden Wing","floor":11,"gold_loss":0},{"damage_healed":0,"gold_gain":0,"player_choice":"Rummage","damage_taken":0,"relics_obtained":["WarpedTongs"],"max_hp_gain":0,"max_hp_loss":0,"event_name":"Accursed Blacksmith","floor":14,"gold_loss":0,"cards_obtained":["Pain"]},{"damage_healed":0,"gold_gain":0,"player_choice":"Smashed Altar","damage_taken":0,"max_hp_gain":0,"max_hp_loss":0,"event_name":"Forgotten Altar","floor":25,"gold_loss":0,"cards_obtained":["Decay"]},{"damage_healed":0,"gold_gain":0,"player_choice":"Simplicity","damage_taken":0,"max_hp_gain":0,"max_hp_loss":0,"event_name":"Back to Basics","floor":28,"gold_loss":0,"cards_upgraded":["Defend_G","Defend_G","Defend_G","Defend_G","Defend_G","Strike_G","Strike_G"]},{"damage_healed":0,"gold_gain":0,"player_choice":"Upgraded","damage_taken":0,"max_hp_gain":0,"max_hp_loss":0,"event_name":"Upgrade Shrine","floor":29,"gold_loss":0,"cards_upgraded":["Dodge and Roll"]},{"damage_healed":0,"gold_gain":0,"player_choice":"Fight","damage_taken":0,"max_hp_gain":0,"max_hp_loss":0,"event_name":"MindBloom","floor":42,"gold_loss":0}],"is_beta":false,"boss_relics":[{"not_picked":["Astrolabe","Runic Pyramid"],"picked":"Sozu"},{"not_picked":["HoveringKite","Eternal Feather"],"picked":"Calling Bell"}],"items_purged_floors":[8,39,48],"is_endless":false,"potions_floor_spawned":[1,5,12,13,20,23,31,33,36,38,41,42],"ascension_level":3}