{"gold_per_floor":[112,128,78,78,78,113,113,38,38,65,84,84,84,6,6,111,111,124,47,322,10,29,29,39,39],"floor_reached":25,"playtime":2417,"items_purged":["Regret"],"score":207,"play_id":"88854679-7cfa-40c7-9a6c-b8ef734302f7","local_time":"20190602205134","is_ascension_mode":false,"campfire_choices":[{"floor":7,"key":"REST"},{"floor":12,"key":"REST"},{"data":"Footwork","floor":15,"key":"SMITH"},{"floor":23,"key":"REST"}],"neow_cost":"NONE","seed_source_timestamp":3128596693639644,"circlet_count":0,"master_deck":["Survivor","Neutralize","Flying Knee","Flying Knee","Poisoned Stab","Footwork+1","Underhanded Strike","Crippling Poison","Tools of the Trade","After Image","Caltrops","Flying Knee","All Out Attack","Bullet Time","Outmaneuver","All Out Attack","Prepared","Night Terror","Dagger Spray+1","Deadly Poison"],"relics":["Ring of the Snake","Snake Skull","Boot","Art of War","War Paint","Omamori","Pandora\u0027s Box","Turnip"],"potions_floor_usage":[16,24],"damage_taken":[{"damage":0,"enemies":"Cultist","floor":1,"turns":5},{"damage":0,"enemies":"Small Slimes","floor":2,"turns":4},{"damage":46,"enemies":"Lagavulin","floor":6,"turns":10},{"damage":16,"enemies":"3 Sentries","floor":10,"turns":9},{"damage":0,"enemies":"2 Louse","floor":11,"turns":2},{"damage":33,"enemies":"The Guardian","floor":16,"turns":13},{"damage":31,"enemies":"3 Byrds","floor":18,"turns":4},{"damage":19,"enemies":"Spheric Guardian","floor":22,"turns":5},{"damage":13,"enemies":"Snecko","floor":24,"turns":4},{"damage":28,"enemies":"Shelled Parasite and Fungi","floor":25,"turns":2}],"seed_played":"-7985396830705998998","potions_obtained":[{"floor":10,"key":"Energy Potion"}],"is_trial":false,"path_per_floor":["M","M","?","?","?","E","R","$","T","E","M","R","?","$","R","B",null,"M","$","?","$","M","R","M","M"],"character_chosen":"THE_SILENT","items_purchased":["Crippling Poison","Deadly Poison","Block Potion","Turnip"],"campfire_rested":3,"item_purchase_floors":[14,19,19,21],"current_hp_per_floor":[70,70,70,70,70,24,45,45,45,29,29,50,50,50,50,17,70,39,39,39,39,20,41,28,0],"gold":39,"neow_bonus":"RANDOM_COMMON_RELIC","is_prod":false,"is_daily":false,"chose_seed":false,"campfire_upgraded":1,"win_rate":0.0,"timestamp":1559523094,"path_taken":["M","M","?","?","?","E","R","$","T","E","?","R","?","$","R","BOSS","M","$","?","?","M","R","M","?"],"build_version":"2019-01-23","purchased_purges":1,"victory":false,"max_hp_per_floor":[70,70,70,70,70,70,70,70,70,70,70,70,70,70,70,70,70,70,70,70,70,70,70,70,70],"card_choices":[{"not_picked":["Dagger Throw","Underhanded Strike"],"picked":"Flying Knee","floor":1},{"not_picked":["Outmaneuver","Acrobatics"],"picked":"Flying Knee","floor":2},{"not_picked":["Deflect","Quick Slash"],"picked":"Poisoned Stab","floor":6},{"not_picked":["Acrobatics","PiercingWail"],"picked":"Footwork","floor":10},{"not_picked":["Expertise","Prepared"],"picked":"Underhanded Strike","floor":11},{"not_picked":["Storm of Steel","Phantasmal Killer"],"picked":"Tools of the Trade","floor":16},{"not_picked":["Slice","Backflip"],"picked":"Dagger Spray+1","floor":18},{"not_picked":["Outmaneuver","Backstab","Backflip+1"],"picked":"SKIP","floor":22},{"not_picked":["Riddle With Holes","Prepared","Deflect"],"picked":"SKIP","floor":24}],"player_experience":1097766,"relics_obtained":[{"floor":6,"key":"Art of War"},{"floor":9,"key":"War Paint"},{"floor":10,"key":"Omamori"}],"event_choices":[{"cards_removed":["Strike_G"],"damage_healed":0,"gold_gain":0,"player_choice":"Card Removal","damage_taken":0,"max_hp_gain":0,"max_hp_loss":0,"event_name":"The Cleric","floor":3,"gold_loss":50},{"damage_healed":0,"gold_gain":0,"player_choice":"Box","damage_taken":0,"relics_obtained":["Boot"],"max_hp_gain":0,"max_hp_loss":0,"event_name":"Big Fish","floor":4,"gold_loss":0,"cards_obtained":["Regret"]},{"cards_removed":["Strike_G"],"damage_healed":0,"gold_gain":0,"player_choice":"Took Card","damage_taken":0,"max_hp_gain":0,"max_hp_loss":0,"event_name":"NoteForYourself","floor":5,"gold_loss":0,"cards_obtained":["Strike_R"]},{"damage_healed":0,"gold_gain":0,"player_choice":"Ignored","damage_taken":0,"max_hp_gain":0,"max_hp_loss":0,"event_name":"Golden Idol","floor":13,"gold_loss":0},{"damage_healed":0,"gold_gain":275,"player_choice":"Desecrate","damage_taken":0,"max_hp_gain":0,"max_hp_loss":0,"event_name":"Golden Shrine","floor":20,"gold_loss":0,"cards_obtained":["Regret"]}],"is_beta":false,"boss_relics":[{"not_picked":["Cursed Key","Lizard Tail"],"picked":"Pandora\u0027s Box"}],"items_purged_floors":[8],"is_endless":false,"potions_floor_spawned":[10],"killed_by":"Shelled Parasite and Fungi","ascension_level":0}