{"gold_per_floor":[211,211,228,63,63,63,127,107,158,158,176,206,206,216,216,293,293,310,310],"floor_reached":19,"playtime":471,"items_purged":[],"score":350,"play_id":"afa5d538-2c53-4cf4-91b0-d4f581cef2a4","local_time":"20190530172858","is_ascension_mode":true,"campfire_choices":[{"data":"Ball Lightning","floor":6.0,"key":"SMITH"},{"data":"Zap","floor":10.0,"key":"SMITH"},{"data":"White Noise","floor":15.0,"key":"SMITH"}],"neow_cost":"NONE","seed_source_timestamp":3114012462300,"circlet_count":0,"master_deck":["AscendersBane","Strike_B","Strike_B","Strike_B","Strike_B","Defend_B","Defend_B","Defend_B","Defend_B","Zap+1","Dualcast","Ball Lightning+1","Biased Cognition","Cold Snap","White Noise+1","Echo Form","Glacier"],"special_seed":0,"relics":["FrozenCore","Omamori","Anchor","Pear","Tiny Chest","Centennial Puzzle","Art of War","DataDisk"],"potions_floor_usage":[19],"damage_taken":[{"damage":2.0,"enemies":"Jaw Worm","floor":1.0,"turns":3.0},{"damage":0.0,"enemies":"2 Louse","floor":3.0,"turns":3.0},{"damage":30.0,"enemies":"3 Sentries","floor":7.0,"turns":6.0},{"damage":0.0,"enemies":"Small Slimes","floor":11.0,"turns":3.0},{"damage":2.0,"enemies":"Gremlin Nob","floor":12.0,"turns":3.0},{"damage":4.0,"enemies":"Red Slaver","floor":14.0,"turns":2.0},{"damage":15.0,"enemies":"Hexaghost","floor":16.0,"turns":9.0},{"damage":0.0,"enemies":"Chosen","floor":18.0,"turns":6.0},{"damage":1,"enemies":"Colosseum Slavers","floor":19,"turns":5},{"damage":67,"enemies":"Colosseum Nobs","floor":19,"turns":7}],"seed_played":"-6143044091905373948","potions_obtained":[{"floor":1.0,"key":"Energy Potion"},{"floor":7.0,"key":"Strength Potion"},{"floor":8.0,"key":"Energy Potion"}],"is_trial":false,"path_per_floor":["M","?","M","$","?","R","E","?","T","R","M","E","T","M","R","B",null,"M","?"],"character_chosen":"DEFECT","items_purchased":["Anchor"],"campfire_rested":0,"item_purchase_floors":[4],"current_hp_per_floor":[62,51,51,51,61,61,31,31,31,31,31,29,29,25,25,10,63,63,0],"gold":310,"neow_bonus":"HUNDRED_GOLD","is_prod":false,"is_daily":false,"chose_seed":false,"campfire_upgraded":3,"win_rate":0,"timestamp":1559230138,"path_taken":["M","?","M","$","?","R","E","?","T","R","?","E","?","M","R","BOSS","M","?"],"build_version":"2019-05-28","purchased_purges":0,"victory":false,"max_hp_per_floor":[71,71,71,71,81,81,81,81,81,81,81,81,81,81,81,81,81,81,81],"card_choices":[{"not_picked":["Force Field","Reprogram","Skim"],"picked":"SKIP","floor":1.0},{"not_picked":["Gash","Go for the Eyes"],"picked":"Ball Lightning","floor":3.0},{"not_picked":["Stack","Fusion"],"picked":"Biased Cognition","floor":7.0},{"not_picked":["Steam Power","Conserve Battery"],"picked":"Cold Snap","floor":11.0},{"not_picked":["Leap","Steam"],"picked":"White Noise","floor":12.0},{"not_picked":["Rebound","Force Field","Steam"],"picked":"SKIP","floor":14.0},{"not_picked":["Multi-Cast","Seek"],"picked":"Echo Form","floor":16.0},{"not_picked":["Leap","Gash"],"picked":"Glacier","floor":18.0}],"player_experience":1620956,"relics_obtained":[{"floor":7.0,"key":"Tiny Chest"},{"floor":9.0,"key":"Centennial Puzzle"},{"floor":12.0,"key":"Art of War"},{"floor":13.0,"key":"DataDisk"}],"event_choices":[{"damage_healed":0.0,"max_hp_gain":0.0,"max_hp_loss":0.0,"gold_gain":0.0,"event_name":"Scrap Ooze","player_choice":"Success","floor":2.0,"gold_loss":0.0,"damage_taken":11.0,"relics_obtained":["Omamori"]},{"damage_healed":0.0,"max_hp_gain":0.0,"max_hp_loss":0.0,"gold_gain":0.0,"event_name":"Big Fish","player_choice":"Box","floor":5.0,"gold_loss":0.0,"damage_taken":0.0,"relics_obtained":["Pear"],"cards_obtained":["Regret"]},{"damage_healed":0.0,"max_hp_gain":0.0,"max_hp_loss":0.0,"gold_gain":0.0,"event_name":"The Woman in Blue","player_choice":"Bought 1 Potion","floor":8.0,"gold_loss":0.0,"damage_taken":0.0},{"damage_healed":0,"gold_gain":0,"player_choice":"Fight","damage_taken":0,"max_hp_gain":0,"max_hp_loss":0,"event_name":"Colosseum","floor":19,"gold_loss":0},{"damage_healed":0,"gold_gain":0,"player_choice":"Fought Nobs","damage_taken":0,"max_hp_gain":0,"max_hp_loss":0,"event_name":"Colosseum","floor":19,"gold_loss":0}],"is_beta":true,"boss_relics":[{"not_picked":["Empty Cage","Velvet Choker"],"picked":"FrozenCore"}],"items_purged_floors":[],"is_endless":false,"potions_floor_spawned":[1,7],"killed_by":"Colosseum Nobs","ascension_level":20}