{"gold_per_floor":[118,118,118,293,313,2,2,16,16,31,31,49,69,83,83,181,181,201,211,222,43,55,55,55,55,55,65,76,76,76],"floor_reached":30,"playtime":12615,"items_purged":["Shame","Strike_R"],"score":226,"play_id":"68fa9771-68c3-47ab-bb61-a0bad06db2f5","local_time":"20190503195314","is_ascension_mode":false,"campfire_choices":[{"data":"Combust","floor":7,"key":"SMITH"},{"data":"Flame Barrier","floor":15,"key":"SMITH"},{"floor":23,"key":"REST"}],"neow_cost":"CURSE","seed_source_timestamp":455076521697791,"circlet_count":0,"master_deck":["Strike_R","Defend_R","Defend_R","Defend_R","Defend_R","Bash+1","Bandage Up","Enlightenment","Combust+1","Combust+1","Rupture+1","Metallicize+1","Cleave+1","Sword Boomerang","Flame Barrier+1","Juggernaut+1","Flex","Brutality+1","Dropkick","Entrench","Rupture+1","Carnage","Forethought","Blind","Anger","Rage"],"relics":["Burning Blood","Frozen Egg 2","Whetstone","Happy Flower","Empty Cage","Kunai"],"potions_floor_usage":[10,16,27,28,30,30,30,30,30],"damage_taken":[{"damage":0,"enemies":"Small Slimes","floor":1,"turns":3},{"damage":10,"enemies":"Jaw Worm","floor":5,"turns":4},{"damage":3,"enemies":"2 Louse","floor":8,"turns":3},{"damage":9,"enemies":"Gremlin Gang","floor":10,"turns":2},{"damage":10,"enemies":"Red Slaver","floor":12,"turns":3},{"damage":15,"enemies":"2 Fungi Beasts","floor":13,"turns":2},{"damage":8,"enemies":"Looter","floor":14,"turns":3},{"damage":43,"enemies":"Hexaghost","floor":16,"turns":7},{"damage":9,"enemies":"Chosen","floor":18,"turns":5},{"damage":22,"enemies":"Spheric Guardian","floor":19,"turns":4},{"damage":37,"enemies":"Shelled Parasite and Fungi","floor":20,"turns":6},{"damage":16,"enemies":"Centurion and Healer","floor":22,"turns":6},{"damage":16,"enemies":"Snake Plant","floor":27,"turns":4},{"damage":17,"enemies":"Cultist and Chosen","floor":28,"turns":5},{"damage":26,"enemies":"Book of Stabbing","floor":30,"turns":4}],"seed_played":"6622412635480207479","potions_obtained":[{"floor":1,"key":"SteroidPotion"},{"floor":10,"key":"GamblersBrew"},{"floor":13,"key":"EssenceOfSteel"},{"floor":16,"key":"EntropicBrew"},{"floor":19,"key":"Swift Potion"},{"floor":27,"key":"Energy Potion"}],"is_trial":false,"path_per_floor":["M","?","?","?","M","$","R","M","T","M","?","M","M","M","R","B",null,"M","M","M","$","M","R","?","?","T","M","M","$","E"],"character_chosen":"IRONCLAD","items_purchased":["Metallicize+1","Cleave","Whetstone","Rupture+1"],"campfire_rested":1,"item_purchase_floors":[6,6,6,21],"current_hp_per_floor":[80,73,73,73,73,73,73,80,80,77,77,76,67,69,69,36,80,80,68,41,41,35,59,59,35,35,29,22,22,0],"gold":76,"neow_bonus":"RANDOM_COLORLESS_2","is_prod":false,"is_daily":false,"chose_seed":false,"campfire_upgraded":2,"win_rate":0.0,"timestamp":1556927594,"path_taken":["M","?","?","?","?","$","R","M","T","M","?","M","M","M","R","BOSS","M","?","M","?","M","R","?","?","T","?","M","$","E"],"build_version":"2019-01-23","purchased_purges":2,"victory":false,"max_hp_per_floor":[80,80,80,80,80,80,80,80,80,80,80,80,80,80,80,80,80,80,80,80,80,80,80,80,80,80,80,80,80,80],"card_choices":[{"not_picked":["Body Slam","Clash"],"picked":"Combust","floor":1},{"not_picked":["Havoc","Headbutt"],"picked":"Rupture+1","floor":5},{"not_picked":["Wild Strike","Ghostly Armor"],"picked":"Sword Boomerang","floor":8},{"not_picked":["Infernal Blade","Shrug It Off","Thunderclap"],"picked":"SKIP","floor":10},{"not_picked":["Twin Strike","Flex"],"picked":"Flame Barrier","floor":12},{"not_picked":["Thunderclap","Second Wind"],"picked":"Juggernaut+1","floor":13},{"not_picked":["Warcry","Body Slam"],"picked":"Flex","floor":14},{"not_picked":["Offering","Impervious"],"picked":"Brutality+1","floor":16},{"not_picked":["Clothesline+1","Wild Strike"],"picked":"Dropkick","floor":18},{"not_picked":["Warcry","Iron Wave"],"picked":"Entrench","floor":19},{"not_picked":["Shockwave","True Grit","Thunderclap"],"picked":"SKIP","floor":20},{"not_picked":["Sword Boomerang+1","Shrug It Off"],"picked":"Carnage","floor":22},{"not_picked":["Inflame+1","Feel No Pain+1"],"picked":"Anger","floor":27},{"not_picked":["Offering","Clothesline"],"picked":"Rage","floor":28}],"player_experience":128862,"relics_obtained":[{"floor":9,"key":"Happy Flower"},{"floor":26,"key":"Kunai"}],"event_choices":[{"damage_healed":0,"gold_gain":0,"player_choice":"Success","damage_taken":7,"relics_obtained":["Frozen Egg 2"],"max_hp_gain":0,"max_hp_loss":0,"event_name":"Scrap Ooze","floor":2,"gold_loss":0},{"damage_healed":0,"gold_gain":0,"cards_transformed":["Strike_R"],"player_choice":"Change","damage_taken":0,"max_hp_gain":0,"max_hp_loss":0,"event_name":"Living Wall","floor":3,"gold_loss":0,"cards_obtained":["Combust"]},{"damage_healed":0,"gold_gain":175,"player_choice":"AGREE","damage_taken":0,"max_hp_gain":0,"max_hp_loss":0,"event_name":"Liars Game","floor":4,"gold_loss":0,"cards_obtained":["Doubt"]},{"cards_removed":["Doubt"],"damage_healed":0,"gold_gain":0,"player_choice":"Removed Curses","damage_taken":0,"max_hp_gain":0,"max_hp_loss":0,"event_name":"Fountain of Cleansing","floor":11,"gold_loss":0},{"damage_healed":0,"gold_gain":0,"player_choice":"Ignored","damage_taken":0,"max_hp_gain":0,"max_hp_loss":0,"event_name":"Ghosts","floor":24,"gold_loss":0},{"damage_healed":0,"gold_gain":0,"player_choice":"CARD CARD ","damage_taken":24,"max_hp_gain":0,"max_hp_loss":0,"event_name":"Knowing Skull","floor":25,"potions_obtained":[],"gold_loss":0,"cards_obtained":["Forethought","Blind"]}],"is_beta":false,"boss_relics":[{"not_picked":["Snecko Eye","Calling Bell"],"picked":"Empty Cage"}],"items_purged_floors":[6,21],"is_endless":false,"potions_floor_spawned":[1,10,13,16,19,27],"killed_by":"Book of Stabbing","ascension_level":0}