{"gold_per_floor":[113,127,138,153,172,172,206,206,254,283,298,311,322,3,3,106,106,120,138,149,162,173,199,199,228,228,228,241,166,166,198,198,301,301,317,362,362,380,53,53,82,92,92,103,0,14,14,14,14,14],"floor_reached":51,"playtime":6122,"items_purged":["Strike_G"],"score":876,"play_id":"5c4ad320-6b0b-45a7-9c11-fe80ee848ac7","local_time":"20190630131940","is_ascension_mode":true,"campfire_choices":[{"data":"Cloak And Dagger","floor":6,"key":"SMITH"},{"data":"Deflect","floor":8,"key":"SMITH"},{"floor":15,"key":"REST"},{"floor":24,"key":"REST"},{"data":"After Image","floor":27,"key":"SMITH"},{"floor":30,"key":"REST"},{"floor":32,"key":"REST"},{"floor":40,"key":"REST"},{"floor":49,"key":"REST"}],"neow_cost":"NONE","seed_source_timestamp":144650119440180,"circlet_count":0,"master_deck":["Defend_G","Defend_G","Defend_G","Defend_G","Defend_G","Strike_G","Strike_G","Strike_G","Survivor","Neutralize","Dagger Spray","Cloak And Dagger+1","Dodge and Roll","Deflect","Deflect+1","Deadly Poison","Dodge and Roll","Cloak And Dagger","Backflip","Poisoned Stab","Blade Dance","Accuracy","After Image+1","Acrobatics","Blade Dance+1","Well Laid Plans","Cloak And Dagger","Prepared","Corpse Explosion","Noxious Fumes+1","Noxious Fumes+1","Reflex+1","Tools of the Trade","Leg Sweep","Dodge and Roll+1","Footwork+1","Dagger Spray+1","Backstab+1","Dodge and Roll","Madness","Madness","Blur+1","Backstab+1","Catalyst","Cloak And Dagger","Acrobatics+1","Panacea"],"relics":["Ring of the Snake","Omamori","PreservedInsect","Shuriken","Kunai","Cursed Key","Juzu Bracelet","Nunchaku","Ginger","Paper Crane","Orrery","Bird Faced Urn","Ninja Scroll","Mummified Hand","Ornamental Fan","Red Mask"],"potions_floor_usage":[16,23,31,36],"damage_taken":[{"damage":0,"enemies":"Cultist","floor":1,"turns":5},{"damage":2,"enemies":"Jaw Worm","floor":2,"turns":5},{"damage":5,"enemies":"Small Slimes","floor":3,"turns":4},{"damage":2,"enemies":"2 Fungi Beasts","floor":4,"turns":3},{"damage":0,"enemies":"Blue Slaver","floor":5,"turns":5},{"damage":19,"enemies":"3 Sentries","floor":7,"turns":10},{"damage":5,"enemies":"Lagavulin","floor":10,"turns":7},{"damage":5,"enemies":"3 Louse","floor":11,"turns":3},{"damage":0,"enemies":"Exordium Wildlife","floor":12,"turns":2},{"damage":2,"enemies":"Looter","floor":13,"turns":4},{"damage":4,"enemies":"Slime Boss","floor":16,"turns":8},{"damage":24,"enemies":"Spheric Guardian","floor":18,"turns":6},{"damage":0,"enemies":"Chosen","floor":19,"turns":4},{"damage":0,"enemies":"Sentry and Sphere","floor":20,"turns":6},{"damage":10,"enemies":"Snake Plant","floor":21,"turns":5},{"damage":0,"enemies":"Centurion and Healer","floor":22,"turns":6},{"damage":14,"enemies":"Slavers","floor":23,"turns":5},{"damage":3,"enemies":"Book of Stabbing","floor":25,"turns":5},{"damage":29,"enemies":"Snecko","floor":28,"turns":6},{"damage":17,"enemies":"Slavers","floor":31,"turns":4},{"damage":11,"enemies":"Collector","floor":33,"turns":8},{"damage":0,"enemies":"Orb Walker","floor":35,"turns":5},{"damage":15,"enemies":"2 Orb Walkers","floor":36,"turns":8},{"damage":20,"enemies":"3 Shapes","floor":38,"turns":2},{"damage":29,"enemies":"Giant Head","floor":41,"turns":7},{"damage":24,"enemies":"3 Darklings","floor":42,"turns":4},{"damage":0,"enemies":"Spire Growth","floor":44,"turns":6},{"damage":0,"enemies":"Jaw Worm Horde","floor":46,"turns":5},{"damage":2,"enemies":"Donu and Deca","floor":50,"turns":7}],"seed_played":"-8054754327086529112","potions_obtained":[{"floor":2,"key":"SpeedPotion"},{"floor":3,"key":"PowerPotion"},{"floor":10,"key":"LiquidBronze"},{"floor":13,"key":"Swift Potion"},{"floor":16,"key":"GamblersBrew"},{"floor":23,"key":"Strength Potion"},{"floor":31,"key":"Energy Potion"},{"floor":35,"key":"Energy Potion"},{"floor":42,"key":"Poison Potion"}],"is_trial":false,"path_per_floor":["M","M","M","M","M","R","E","R","T","E","M","M","M","$","R","B",null,"M","M","M","M","M","E","R","E","T","R","M","?","R","E","R","B",null,"M","?","?","M","$","R","E","M","T","M","?","M","?","?","R","B",null],"character_chosen":"THE_SILENT","items_purchased":["Accuracy","Kunai","Ninja Scroll"],"campfire_rested":6,"item_purchase_floors":[14,14,39],"current_hp_per_floor":[70,68,63,61,61,61,42,42,42,37,32,32,30,30,51,47,70,46,46,46,36,36,22,43,40,40,40,11,11,32,15,36,25,70,70,55,46,30,30,51,34,16,16,30,30,36,36,36,57,69],"gold":14,"neow_bonus":"THREE_CARDS","is_prod":false,"is_daily":false,"chose_seed":false,"campfire_upgraded":3,"win_rate":0,"timestamp":1561871980,"path_taken":["M","M","M","M","?","R","E","R","T","E","M","M","M","$","R","BOSS","M","M","M","M","M","E","R","E","T","R","M","?","R","E","R","BOSS","M","?","?","M","$","R","E","M","T","M","?","M","?","?","R","BOSS"],"build_version":"2019-01-23","purchased_purges":1,"victory":true,"max_hp_per_floor":[70,70,70,70,70,70,70,70,70,70,70,70,70,70,70,70,70,70,70,70,70,70,70,70,70,70,70,70,70,70,70,70,70,70,70,70,70,70,70,70,70,70,70,70,70,70,70,70,70,70],"card_choices":[{"not_picked":["Outmaneuver","Deadly Poison"],"picked":"Dagger Spray","floor":0},{"not_picked":["Deadly Poison","All Out Attack"],"picked":"Cloak And Dagger","floor":1},{"not_picked":["Deadly Poison","PiercingWail"],"picked":"Dodge and Roll","floor":2},{"not_picked":["Caltrops","Dagger Throw"],"picked":"Deflect","floor":3},{"not_picked":["Sucker Punch","Poisoned Stab"],"picked":"Deflect","floor":4},{"not_picked":["Underhanded Strike","Flying Knee"],"picked":"Deadly Poison","floor":5},{"not_picked":["Quick Slash","Crippling Poison"],"picked":"Dodge and Roll","floor":7},{"not_picked":["Endless Agony","Distraction"],"picked":"Cloak And Dagger","floor":10},{"not_picked":["Envenom","Blade Dance"],"picked":"Backflip","floor":11},{"not_picked":["Expertise","Reflex"],"picked":"Poisoned Stab","floor":12},{"not_picked":["Masterful Stab","Backflip"],"picked":"Blade Dance","floor":13},{"not_picked":["Storm of Steel","Die Die Die"],"picked":"After Image","floor":16},{"not_picked":["Bouncing Flask","Prepared+1"],"picked":"Acrobatics","floor":18},{"not_picked":["Distraction+1","Underhanded Strike"],"picked":"Blade Dance+1","floor":19},{"not_picked":["Reflex","Finisher+1"],"picked":"Well Laid Plans","floor":20},{"not_picked":["Quick Slash+1","Dagger Throw"],"picked":"Cloak And Dagger","floor":21},{"not_picked":["Underhanded Strike","Bane"],"picked":"Prepared","floor":22},{"not_picked":["Quick Slash+1","Prepared"],"picked":"Corpse Explosion","floor":23},{"not_picked":["Deadly Poison","Caltrops+1"],"picked":"Noxious Fumes+1","floor":25},{"not_picked":["Underhanded Strike","Sucker Punch"],"picked":"Noxious Fumes+1","floor":28},{"not_picked":["Dagger Spray","Expertise+1"],"picked":"Reflex+1","floor":31},{"not_picked":["Storm of Steel","Unload"],"picked":"Tools of the Trade","floor":33},{"not_picked":["Skewer","Prepared"],"picked":"Leg Sweep","floor":34},{"not_picked":["Heel Hook","Dagger Throw"],"picked":"Dodge and Roll+1","floor":34},{"not_picked":["Blade Dance+1","Flechettes+1"],"picked":"Footwork+1","floor":34},{"not_picked":["Dagger Throw","Expertise+1"],"picked":"Prepared","floor":34},{"not_picked":["Slice","Masterful Stab"],"picked":"Dagger Spray+1","floor":34},{"not_picked":["Deadly Poison+1","After Image"],"picked":"Backstab+1","floor":35},{"not_picked":["Underhanded Strike+1","Outmaneuver+1"],"picked":"Dodge and Roll","floor":36},{"not_picked":["Caltrops","Dodge and Roll+1"],"picked":"Blur+1","floor":38},{"not_picked":["Dagger Spray","Sucker Punch"],"picked":"Backstab+1","floor":41},{"not_picked":["Eviscerate+1","Caltrops"],"picked":"Catalyst","floor":42},{"not_picked":["Dash","Poisoned Stab+1"],"picked":"Cloak And Dagger","floor":44},{"not_picked":["Tools of the Trade","Sucker Punch"],"picked":"Acrobatics+1","floor":46},{"not_picked":["Metamorphosis","Sadistic Nature"],"picked":"Panacea","floor":47}],"player_experience":55576,"relics_obtained":[{"floor":7,"key":"Omamori"},{"floor":9,"key":"PreservedInsect"},{"floor":10,"key":"Shuriken"},{"floor":23,"key":"Juzu Bracelet"},{"floor":25,"key":"Nunchaku"},{"floor":26,"key":"Ginger"},{"floor":31,"key":"Paper Crane"},{"floor":36,"key":"Bird Faced Urn"},{"floor":41,"key":"Mummified Hand"},{"floor":43,"key":"Ornamental Fan"}],"event_choices":[{"cards_removed":["Strike_G"],"damage_healed":0,"gold_gain":0,"player_choice":"Gave Gold","damage_taken":0,"max_hp_gain":0,"max_hp_loss":0,"event_name":"Beggar","floor":29,"gold_loss":75},{"damage_healed":0,"gold_gain":0,"player_choice":"Fight","damage_taken":0,"max_hp_gain":0,"max_hp_loss":0,"event_name":"Mysterious Sphere","floor":36,"gold_loss":0},{"damage_healed":0,"gold_gain":0,"player_choice":"Embrace Madness","damage_taken":9,"max_hp_gain":0,"max_hp_loss":0,"event_name":"Winding Halls","floor":37,"gold_loss":0,"cards_obtained":["Madness","Madness"]},{"damage_healed":0,"gold_gain":0,"player_choice":"Paid","damage_taken":0,"relics_obtained":["Red Mask"],"max_hp_gain":0,"max_hp_loss":0,"event_name":"Tomb of Lord Red Mask","floor":45,"gold_loss":103},{"damage_healed":0,"gold_gain":0,"player_choice":"Memory 1","damage_taken":0,"max_hp_gain":0,"max_hp_loss":0,"event_name":"SensoryStone","floor":47,"gold_loss":0},{"cards_removed":["Prepared"],"damage_healed":0,"gold_gain":0,"player_choice":"Removed Skill","damage_taken":0,"max_hp_gain":0,"max_hp_loss":0,"event_name":"Falling","floor":48,"gold_loss":0}],"is_beta":false,"boss_relics":[{"not_picked":["Lizard Tail","Eternal Feather"],"picked":"Cursed Key"},{"not_picked":["Coffee Dripper","Runic Pyramid"],"picked":"Orrery"}],"items_purged_floors":[39],"is_endless":false,"potions_floor_spawned":[2,3,10,13,16,19,23,25,31,35,42,44],"ascension_level":2}