{"gold_per_floor":[114,125,125,144,161,161,161,179,205,224,224],"floor_reached":11,"playtime":355,"items_purged":[],"score":127,"play_id":"7fd5b61c-d6eb-45a5-aff0-bee94f9cdc51","local_time":"20190607000004","is_ascension_mode":true,"campfire_choices":[{"data":"Darkness","floor":6,"key":"SMITH"}],"neow_cost":"NONE","seed_source_timestamp":175348092389084,"circlet_count":0,"master_deck":["AscendersBane","Strike_B","Strike_B","Strike_B","Defend_B","Defend_B","Defend_B","Defend_B","Zap","Dualcast","Sweeping Beam","Beam Cell","Darkness+1","Steam","Redo","Glacier"],"relics":["Eternal Feather","Lantern"],"potions_floor_usage":[8],"damage_taken":[{"damage":8,"enemies":"Small Slimes","floor":1,"turns":3},{"damage":2,"enemies":"Cultist","floor":2,"turns":4},{"damage":4,"enemies":"Jaw Worm","floor":4,"turns":4},{"damage":14,"enemies":"Blue Slaver","floor":5,"turns":5},{"damage":35,"enemies":"Gremlin Gang","floor":8,"turns":5},{"damage":1,"enemies":"Looter","floor":10,"turns":3},{"damage":6,"enemies":"Exordium Wildlife","floor":11,"turns":2}],"seed_played":"-4879716482048085530","potions_obtained":[{"floor":5,"key":"Poison Potion"},{"floor":10,"key":"SpeedPotion"}],"is_trial":false,"path_per_floor":["M","M","?","M","M","R","T","M","T","M","M"],"character_chosen":"DEFECT","items_purchased":[],"campfire_rested":0,"item_purchase_floors":[],"current_hp_per_floor":[56,54,54,50,36,42,42,7,7,6,0],"gold":224,"neow_bonus":"BOSS_RELIC","is_prod":false,"is_daily":false,"chose_seed":false,"campfire_upgraded":1,"win_rate":0,"timestamp":1559858404,"path_taken":["M","M","?","M","?","R","?","M","T","M","M"],"build_version":"2019-01-23","purchased_purges":0,"victory":false,"max_hp_per_floor":[71,71,71,71,71,71,71,71,71,71,71],"card_choices":[{"not_picked":["Cold Snap","Lockon"],"picked":"Sweeping Beam","floor":1},{"not_picked":["Compile Driver","Scrape"],"picked":"Beam Cell","floor":2},{"not_picked":["Cold Snap","Stack"],"picked":"Darkness","floor":4},{"not_picked":["Rebound","Compile Driver"],"picked":"Steam","floor":5},{"not_picked":["Sunder","Steam Power"],"picked":"Redo","floor":8},{"not_picked":["Melter","Streamline"],"picked":"Glacier","floor":10}],"player_experience":532188,"relics_obtained":[{"floor":9,"key":"Lantern"}],"event_choices":[{"cards_removed":["Strike_B"],"damage_healed":0,"gold_gain":0,"player_choice":"Purged","damage_taken":0,"max_hp_gain":0,"max_hp_loss":0,"event_name":"Purifier","floor":3,"gold_loss":0}],"is_beta":false,"boss_relics":[],"items_purged_floors":[],"is_endless":false,"potions_floor_spawned":[5,10],"killed_by":"Exordium Wildlife","ascension_level":18}