{"gold_per_floor":[116,116,116,129,149,149,149,149,175,205,77,95,124,124],"floor_reached":14,"playtime":537,"items_purged":[],"score":186,"play_id":"5db1a210-8702-44fe-8e79-340ba4a58eb2","local_time":"20190602173447","is_ascension_mode":true,"campfire_choices":[{"data":"Underhanded Strike","floor":6,"key":"SMITH"},{"data":"Neutralize","floor":8,"key":"SMITH"}],"neow_cost":"NONE","seed_source_timestamp":1381337031242302,"circlet_count":0,"master_deck":["AscendersBane","Defend_G","Defend_G","Defend_G","Defend_G","Defend_G","Strike_G","Strike_G","Strike_G","Strike_G","Survivor","Neutralize+1","Dagger Throw","Dagger Spray","Underhanded Strike+1","Reflex","Reflex","Dagger Spray","PiercingWail","PiercingWail"],"relics":["Ring of the Snake","Juzu Bracelet","Regal Pillow","Bronze Scales","Torii"],"potions_floor_usage":[10,10,14],"damage_taken":[{"damage":4,"enemies":"Jaw Worm","floor":1,"turns":5},{"damage":1,"enemies":"Cultist","floor":4,"turns":5},{"damage":2,"enemies":"Small Slimes","floor":5,"turns":3},{"damage":31,"enemies":"Lagavulin","floor":10,"turns":7},{"damage":6,"enemies":"2 Fungi Beasts","floor":12,"turns":3},{"damage":20,"enemies":"3 Sentries","floor":13,"turns":8},{"damage":14,"enemies":"Large Slime","floor":14,"turns":5}],"seed_played":"-5803328305407070474","potions_obtained":[{"floor":1,"key":"SkillPotion"},{"floor":5,"key":"Energy Potion"},{"floor":13,"key":"Strength Potion"}],"is_trial":false,"path_per_floor":["M","?","?","M","M","R","?","R","T","E","$","M","E","M"],"character_chosen":"THE_SILENT","items_purchased":["Reflex","Dagger Spray"],"campfire_rested":0,"item_purchase_floors":[11,11],"current_hp_per_floor":[55,66,71,70,68,68,61,61,61,30,30,24,4,0],"gold":124,"neow_bonus":"RANDOM_COMMON_RELIC","is_prod":false,"is_daily":false,"chose_seed":false,"campfire_upgraded":2,"win_rate":0,"timestamp":1559489687,"path_taken":["M","?","?","M","M","R","?","R","T","E","$","M","E","M"],"build_version":"2019-01-23","purchased_purges":0,"victory":false,"max_hp_per_floor":[66,66,71,71,71,71,71,71,71,71,71,71,71,71],"card_choices":[{"not_picked":["Dodge and Roll","Eviscerate"],"picked":"Dagger Throw","floor":1},{"not_picked":["Dodge and Roll","Blur"],"picked":"Dagger Spray","floor":4},{"not_picked":["Catalyst","Bane"],"picked":"Underhanded Strike","floor":5},{"not_picked":["Grand Finale","Deadly Poison"],"picked":"Reflex","floor":10},{"not_picked":["Bane","Expertise"],"picked":"PiercingWail","floor":12},{"not_picked":["Outmaneuver","Masterful Stab"],"picked":"PiercingWail","floor":13}],"player_experience":502034,"relics_obtained":[{"floor":9,"key":"Regal Pillow"},{"floor":10,"key":"Bronze Scales"},{"floor":13,"key":"Torii"}],"event_choices":[{"damage_healed":11,"gold_gain":0,"player_choice":"Full Heal","damage_taken":0,"max_hp_gain":0,"max_hp_loss":0,"event_name":"Wheel of Change","floor":2,"gold_loss":0},{"damage_healed":0,"gold_gain":0,"player_choice":"Donut","damage_taken":0,"max_hp_gain":5,"max_hp_loss":0,"event_name":"Big Fish","floor":3,"gold_loss":0},{"cards_removed":["Strike_G"],"damage_healed":0,"gold_gain":0,"player_choice":"Card Removal","damage_taken":7,"max_hp_gain":0,"max_hp_loss":0,"event_name":"Golden Wing","floor":7,"gold_loss":0}],"is_beta":false,"boss_relics":[],"items_purged_floors":[],"is_endless":false,"potions_floor_spawned":[1,5,13],"killed_by":"Large Slime","ascension_level":18}