{"gold_per_floor":[115,72,72,72,72,72,106,106,106,106,10,10,28,28,28,107,107,124,44,44,44,44,44,74,74,148,162,175,71,71,0,0,74,74,84,184,84,0,11,11,27,27,51,51,51,104,132,26,26,26],"floor_reached":51,"playtime":5865,"items_purged":["Strike_G","Strike_G"],"score":1319,"play_id":"2e3e6333-61d0-45d9-9657-fa0cb60d990d","local_time":"20190630154121","is_ascension_mode":true,"campfire_choices":[{"data":"Neutralize","floor":6.0,"key":"SMITH"},{"floor":8.0,"key":"REST"},{"data":"Well Laid Plans","floor":10.0,"key":"SMITH"},{"data":"Footwork","floor":15.0,"key":"SMITH"},{"data":"Noxious Fumes","floor":23.0,"key":"SMITH"},{"floor":25.0,"key":"REST"},{"data":"Noxious Fumes","floor":32.0,"key":"SMITH"},{"data":"Backflip","floor":40.0,"key":"SMITH"},{"data":"Backflip","floor":42.0,"key":"SMITH"},{"data":"PiercingWail","floor":44.0,"key":"SMITH"},{"floor":49.0,"key":"REST"}],"neow_cost":"NONE","seed_source_timestamp":0,"circlet_count":0,"master_deck":["AscendersBane","Defend_G+1","Defend_G","Defend_G","Defend_G","Defend_G","Strike_G+1","Survivor","Neutralize+1","Dash","Well Laid Plans+1","Footwork+1","Backflip+1","After Image","Burst+1","Bane+1","Grand Finale+1","Noxious Fumes+1","Footwork+1","Noxious Fumes+1","PiercingWail+1","Tools of the Trade","Backflip+1","Dodge and Roll+1","Bouncing Flask+1","Tactician+1","Deadly Poison"],"special_seed":0,"relics":["Ring of the Snake","Potion Belt","Juzu Bracelet","Pear","Orichalcum","Astrolabe","Unceasing Top","Mummified Hand","White Beast Statue","Incense Burner","Red Mask","Pen Nib","Peace Pipe","Centennial Puzzle"],"potions_floor_usage":[50,50,50,50,50,50],"damage_taken":[{"damage":0.0,"enemies":"2 Louse","floor":1.0,"turns":5.0},{"damage":28.0,"enemies":"Lagavulin","floor":7.0,"turns":11.0},{"damage":0.0,"enemies":"Small Slimes","floor":13.0,"turns":5.0},{"damage":9.0,"enemies":"Hexaghost","floor":16.0,"turns":16.0},{"damage":18.0,"enemies":"3 Byrds","floor":18.0,"turns":3.0},{"damage":4.0,"enemies":"2 Thieves","floor":19.0,"turns":4.0},{"damage":23.0,"enemies":"Colosseum Slavers","floor":20.0,"turns":7.0},{"damage":13.0,"enemies":"Book of Stabbing","floor":24.0,"turns":8.0},{"damage":0.0,"enemies":"Centurion and Healer","floor":27.0,"turns":9.0},{"damage":0.0,"enemies":"Chosen and Byrds","floor":28.0,"turns":6.0},{"damage":9.0,"enemies":"Automaton","floor":33.0,"turns":12.0},{"damage":4.0,"enemies":"3 Darklings","floor":35.0,"turns":7.0},{"damage":0.0,"enemies":"Mind Bloom Boss Battle","floor":36.0,"turns":6.0},{"damage":0.0,"enemies":"3 Shapes","floor":39.0,"turns":6.0},{"damage":0.0,"enemies":"3 Darklings","floor":41.0,"turns":5.0},{"damage":12.0,"enemies":"2 Orb Walkers","floor":46.0,"turns":6.0},{"damage":14.0,"enemies":"Reptomancer","floor":47.0,"turns":8.0},{"damage":0,"enemies":"Donu and Deca","floor":50,"turns":9}],"seed_played":"-297513698304200596","potions_obtained":[{"floor":1.0,"key":"Block Potion"},{"floor":16.0,"key":"Poison Potion"},{"floor":18.0,"key":"Poison Potion"},{"floor":27.0,"key":"Ancient Potion"},{"floor":33.0,"key":"GamblersBrew"},{"floor":35.0,"key":"Fire Potion"},{"floor":36.0,"key":"Explosive Potion"},{"floor":39.0,"key":"Ancient Potion"},{"floor":41.0,"key":"Dexterity Potion"},{"floor":46.0,"key":"Block Potion"},{"floor":47.0,"key":"EssenceOfSteel"}],"is_trial":false,"path_per_floor":["M","$","?","?","?","R","E","R","T","R","$","?","M","?","R","B",null,"M","M","?","?","?","R","E","R","T","M","M","$","?","?","R","B",null,"M","?","$","?","M","R","M","R","T","R","$","?","E","$","R","B",null],"character_chosen":"THE_SILENT","items_purchased":["Well Laid Plans","Footwork","Backflip","PiercingWail","EntropicBrew"],"campfire_rested":3,"item_purchase_floors":[2,11,11,29,48],"current_hp_per_floor":[59,59,39,39,39,39,11,30,40,40,40,40,40,29,29,20,62,44,40,17,17,17,17,4,26,26,26,26,26,26,26,26,17,61,57,57,57,57,57,57,57,57,57,57,57,45,31,31,53,53],"gold":26,"neow_bonus":"RANDOM_COMMON_RELIC","is_prod":false,"is_daily":false,"chose_seed":false,"campfire_upgraded":8,"win_rate":0,"timestamp":1561923681,"path_taken":["M","$","?","?","?","R","E","R","T","R","?","?","M","?","R","BOSS","M","M","?","?","?","R","E","R","T","M","M","$","?","?","R","BOSS","M","?","$","?","M","R","M","R","T","R","$","?","E","?","R","BOSS"],"build_version":"2019-01-23","purchased_purges":2,"victory":true,"max_hp_per_floor":[66,66,66,66,66,66,66,66,76,76,76,76,76,76,76,76,76,76,76,76,76,76,76,76,76,76,76,76,76,76,76,76,76,76,76,76,76,76,76,76,76,76,76,76,76,76,76,76,76,76],"card_choices":[{"not_picked":["Deflect","Blur"],"picked":"Dash","floor":1.0},{"not_picked":["Bane","Endless Agony","Riddle With Holes"],"picked":"SKIP","floor":7.0},{"not_picked":["Prepared","Slice"],"picked":"Infinite Blades","floor":13.0},{"not_picked":["Die Die Die","Venomology"],"picked":"After Image","floor":16.0},{"not_picked":["Acrobatics","Dash"],"picked":"Noxious Fumes","floor":18.0},{"not_picked":["Choke","Tactician","Underhanded Strike"],"picked":"SKIP","floor":19.0},{"not_picked":["Dodge and Roll","Acrobatics"],"picked":"Footwork+1","floor":24.0},{"not_picked":["Deadly Poison","Bane"],"picked":"Noxious Fumes","floor":27.0},{"not_picked":["Distraction","Blade Dance","Flying Knee"],"picked":"SKIP","floor":28.0},{"not_picked":["A Thousand Cuts","Grand Finale"],"picked":"Tools of the Trade","floor":33.0},{"not_picked":["Cloak And Dagger","Masterful Stab","Skewer"],"picked":"SKIP","floor":35.0},{"not_picked":["Finisher","Poisoned Stab"],"picked":"Backflip","floor":36.0},{"not_picked":["Slice","Cloak And Dagger+1"],"picked":"Dodge and Roll+1","floor":39.0},{"not_picked":["Poisoned Stab","Endless Agony+1"],"picked":"Bouncing Flask+1","floor":41.0},{"not_picked":["Slice","Flechettes"],"picked":"Tactician+1","floor":46.0},{"not_picked":["Prepared","Corpse Explosion"],"picked":"Deadly Poison","floor":47.0}],"player_experience":179071,"relics_obtained":[{"floor":7.0,"key":"Juzu Bracelet"},{"floor":9.0,"key":"Pear"},{"floor":24.0,"key":"Unceasing Top"},{"floor":26.0,"key":"Mummified Hand"},{"floor":36.0,"key":"Incense Burner"},{"floor":43.0,"key":"Pen Nib"},{"floor":46.0,"key":"Peace Pipe"},{"floor":47.0,"key":"Centennial Puzzle"}],"event_choices":[{"damage_healed":0.0,"max_hp_gain":0.0,"max_hp_loss":0.0,"gold_gain":0.0,"event_name":"Shining Light","player_choice":"Entered Light","floor":3.0,"gold_loss":0.0,"damage_taken":20.0,"cards_upgraded":["Strike_G","Defend_G"]},{"damage_healed":0.0,"max_hp_gain":0.0,"max_hp_loss":0.0,"gold_gain":0.0,"event_name":"Liars Game","player_choice":"Ignored","floor":4.0,"gold_loss":0.0,"damage_taken":0.0},{"damage_healed":0.0,"max_hp_gain":0.0,"max_hp_loss":0.0,"gold_gain":0.0,"cards_transformed":["Strike_G"],"event_name":"Living Wall","player_choice":"Change","floor":5.0,"gold_loss":0.0,"damage_taken":0.0,"cards_obtained":["Tools of the Trade"]},{"damage_healed":0.0,"max_hp_gain":0.0,"max_hp_loss":0.0,"gold_gain":0.0,"event_name":"The Cleric","player_choice":"Leave","floor":12.0,"gold_loss":0.0,"damage_taken":0.0},{"damage_healed":0.0,"max_hp_gain":0.0,"max_hp_loss":0.0,"gold_gain":0.0,"event_name":"Scrap Ooze","player_choice":"Success","floor":14.0,"gold_loss":0.0,"damage_taken":11.0,"relics_obtained":["Orichalcum"]},{"damage_healed":0.0,"max_hp_gain":0.0,"max_hp_loss":0.0,"gold_gain":0.0,"event_name":"Colosseum","player_choice":"Fight","floor":20.0,"gold_loss":0.0,"damage_taken":0.0},{"damage_healed":0.0,"max_hp_gain":0.0,"max_hp_loss":0.0,"gold_gain":0.0,"event_name":"Colosseum","player_choice":"Fled From Nobs","floor":20.0,"gold_loss":0.0,"damage_taken":0.0},{"damage_healed":0.0,"max_hp_gain":0.0,"max_hp_loss":0.0,"gold_gain":0.0,"event_name":"N\u0027loth","player_choice":"Ignored","floor":21.0,"gold_loss":0.0,"damage_taken":0.0},{"damage_healed":0.0,"max_hp_gain":0.0,"max_hp_loss":0.0,"gold_gain":0.0,"event_name":"The Mausoleum","player_choice":"Ignored","floor":22.0,"gold_loss":0.0,"damage_taken":0.0},{"damage_healed":0.0,"max_hp_gain":0.0,"max_hp_loss":0.0,"gold_gain":0.0,"event_name":"Cursed Tome","player_choice":"Ignored","floor":30.0,"gold_loss":0.0,"damage_taken":0.0},{"damage_healed":0.0,"max_hp_gain":0.0,"max_hp_loss":0.0,"gold_gain":0.0,"event_name":"Masked Bandits","player_choice":"Paid Fearfully","floor":31.0,"gold_loss":71.0,"damage_taken":0.0},{"damage_healed":0.0,"max_hp_gain":0.0,"max_hp_loss":0.0,"gold_gain":0.0,"event_name":"MindBloom","player_choice":"Fight","floor":36.0,"gold_loss":0.0,"damage_taken":0.0},{"damage_healed":0.0,"max_hp_gain":0.0,"max_hp_loss":0.0,"gold_gain":0.0,"event_name":"Tomb of Lord Red Mask","player_choice":"Paid","floor":38.0,"gold_loss":84.0,"damage_taken":0.0,"relics_obtained":["Red Mask"]},{"damage_healed":0.0,"max_hp_gain":0.0,"max_hp_loss":0.0,"gold_gain":0.0,"event_name":"Mysterious Sphere","player_choice":"Fight","floor":46.0,"gold_loss":0.0,"damage_taken":0.0}],"is_beta":false,"boss_relics":[{"not_picked":["Runic Pyramid","Black Star"],"picked":"Astrolabe"},{"not_picked":["Snecko Eye","WristBlade"],"picked":"White Beast Statue"}],"items_purged_floors":[29,37],"is_endless":false,"potions_floor_spawned":[1,16,18,27,33,35,36,39,41,46,47],"ascension_level":18}