{"gold_per_floor":[114,114,114,139,162,162,203,218,218,239,259,259,259,293,293,418,418,431,409,434,434,14,54,72,72,102,102,126,126,162,16,16,141,141,162,162,182,202,202,202,240,240],"floor_reached":42,"playtime":7131,"items_purged":["Strike_G"],"score":503,"play_id":"7d85bb9e-e9b8-490a-8260-c67c152bf19f","local_time":"20190514000622","is_ascension_mode":false,"campfire_choices":[{"data":"Leg Sweep","floor":6,"key":"SMITH"},{"floor":13,"key":"REST"},{"floor":15,"key":"REST"},{"floor":25,"key":"REST"},{"data":"Caltrops","floor":27,"key":"SMITH"},{"data":"Panache","floor":29,"key":"SMITH"},{"floor":32,"key":"REST"},{"data":"Corpse Explosion","floor":40,"key":"SMITH"}],"neow_cost":"NONE","seed_source_timestamp":1407588322350946,"circlet_count":0,"master_deck":["Defend_G+1","Defend_G+1","Defend_G","Defend_G","Strike_G","Strike_G+1","Survivor","Neutralize","Flying Knee","Underhanded Strike","Leg Sweep+1","Die Die Die","Dodge and Roll","Outmaneuver","Caltrops+1","Endless Agony","Envenom","Deadly Poison","Heel Hook","Eviscerate","Dagger Throw","Panache+1","Finisher","Dagger Spray+1","Prepared","A Thousand Cuts","Corpse Explosion+1","A Thousand Cuts+1","Deflect+1","Well Laid Plans","Prepared+1","Expertise+1"],"relics":["Eternal Feather","Golden Idol","FaceOfCleric","Mercury Hourglass","Thread and Needle","Tough Bandages","Philosopher\u0027s Stone","Orichalcum","Shuriken","Tiny Chest","Blood Vial","War Paint","Astrolabe","PreservedInsect"],"potions_floor_usage":[14,16,16,16,28,28,33],"damage_taken":[{"damage":2,"enemies":"Jaw Worm","floor":1,"turns":7},{"damage":2,"enemies":"2 Louse","floor":4,"turns":3},{"damage":4,"enemies":"Cultist","floor":5,"turns":5},{"damage":28,"enemies":"3 Sentries","floor":7,"turns":15},{"damage":14,"enemies":"Exordium Wildlife","floor":8,"turns":3},{"damage":0,"enemies":"Large Slime","floor":10,"turns":4},{"damage":0,"enemies":"Red Slaver","floor":11,"turns":4},{"damage":14,"enemies":"Gremlin Nob","floor":14,"turns":4},{"damage":38,"enemies":"Slime Boss","floor":16,"turns":11},{"damage":24,"enemies":"Spheric Guardian","floor":18,"turns":5},{"damage":6,"enemies":"2 Thieves","floor":19,"turns":5},{"damage":30,"enemies":"Snake Plant","floor":20,"turns":6},{"damage":7,"enemies":"Gremlin Leader","floor":23,"turns":7},{"damage":4,"enemies":"Centurion and Healer","floor":24,"turns":5},{"damage":9,"enemies":"Cultist and Chosen","floor":28,"turns":5},{"damage":6,"enemies":"Book of Stabbing","floor":30,"turns":5},{"damage":33,"enemies":"Collector","floor":33,"turns":8},{"damage":27,"enemies":"3 Darklings","floor":35,"turns":3},{"damage":0,"enemies":"Orb Walker","floor":37,"turns":4},{"damage":12,"enemies":"4 Shapes","floor":38,"turns":3},{"damage":68,"enemies":"Nemesis","floor":41,"turns":9},{"damage":11,"enemies":"Jaw Worm Horde","floor":42,"turns":2}],"seed_played":"2506525379253028656","potions_obtained":[{"floor":8,"key":"Energy Potion"},{"floor":10,"key":"Fire Potion"},{"floor":11,"key":"Weak Potion"},{"floor":14,"key":"LiquidBronze"},{"floor":20,"key":"GamblersBrew"},{"floor":24,"key":"SteroidPotion"},{"floor":30,"key":"SkillPotion"},{"floor":33,"key":"Ancient Potion"},{"floor":37,"key":"Energy Potion"}],"is_trial":false,"path_per_floor":["M","?","?","M","M","R","E","M","T","M","M","?","R","E","R","B",null,"M","M","M","?","$","E","M","R","T","R","M","R","E","$","R","B",null,"M","?","M","M","?","R","E","M"],"character_chosen":"THE_SILENT","items_purchased":["Dagger Throw","Panache","Orichalcum","War Paint"],"campfire_rested":4,"item_purchase_floors":[22,22,22,31],"current_hp_per_floor":[68,51,51,50,47,56,29,16,16,17,18,18,49,36,71,34,78,55,50,21,21,21,15,12,51,51,66,58,73,68,68,85,53,86,60,60,63,54,54,72,7,0],"gold":240,"neow_bonus":"BOSS_RELIC","is_prod":false,"is_daily":false,"chose_seed":false,"campfire_upgraded":4,"win_rate":0.0,"timestamp":1557806782,"path_taken":["M","?","?","?","M","R","E","M","T","M","M","?","R","E","R","BOSS","M","M","M","?","$","E","?","R","T","R","M","R","E","?","R","BOSS","M","?","M","M","?","R","E","M"],"build_version":"2019-01-23","purchased_purges":1,"victory":false,"max_hp_per_floor":[70,70,70,71,72,72,73,74,74,75,76,76,76,77,77,78,78,79,80,81,81,81,82,83,83,83,83,84,84,85,85,85,86,86,87,83,84,85,85,85,86,86],"card_choices":[{"not_picked":["Blade Dance","Underhanded Strike"],"picked":"Flying Knee","floor":1},{"not_picked":["Flechettes","Quick Slash"],"picked":"Underhanded Strike","floor":4},{"not_picked":["Slice","Dagger Throw"],"picked":"Leg Sweep","floor":5},{"not_picked":["Catalyst","Sucker Punch"],"picked":"Die Die Die","floor":7},{"not_picked":["Flechettes","Acrobatics"],"picked":"Dodge and Roll","floor":8},{"not_picked":["PiercingWail","Flechettes"],"picked":"Outmaneuver","floor":10},{"not_picked":["Flying Knee","Sucker Punch"],"picked":"Caltrops","floor":11},{"not_picked":["Heel Hook","Backstab"],"picked":"Endless Agony","floor":14},{"not_picked":["Venomology","Phantasmal Killer"],"picked":"Envenom","floor":16},{"not_picked":["Backstab+1","Dodge and Roll"],"picked":"Deadly Poison","floor":18},{"not_picked":["Dagger Spray","Deflect"],"picked":"Heel Hook","floor":19},{"not_picked":["Sucker Punch+1","Acrobatics"],"picked":"Eviscerate","floor":20},{"not_picked":["Tactician","Bane"],"picked":"Finisher","floor":23},{"not_picked":["Skewer","Deflect+1"],"picked":"Dagger Spray+1","floor":24},{"not_picked":["Slice","Deadly Poison"],"picked":"Prepared","floor":28},{"not_picked":["Expertise+1","Predator"],"picked":"A Thousand Cuts","floor":30},{"not_picked":["Adrenaline","Phantasmal Killer"],"picked":"Corpse Explosion","floor":33},{"not_picked":["Expertise","Blade Dance"],"picked":"Well Laid Plans","floor":35},{"not_picked":["Terror","PiercingWail","Well Laid Plans"],"picked":"SKIP","floor":37},{"not_picked":["Dagger Throw","Slice+1"],"picked":"Prepared+1","floor":38},{"not_picked":["Infinite Blades","All Out Attack"],"picked":"Expertise+1","floor":41}],"player_experience":721148,"relics_obtained":[{"floor":7,"key":"Mercury Hourglass"},{"floor":9,"key":"Thread and Needle"},{"floor":14,"key":"Tough Bandages"},{"floor":23,"key":"Shuriken"},{"floor":26,"key":"Tiny Chest"},{"floor":30,"key":"Blood Vial"},{"floor":41,"key":"PreservedInsect"}],"event_choices":[{"damage_healed":0,"gold_gain":0,"player_choice":"Take Damage","damage_taken":17,"relics_obtained":["Golden Idol"],"max_hp_gain":0,"max_hp_loss":0,"event_name":"Golden Idol","floor":2,"gold_loss":0},{"damage_healed":0,"gold_gain":0,"player_choice":"Trade","damage_taken":0,"relics_obtained":["FaceOfCleric"],"max_hp_gain":0,"max_hp_loss":0,"event_name":"FaceTrader","floor":3,"gold_loss":0},{"damage_healed":0,"gold_gain":0,"player_choice":"Searched \u00270\u0027 times","damage_taken":0,"max_hp_gain":0,"max_hp_loss":0,"event_name":"Dead Adventurer","floor":12,"gold_loss":0},{"damage_healed":0,"gold_gain":0,"player_choice":"Forge","damage_taken":0,"max_hp_gain":0,"max_hp_loss":0,"event_name":"Accursed Blacksmith","floor":21,"gold_loss":0,"cards_upgraded":["Strike_G"]},{"damage_healed":0,"gold_gain":0,"player_choice":"Max HP","damage_taken":0,"max_hp_gain":0,"max_hp_loss":4,"event_name":"Winding Halls","floor":36,"gold_loss":0},{"cards_removed":["Venomology"],"damage_healed":0,"gold_gain":0,"player_choice":"Removed Skill","damage_taken":0,"max_hp_gain":0,"max_hp_loss":0,"event_name":"Falling","floor":39,"gold_loss":0}],"is_beta":false,"boss_relics":[{"not_picked":["Runic Pyramid","Cursed Key"],"picked":"Philosopher\u0027s Stone"},{"not_picked":["Busted Crown","Empty Cage"],"picked":"Astrolabe"}],"items_purged_floors":[22],"is_endless":false,"potions_floor_spawned":[8,10,11,14,20,24,30,33,37],"killed_by":"Jaw Worm Horde","ascension_level":0}