{"gold_per_floor":[14,24,99,31,31,31,66,66,66,78,94,104,134,144,144,215,215,231,191,204,107,107,107,107,125,125,125,145,145,145,32,32,106,106,121,121,35,35,35,35,47,47,70,87,87,0,15,27,27,27],"floor_reached":50,"playtime":2459,"items_purged":[],"score":765,"play_id":"5c2ad163-7de2-4688-9a8f-87132c6685ae","local_time":"20190525023634","is_ascension_mode":true,"campfire_choices":[{"data":"Neutralize","floor":6,"key":"SMITH"},{"floor":8,"key":"REST"},{"floor":15,"key":"REST"},{"data":"Tactician","floor":23,"key":"SMITH"},{"data":"Terror","floor":27,"key":"SMITH"},{"data":"Prepared","floor":29,"key":"SMITH"},{"data":"Tactician","floor":32,"key":"SMITH"},{"data":"1","floor":40,"key":"LIFT"},{"data":"2","floor":42,"key":"LIFT"},{"data":"Reflex","floor":45,"key":"SMITH"},{"data":"Adrenaline","floor":49,"key":"SMITH"}],"neow_cost":"NO_GOLD","seed_source_timestamp":634238811141769,"circlet_count":0,"master_deck":["AscendersBane","Survivor","Neutralize+1","Underhanded Strike","Prepared+1","Dash","Escape Plan","Bouncing Flask","Dagger Throw+1","Terror+1","Blur","Adrenaline+1","Tactician+1","Prepared+1","Flying Knee","Masterful Stab","Expertise","Tactician+1","Leg Sweep","Die Die Die","Poisoned Stab","Underhanded Strike","Choke","Crippling Poison","Dagger Spray","Backstab","Dash","Tools of the Trade","Reflex+1","Well Laid Plans","PiercingWail","Dagger Throw","PiercingWail","PiercingWail"],"relics":["Ring of the Snake","Tingsha","Boot","Letter Opener","Girya","Eternal Feather","Ninja Scroll","Pandora\u0027s Box","Bronze Scales","Red Mask"],"potions_floor_usage":[7,33,33,38,50,50],"damage_taken":[{"damage":0,"enemies":"Cultist","floor":1,"turns":4},{"damage":0,"enemies":"2 Louse","floor":2,"turns":3},{"damage":34,"enemies":"Gremlin Nob","floor":7,"turns":5},{"damage":0,"enemies":"Jaw Worm","floor":10,"turns":3},{"damage":1,"enemies":"Red Slaver","floor":11,"turns":3},{"damage":0,"enemies":"2 Fungi Beasts","floor":12,"turns":3},{"damage":5,"enemies":"3 Sentries","floor":13,"turns":9},{"damage":0,"enemies":"Blue Slaver","floor":14,"turns":3},{"damage":4,"enemies":"The Guardian","floor":16,"turns":11},{"damage":0,"enemies":"3 Byrds","floor":18,"turns":5},{"damage":2,"enemies":"Shell Parasite","floor":20,"turns":5},{"damage":15,"enemies":"Shelled Parasite and Fungi","floor":25,"turns":5},{"damage":12,"enemies":"Snake Plant","floor":28,"turns":3},{"damage":16,"enemies":"Colosseum Slavers","floor":30,"turns":5},{"damage":29,"enemies":"Champ","floor":33,"turns":13},{"damage":9,"enemies":"3 Darklings","floor":35,"turns":4},{"damage":6,"enemies":"Orb Walker","floor":41,"turns":2},{"damage":22,"enemies":"Maw","floor":44,"turns":5},{"damage":0,"enemies":"Sphere and 2 Shapes","floor":47,"turns":4},{"damage":14,"enemies":"3 Darklings","floor":48,"turns":2},{"damage":78,"enemies":"Time Eater","floor":50,"turns":8}],"seed_played":"-2076907883065970575","potions_obtained":[{"floor":1,"key":"Energy Potion"},{"floor":14,"key":"LiquidBronze"},{"floor":16,"key":"GamblersBrew"},{"floor":20,"key":"Fire Potion"},{"floor":25,"key":"PowerPotion"},{"floor":35,"key":"Fruit Juice"},{"floor":38,"key":"Block Potion"},{"floor":38,"key":"Swift Potion"}],"is_trial":false,"path_per_floor":["M","M","?","$","?","R","E","R","T","M","M","M","E","M","R","B",null,"M","?","M","$","?","R","?","M","T","R","M","R","?","$","R","B",null,"M","?","$","?","$","R","M","R","T","M","R","?","M","M","R","B"],"character_chosen":"THE_SILENT","items_purchased":["Dash","Prepared","Flying Knee","Tactician","Leg Sweep","Well Laid Plans","PiercingWail"],"campfire_rested":2,"item_purchase_floors":[4,21,21,31,31,37,37],"current_hp_per_floor":[59,59,48,48,48,48,14,33,33,33,32,32,27,27,46,42,60,60,60,58,58,58,66,66,51,51,66,54,66,50,50,65,36,59,50,50,50,55,55,71,65,71,71,49,67,67,67,53,71,0],"gold":27,"neow_bonus":"ONE_RARE_RELIC","is_prod":false,"is_daily":false,"chose_seed":false,"campfire_upgraded":7,"win_rate":0,"timestamp":1558744594,"path_taken":["M","?","?","$","?","R","E","R","T","M","M","M","E","?","R","BOSS","M","?","?","$","?","R","?","M","T","R","?","R","?","$","R","BOSS","M","?","$","?","$","R","M","R","T","?","R","?","M","M","R","BOSS"],"build_version":"2019-01-23","purchased_purges":0,"victory":false,"max_hp_per_floor":[66,66,66,66,66,66,66,66,66,66,66,66,66,66,66,66,66,66,66,66,66,66,66,66,66,66,66,66,66,66,66,66,66,66,66,66,66,71,71,71,71,71,71,71,71,71,71,71,71,71],"card_choices":[{"not_picked":["Dash","Dagger Spray"],"picked":"Underhanded Strike","floor":1},{"not_picked":["Blade Dance","Bane"],"picked":"Prepared","floor":2},{"not_picked":["Escape Plan","Predator","Flechettes"],"picked":"SKIP","floor":7},{"not_picked":["Predator","Flechettes"],"picked":"Escape Plan","floor":7},{"not_picked":["Outmaneuver","Slice"],"picked":"Bouncing Flask","floor":10},{"not_picked":["PiercingWail","Acrobatics"],"picked":"Dagger Throw","floor":11},{"not_picked":["Distraction","Acrobatics","Die Die Die"],"picked":"SKIP","floor":12},{"not_picked":["Acrobatics","Accuracy"],"picked":"Terror","floor":13},{"not_picked":["Dagger Throw","Deadly Poison"],"picked":"Blur","floor":14},{"not_picked":["Venomology","Envenom"],"picked":"Adrenaline","floor":16},{"not_picked":["Acrobatics","Bouncing Flask"],"picked":"Tactician","floor":18},{"not_picked":["Dagger Spray","Dodge and Roll","Outmaneuver+1"],"picked":"SKIP","floor":20},{"not_picked":["Blur","Deflect"],"picked":"Prepared","floor":25},{"not_picked":["Noxious Fumes","Quick Slash","Slice"],"picked":"SKIP","floor":28},{"not_picked":["Grand Finale","Venomology"],"picked":"Die Die Die","floor":33},{"not_picked":["Dodge and Roll","Backflip"],"picked":"Reflex","floor":35},{"not_picked":["Concentrate+1","Cloak And Dagger"],"picked":"Dagger Throw","floor":41},{"not_picked":["Bane+1","Sucker Punch","Masterful Stab"],"picked":"SKIP","floor":44},{"not_picked":["Unload","Acrobatics+1"],"picked":"PiercingWail","floor":47},{"not_picked":["Finisher+1","Calculated Gamble"],"picked":"PiercingWail","floor":48}],"player_experience":405391,"relics_obtained":[{"floor":7,"key":"Boot"},{"floor":9,"key":"Letter Opener"},{"floor":13,"key":"Girya"},{"floor":26,"key":"Ninja Scroll"},{"floor":43,"key":"Bronze Scales"}],"event_choices":[{"damage_healed":0,"gold_gain":75,"player_choice":"Gather Gold","damage_taken":11,"max_hp_gain":0,"max_hp_loss":0,"event_name":"World of Goop","floor":3,"gold_loss":0},{"damage_healed":0,"gold_gain":0,"player_choice":"Upgraded","damage_taken":0,"max_hp_gain":0,"max_hp_loss":0,"event_name":"Upgrade Shrine","floor":5,"gold_loss":0,"cards_upgraded":["Prepared"]},{"damage_healed":0,"gold_gain":0,"player_choice":"Upgraded Two","damage_taken":0,"max_hp_gain":0,"max_hp_loss":0,"event_name":"Designer","floor":19,"gold_loss":40,"cards_upgraded":["Defend_G","Dagger Throw"]},{"damage_healed":0,"gold_gain":0,"player_choice":"Ignored","damage_taken":0,"max_hp_gain":0,"max_hp_loss":0,"event_name":"Ghosts","floor":22,"gold_loss":0},{"damage_healed":0,"gold_gain":0,"cards_transformed":["Strike_G","Strike_G"],"player_choice":"Became Test Subject","damage_taken":0,"max_hp_gain":0,"max_hp_loss":0,"event_name":"Drug Dealer","floor":24,"gold_loss":0,"cards_obtained":["Masterful Stab","Expertise"]},{"damage_healed":0,"gold_gain":0,"player_choice":"Fight","damage_taken":0,"max_hp_gain":0,"max_hp_loss":0,"event_name":"Colosseum","floor":30,"gold_loss":0},{"damage_healed":0,"gold_gain":0,"player_choice":"Fled From Nobs","damage_taken":0,"max_hp_gain":0,"max_hp_loss":0,"event_name":"Colosseum","floor":30,"gold_loss":0},{"cards_removed":["Prepared"],"damage_healed":0,"gold_gain":0,"player_choice":"Removed Skill","damage_taken":0,"max_hp_gain":0,"max_hp_loss":0,"event_name":"Falling","floor":36,"gold_loss":0},{"damage_healed":0,"gold_gain":0,"player_choice":"Got Potions","damage_taken":0,"max_hp_gain":0,"max_hp_loss":0,"event_name":"Lab","floor":38,"gold_loss":0},{"damage_healed":0,"gold_gain":0,"player_choice":"Paid","damage_taken":0,"relics_obtained":["Red Mask"],"max_hp_gain":0,"max_hp_loss":0,"event_name":"Tomb of Lord Red Mask","floor":46,"gold_loss":87}],"is_beta":false,"boss_relics":[{"not_picked":["White Beast Statue","Empty Cage"],"picked":"Eternal Feather"},{"not_picked":["Fusion Hammer","Velvet Choker"],"picked":"Pandora\u0027s Box"}],"items_purged_floors":[],"is_endless":false,"potions_floor_spawned":[1,14,16,20,25,35,47,48],"killed_by":"Time Eater","ascension_level":14}