{"gold_per_floor":[217,217,237,251,263,281,281,281,352,366,366,366,21,50,50,129,129,149,168,168,185,165,165,74,74,74,139,139,168,168,185,185,185],"floor_reached":33,"playtime":1572,"items_purged":["Strike_B","Strike_B"],"score":570,"play_id":"47ae6f89-94bc-4c3c-9c05-95de33f38565","local_time":"20190630000510","is_ascension_mode":true,"campfire_choices":[{"data":"Storm","floor":7.0,"key":"SMITH"},{"data":"Zap","floor":11.0,"key":"SMITH"},{"data":"Defragment","floor":15.0,"key":"SMITH"},{"floor":23.0,"key":"REST"},{"data":"Buffer","floor":25.0,"key":"SMITH"},{"floor":28.0,"key":"REST"},{"floor":30.0,"key":"REST"},{"floor":32.0,"key":"REST"}],"neow_cost":"NONE","seed_source_timestamp":374503316678926,"circlet_count":0,"master_deck":["AscendersBane","Strike_B","Defend_B","Defend_B","Defend_B","Defend_B","Zap+1","Dualcast","Cold Snap","Sweeping Beam","Melter","Capacitor","Storm+1","Coolheaded+1","Defragment+1","Good Instincts+1","Chill+1","Buffer+1","Auto Shields+1","Hologram+1","Redo+1","Capacitor","Ball Lightning+1","Thunder Strike+1","White Noise+1"],"special_seed":0,"relics":["FrozenCore","Toxic Egg 2","Membership Card","Dead Branch","Molten Egg 2","Tiny Chest","Dream Catcher"],"potions_floor_usage":[33],"damage_taken":[{"damage":5.0,"enemies":"Small Slimes","floor":1.0,"turns":4.0},{"damage":0.0,"enemies":"Cultist","floor":3.0,"turns":3.0},{"damage":0.0,"enemies":"Jaw Worm","floor":4.0,"turns":4.0},{"damage":7.0,"enemies":"Blue Slaver","floor":5.0,"turns":4.0},{"damage":6.0,"enemies":"Looter","floor":6.0,"turns":4.0},{"damage":2.0,"enemies":"Exordium Thugs","floor":10.0,"turns":5.0},{"damage":18.0,"enemies":"Gremlin Nob","floor":14.0,"turns":4.0},{"damage":6.0,"enemies":"The Guardian","floor":16.0,"turns":8.0},{"damage":7.0,"enemies":"Shell Parasite","floor":18.0,"turns":5.0},{"damage":0.0,"enemies":"Chosen","floor":19.0,"turns":5.0},{"damage":7.0,"enemies":"Shelled Parasite and Fungi","floor":21.0,"turns":7.0},{"damage":29.0,"enemies":"Book of Stabbing","floor":27.0,"turns":5.0},{"damage":53.0,"enemies":"Gremlin Leader","floor":29.0,"turns":8.0},{"damage":29.0,"enemies":"3 Cultists","floor":31.0,"turns":5.0},{"damage":46,"enemies":"Collector","floor":33,"turns":8}],"seed_played":"-6986473959583050683","potions_obtained":[{"floor":4.0,"key":"Block Potion"},{"floor":6.0,"key":"FearPotion"},{"floor":8.0,"key":"Energy Potion"},{"floor":14.0,"key":"AttackPotion"},{"floor":18.0,"key":"Explosive Potion"},{"floor":22.0,"key":"SpeedPotion"},{"floor":27.0,"key":"Poison Potion"},{"floor":31.0,"key":"FearPotion"}],"is_trial":false,"path_per_floor":["M","?","M","M","M","M","R","?","T","M","R","?","$","E","R","B",null,"M","M","?","M","?","R","$","R","T","E","R","E","R","M","R","B"],"character_chosen":"DEFECT","items_purchased":["Membership Card","Defragment","Good Instincts+1","Regen Potion"],"campfire_rested":4,"item_purchase_floors":[13,13,13,24],"current_hp_per_floor":[59,59,59,59,52,46,46,46,46,44,44,49,49,31,31,25,63,56,56,34,27,27,51,51,51,51,36,60,7,31,2,26,0],"gold":185,"neow_bonus":"HUNDRED_GOLD","is_prod":false,"is_daily":false,"chose_seed":false,"campfire_upgraded":4,"win_rate":0,"timestamp":1561845910,"path_taken":["M","?","M","?","M","M","R","?","T","?","R","?","$","E","R","BOSS","M","M","?","M","?","R","$","R","T","E","R","E","R","M","R","BOSS"],"build_version":"2019-01-23","purchased_purges":2,"victory":false,"max_hp_per_floor":[71,71,71,71,71,71,71,71,71,71,71,76,76,76,76,76,76,76,76,81,81,81,81,81,81,81,81,81,81,81,81,81,81],"card_choices":[{"not_picked":["Chill","Hello World"],"picked":"Cold Snap","floor":1.0},{"not_picked":["Loop","Auto Shields"],"picked":"Sweeping Beam","floor":3.0},{"not_picked":["Sweeping Beam","Steam Power"],"picked":"Melter","floor":4.0},{"not_picked":["Sunder","Turbo"],"picked":"Capacitor","floor":5.0},{"not_picked":["Turbo","Double Energy"],"picked":"Storm","floor":6.0},{"not_picked":["Go for the Eyes","Lockon"],"picked":"Coolheaded+1","floor":10.0},{"not_picked":["Recycle+1","Gash"],"picked":"Chill+1","floor":14.0},{"not_picked":["Reboot+1","Meteor Strike"],"picked":"Buffer","floor":16.0},{"not_picked":["Rip and Tear","Recycle+1"],"picked":"Auto Shields+1","floor":18.0},{"not_picked":["Storm","Conserve Battery+1"],"picked":"Hologram+1","floor":19.0},{"not_picked":["Rebound","Compile Driver+1"],"picked":"Redo+1","floor":21.0},{"not_picked":["Scrape+1","Stack+1"],"picked":"Capacitor","floor":27.0},{"not_picked":["Cold Snap+1","Darkness+1"],"picked":"Ball Lightning+1","floor":29.0},{"not_picked":["Gash+1","Rebound+1"],"picked":"Thunder Strike+1","floor":30.0},{"not_picked":["Blizzard+1","Undo+1"],"picked":"White Noise+1","floor":31.0}],"player_experience":682223,"relics_obtained":[{"floor":9.0,"key":"Toxic Egg 2"},{"floor":14.0,"key":"Dead Branch"},{"floor":26.0,"key":"Molten Egg 2"},{"floor":27.0,"key":"Tiny Chest"},{"floor":29.0,"key":"Dream Catcher"}],"event_choices":[{"cards_removed":["Strike_B"],"damage_healed":0.0,"max_hp_gain":0.0,"max_hp_loss":0.0,"gold_gain":0.0,"event_name":"Purifier","player_choice":"Purged","floor":2.0,"gold_loss":0.0,"damage_taken":0.0},{"damage_healed":0.0,"max_hp_gain":0.0,"max_hp_loss":0.0,"gold_gain":0.0,"event_name":"Lab","player_choice":"Got Potions","floor":8.0,"gold_loss":0.0,"damage_taken":0.0},{"damage_healed":0.0,"max_hp_gain":5.0,"max_hp_loss":0.0,"gold_gain":0.0,"event_name":"Big Fish","player_choice":"Donut","floor":12.0,"gold_loss":0.0,"damage_taken":0.0},{"damage_healed":0.0,"max_hp_gain":5.0,"max_hp_loss":0.0,"gold_gain":0.0,"event_name":"Forgotten Altar","player_choice":"Shed Blood","floor":20.0,"gold_loss":0.0,"damage_taken":27.0},{"damage_healed":0.0,"max_hp_gain":0.0,"max_hp_loss":0.0,"gold_gain":0.0,"event_name":"The Woman in Blue","player_choice":"Bought 1 Potion","floor":22.0,"gold_loss":0.0,"damage_taken":0.0}],"is_beta":false,"boss_relics":[{"not_picked":["Pandora\u0027s Box","Calling Bell"],"picked":"FrozenCore"}],"items_purged_floors":[13,24],"is_endless":false,"potions_floor_spawned":[4,6,14,18,27,31],"killed_by":"Collector","ascension_level":20}