{"gold_per_floor":[112,123,137,87,101,131,131,193,216,216,45,77,77,91,91,188,188,198,123,22,122,122,152,152,152],"floor_reached":25,"playtime":982,"items_purged":["Defend_R"],"score":261,"play_id":"fd1c8c2b-5233-44d9-b8b1-ddbaed8318e5","local_time":"20190603202335","is_ascension_mode":true,"campfire_choices":[{"data":"Rampage","floor":7,"key":"SMITH"},{"floor":10,"key":"REST"},{"floor":13,"key":"REST"},{"data":"Apotheosis","floor":15,"key":"SMITH"},{"data":"Limit Break","floor":24,"key":"SMITH"}],"neow_cost":"NONE","seed_source_timestamp":243886118798592,"circlet_count":0,"master_deck":["Strike_R","Strike_R","Strike_R","Defend_R","Defend_R","Defend_R","Bash","Rampage+1","Heavy Blade","Twin Strike","Brutality","Dropkick","Flex","Apotheosis+1","Uppercut","Pommel Strike","Limit Break+1","Flex","Decay"],"relics":["Burning Blood","NeowsBlessing","Lantern","Boot","Anchor","Shuriken","Velvet Choker","FossilizedHelix","Blue Candle","Meat on the Bone"],"potions_floor_usage":[6,8,8,16,25],"damage_taken":[{"damage":0,"enemies":"Cultist","floor":1,"turns":1},{"damage":0,"enemies":"Small Slimes","floor":2,"turns":1},{"damage":0,"enemies":"Jaw Worm","floor":3,"turns":1},{"damage":12,"enemies":"2 Fungi Beasts","floor":5,"turns":3},{"damage":59,"enemies":"Lagavulin","floor":6,"turns":6},{"damage":32,"enemies":"Gremlin Nob","floor":8,"turns":4},{"damage":34,"enemies":"Gremlin Nob","floor":12,"turns":4},{"damage":3,"enemies":"Looter","floor":14,"turns":3},{"damage":18,"enemies":"Slime Boss","floor":16,"turns":7},{"damage":9,"enemies":"2 Thieves","floor":18,"turns":3},{"damage":18,"enemies":"Colosseum Slavers","floor":21,"turns":3},{"damage":22,"enemies":"Colosseum Nobs","floor":21,"turns":3},{"damage":47,"enemies":"Gremlin Leader","floor":23,"turns":6},{"damage":17,"enemies":"Shell Parasite","floor":25,"turns":2}],"seed_played":"-3255456221022589512","potions_obtained":[{"floor":2,"key":"Regen Potion"},{"floor":5,"key":"Regen Potion"},{"floor":6,"key":"SkillPotion"},{"floor":14,"key":"Explosive Potion"},{"floor":23,"key":"BloodPotion"}],"is_trial":false,"path_per_floor":["M","M","M","?","M","E","R","?","T","R","$","E","R","M","R","B",null,"M","?","$","?","?","E","R","M"],"character_chosen":"IRONCLAD","items_purchased":["Apotheosis","Flex"],"campfire_rested":2,"item_purchase_floors":[11,20],"current_hp_per_floor":[80,80,80,80,74,33,33,16,16,40,40,12,36,39,39,27,80,77,77,77,49,49,8,8,0],"gold":152,"neow_bonus":"THREE_ENEMY_KILL","is_prod":false,"is_daily":false,"chose_seed":false,"campfire_upgraded":3,"win_rate":0,"timestamp":1559611415,"path_taken":["M","M","M","?","M","E","R","?","T","R","$","E","R","M","R","BOSS","M","?","$","?","?","E","R","M"],"build_version":"2019-01-23","purchased_purges":1,"victory":false,"max_hp_per_floor":[80,80,80,80,80,80,80,80,80,80,80,80,80,80,80,80,80,80,80,80,80,80,80,80,80],"card_choices":[{"not_picked":["Armaments","Cleave"],"picked":"Rampage","floor":1},{"not_picked":["Intimidate","Burning Pact"],"picked":"Heavy Blade","floor":2},{"not_picked":["Perfected Strike","Thunderclap"],"picked":"Twin Strike","floor":3},{"not_picked":["Fire Breathing","Warcry"],"picked":"Brutality","floor":5},{"not_picked":["Carnage","Ghostly Armor"],"picked":"Dropkick","floor":6},{"not_picked":["Warcry","Rupture"],"picked":"Flex","floor":8},{"not_picked":["Rampage","Exhume"],"picked":"Uppercut","floor":12},{"not_picked":["Perfected Strike","Armaments"],"picked":"Pommel Strike","floor":14},{"not_picked":["Offering","Exhume"],"picked":"Limit Break","floor":16},{"not_picked":["Headbutt","Second Wind+1","Havoc"],"picked":"SKIP","floor":18},{"not_picked":["Power Through","Pommel Strike","Feel No Pain"],"picked":"SKIP","floor":23}],"player_experience":68008,"relics_obtained":[{"floor":6,"key":"Lantern"},{"floor":8,"key":"Boot"},{"floor":9,"key":"Anchor"},{"floor":12,"key":"Shuriken"},{"floor":21,"key":"FossilizedHelix"},{"floor":21,"key":"Blue Candle"},{"floor":23,"key":"Meat on the Bone"}],"event_choices":[{"cards_removed":["Strike_R"],"damage_healed":0,"gold_gain":0,"player_choice":"Card Removal","damage_taken":0,"max_hp_gain":0,"max_hp_loss":0,"event_name":"The Cleric","floor":4,"gold_loss":50},{"damage_healed":0,"gold_gain":30,"player_choice":"Searched \u00272\u0027 times","damage_taken":0,"max_hp_gain":0,"max_hp_loss":0,"event_name":"Dead Adventurer","floor":8,"gold_loss":0},{"cards_removed":["Strike_R"],"damage_healed":0,"gold_gain":0,"player_choice":"Gave Gold","damage_taken":0,"max_hp_gain":0,"max_hp_loss":0,"event_name":"Beggar","floor":19,"gold_loss":75},{"damage_healed":0,"gold_gain":0,"player_choice":"Fight","damage_taken":0,"max_hp_gain":0,"max_hp_loss":0,"event_name":"Colosseum","floor":21,"gold_loss":0},{"damage_healed":0,"gold_gain":0,"player_choice":"Fought Nobs","damage_taken":0,"max_hp_gain":0,"max_hp_loss":0,"event_name":"Colosseum","floor":21,"gold_loss":0},{"damage_healed":0,"gold_gain":0,"player_choice":"Smashed Altar","damage_taken":0,"max_hp_gain":0,"max_hp_loss":0,"event_name":"Forgotten Altar","floor":22,"gold_loss":0,"cards_obtained":["Decay"]}],"is_beta":false,"boss_relics":[{"not_picked":["Coffee Dripper","Runic Cube"],"picked":"Velvet Choker"}],"items_purged_floors":[20],"is_endless":false,"potions_floor_spawned":[2,5,6,14,21,23],"killed_by":"Shell Parasite","ascension_level":3}