{"gold_per_floor":[112,112,125,145,145,145,165,165,165,192,192,192,267,300,300,371,371,371,66,66,66,66,66,66,66,66,66,66,66,66,66,66,66,66,66,66,0,0,0,0,0,0,0,0,0,0,0,0,0,0,0,0,0,0,0],"floor_reached":55,"playtime":2657,"items_purged":["Strike_B"],"score":2152,"play_id":"93d8d236-4ad3-4693-9e71-402a97fa4f0b","local_time":"20190621160755","is_ascension_mode":true,"campfire_choices":[{"floor":6.0,"key":"REST"},{"data":"Melter","floor":8.0,"key":"SMITH"},{"data":"White Noise","floor":11.0,"key":"SMITH"},{"data":"Defragment","floor":15.0,"key":"SMITH"},{"data":"Buffer","floor":23.0,"key":"SMITH"},{"floor":30.0,"key":"REST"},{"data":"Buffer","floor":32.0,"key":"SMITH"},{"data":"Buffer","floor":40.0,"key":"SMITH"},{"data":"Defend_B","floor":42.0,"key":"SMITH"},{"floor":46,"key":"RECALL"},{"floor":49,"key":"REST"},{"data":"Coolheaded","floor":53,"key":"SMITH"}],"neow_cost":"NONE","seed_source_timestamp":0,"circlet_count":0,"master_deck":["AscendersBane","Strike_B","Strike_B+1","Strike_B","Defend_B+1","Defend_B+1","Defend_B","Defend_B","Zap+1","Dualcast","Cold Snap","Reboot+1","Cold Snap+1","Melter+1","Auto Shields","Echo Form","White Noise+1","Defragment+1","Buffer+1","Ball Lightning","BootSequence","Electrodynamics","Buffer+1","White Noise","Buffer+1","Gash","Hologram+1","Force Field+1","Coolheaded+1"],"special_seed":0,"relics":["Cracked Core","Sundial","Mummified Hand","Juzu Bracelet","Incense Burner","Ectoplasm","Runic Capacitor","Whetstone","Potion Belt","Letter Opener","Busted Crown","Red Mask","Blood Vial","The Courier","Bottled Tornado","Smiling Mask"],"potions_floor_usage":[44,44,45,50],"damage_taken":[{"damage":7.0,"enemies":"Jaw Worm","floor":1.0,"turns":3.0},{"damage":0.0,"enemies":"Cultist","floor":3.0,"turns":3.0},{"damage":7.0,"enemies":"2 Louse","floor":4.0,"turns":2.0},{"damage":3.0,"enemies":"Blue Slaver","floor":7.0,"turns":3.0},{"damage":17.0,"enemies":"3 Sentries","floor":10.0,"turns":7.0},{"damage":0.0,"enemies":"Gremlin Nob","floor":14.0,"turns":4.0},{"damage":19.0,"enemies":"The Guardian","floor":16.0,"turns":11.0},{"damage":0.0,"enemies":"Chosen","floor":18.0,"turns":4.0},{"damage":9.0,"enemies":"3 Byrds","floor":20.0,"turns":5.0},{"damage":0.0,"enemies":"Centurion and Healer","floor":21.0,"turns":5.0},{"damage":0.0,"enemies":"Sentry and Sphere","floor":24.0,"turns":4.0},{"damage":8.0,"enemies":"Chosen and Byrds","floor":25.0,"turns":5.0},{"damage":6.0,"enemies":"Gremlin Leader","floor":28.0,"turns":4.0},{"damage":10.0,"enemies":"Centurion and Healer","floor":29.0,"turns":6.0},{"damage":29.0,"enemies":"Slavers","floor":31.0,"turns":5.0},{"damage":22.0,"enemies":"Collector","floor":33.0,"turns":9.0},{"damage":4.0,"enemies":"Orb Walker","floor":35.0,"turns":3.0},{"damage":0.0,"enemies":"3 Shapes","floor":39.0,"turns":3.0},{"damage":0.0,"enemies":"Nemesis","floor":41.0,"turns":5.0},{"damage":0,"enemies":"Reptomancer","floor":44,"turns":6},{"damage":0,"enemies":"3 Darklings","floor":45,"turns":4},{"damage":27,"enemies":"Nemesis","floor":48,"turns":8},{"damage":25,"enemies":"Time Eater","floor":50,"turns":12},{"damage":0,"enemies":"Donu and Deca","floor":51,"turns":8},{"damage":61,"enemies":"Shield and Spear","floor":55,"turns":2}],"seed_played":"-3605482916231246828","potions_obtained":[{"floor":4.0,"key":"Regen Potion"},{"floor":7.0,"key":"Ancient Potion"},{"floor":10.0,"key":"SpeedPotion"},{"floor":16.0,"key":"Regen Potion"},{"floor":18.0,"key":"FearPotion"},{"floor":24.0,"key":"PowerPotion"},{"floor":31.0,"key":"EntropicBrew"},{"floor":33.0,"key":"Strength Potion"},{"floor":39.0,"key":"Fire Potion"},{"floor":44,"key":"SkillPotion"},{"floor":45,"key":"Ancient Potion"}],"is_trial":false,"path_per_floor":["M","?","M","M","?","R","M","R","T","E","R","?","?","E","R","B",null,"M","$","M","M","?","R","M","M","T","$","E","M","R","E","R","B",null,"M","?","?","?","M","R","E","R","T","E","M","R","T","E","R","B","B",null,"R","$","E"],"character_chosen":"DEFECT","items_purchased":["Runic Capacitor"],"campfire_rested":3,"item_purchase_floors":[19],"current_hp_per_floor":[57,57,57,50,29,50,56,56,56,39,39,39,28,28,28,9,56,56,56,61,61,61,61,61,53,53,53,47,37,58,29,29,22,59,55,55,55,55,55,55,55,55,55,57,59,59,59,34,54,31,33,59,59,59,0],"gold":0,"neow_bonus":"UPGRADE_CARD","is_prod":false,"is_daily":false,"chose_seed":false,"campfire_upgraded":8,"win_rate":0,"timestamp":1561126075,"path_taken":["M","?","?","M","?","R","M","R","T","E","R","?","?","E","R","BOSS","M","$","M","M","?","R","M","M","T","$","E","M","R","E","R","BOSS","M","?","?","?","M","R","E","R","T","E","M","R","?","E","R","BOSS","BOSS","R","$","E"],"build_version":"2019-01-23","purchased_purges":1,"victory":false,"max_hp_per_floor":[71,71,71,71,71,71,71,71,71,71,71,71,71,71,71,71,71,71,71,71,71,71,71,71,71,71,71,71,71,71,71,71,71,71,71,71,71,67,67,67,67,67,67,67,67,67,67,67,67,67,67,67,67,67,67],"card_choices":[{"not_picked":["Hologram","Steam Power"],"picked":"Cold Snap","floor":1.0},{"not_picked":["Loop","Streamline"],"picked":"Auto Shields","floor":3.0},{"not_picked":["Beam Cell","Gash","Leap"],"picked":"SKIP","floor":4.0},{"not_picked":["Leap","Hologram"],"picked":"Echo Form","floor":7.0},{"not_picked":["Storm","Rebound"],"picked":"White Noise","floor":10.0},{"not_picked":["Auto Shields","Gash"],"picked":"Defragment","floor":14.0},{"not_picked":["All For One","Multi-Cast"],"picked":"Buffer","floor":16.0},{"not_picked":["Streamline","Aggregate","Steam"],"picked":"SKIP","floor":18.0},{"not_picked":["Beam Cell","Leap"],"picked":"Ball Lightning","floor":20.0},{"not_picked":["Heatsinks","Gash"],"picked":"BootSequence","floor":21.0},{"not_picked":["Gash","Go for the Eyes","Auto Shields"],"picked":"SKIP","floor":24.0},{"not_picked":["Turbo","Coolheaded","Static Discharge"],"picked":"SKIP","floor":25.0},{"not_picked":["Sweeping Beam","Redo"],"picked":"Buffer","floor":28.0},{"not_picked":["Chaos","Steam Power"],"picked":"White Noise","floor":29.0},{"not_picked":["Leap","Scrape","Conserve Battery"],"picked":"SKIP","floor":31.0},{"not_picked":["Meteor Strike","Multi-Cast"],"picked":"Buffer","floor":33.0},{"not_picked":["Gash"],"picked":"SKIP","floor":35.0},{"not_picked":[],"picked":"Gash","floor":35.0},{"not_picked":[],"picked":"Hologram+1","floor":39.0},{"not_picked":[],"picked":"Force Field+1","floor":41.0},{"not_picked":["Streamline"],"picked":"SKIP","floor":44},{"not_picked":[],"picked":"Coolheaded","floor":45},{"not_picked":["White Noise"],"picked":"SKIP","floor":48}],"player_experience":635605,"relics_obtained":[{"floor":9.0,"key":"Sundial"},{"floor":10.0,"key":"Mummified Hand"},{"floor":14.0,"key":"Incense Burner"},{"floor":26.0,"key":"Whetstone"},{"floor":28.0,"key":"Potion Belt"},{"floor":31.0,"key":"Letter Opener"},{"floor":41.0,"key":"Blood Vial"},{"floor":44,"key":"The Courier"},{"floor":47,"key":"Bottled Tornado"},{"floor":48,"key":"Smiling Mask"}],"event_choices":[{"damage_healed":0.0,"max_hp_gain":0.0,"max_hp_loss":0.0,"gold_gain":0.0,"event_name":"Match and Keep!","player_choice":"3 cards matched","floor":2.0,"gold_loss":0.0,"damage_taken":0.0,"cards_obtained":["Reboot","Cold Snap","Melter"]},{"damage_healed":0.0,"max_hp_gain":0.0,"max_hp_loss":0.0,"gold_gain":0.0,"event_name":"Shining Light","player_choice":"Entered Light","floor":5.0,"gold_loss":0.0,"damage_taken":21.0,"cards_upgraded":["Reboot","Defend_B"]},{"damage_healed":0.0,"max_hp_gain":0.0,"max_hp_loss":0.0,"gold_gain":0.0,"event_name":"Dead Adventurer","player_choice":"Searched \u00271\u0027 times","floor":12.0,"gold_loss":0.0,"damage_taken":0.0,"relics_obtained":["Juzu Bracelet"]},{"damage_healed":0.0,"max_hp_gain":0.0,"max_hp_loss":0.0,"gold_gain":75.0,"event_name":"World of Goop","player_choice":"Gather Gold","floor":13.0,"gold_loss":0.0,"damage_taken":11.0},{"damage_healed":0.0,"max_hp_gain":0.0,"max_hp_loss":0.0,"gold_gain":0.0,"event_name":"The Library","player_choice":"Read","floor":22.0,"gold_loss":0.0,"damage_taken":0.0,"cards_obtained":["Electrodynamics"]},{"damage_healed":0.0,"max_hp_gain":0.0,"max_hp_loss":0.0,"gold_gain":0.0,"event_name":"SensoryStone","player_choice":"Memory 1","floor":36.0,"gold_loss":0.0,"damage_taken":0.0},{"damage_healed":0.0,"max_hp_gain":0.0,"max_hp_loss":0.0,"gold_gain":0.0,"event_name":"Tomb of Lord Red Mask","player_choice":"Paid","floor":37.0,"gold_loss":66.0,"damage_taken":0.0,"relics_obtained":["Red Mask"]},{"damage_healed":0.0,"max_hp_gain":0.0,"max_hp_loss":4.0,"gold_gain":0.0,"event_name":"Winding Halls","player_choice":"Max HP","floor":38.0,"gold_loss":0.0,"damage_taken":0.0}],"is_beta":false,"boss_relics":[{"not_picked":["Lizard Tail","Pandora\u0027s Box"],"picked":"Ectoplasm"},{"not_picked":["Cursed Key","Orrery"],"picked":"Busted Crown"}],"items_purged_floors":[19],"is_endless":false,"potions_floor_spawned":[4,7,10,16,18,24,31,33,39,44,45],"killed_by":"Shield and Spear","ascension_level":20}