{"gold_per_floor":[111,111,122,31,43,43,77,77,77,109,124,137,62,79,79,176,176,192,212,39,70,104,104,0,0,0,11,11,47,67,67],"floor_reached":31,"playtime":1536,"items_purged":["Strike_B"],"score":398,"play_id":"b177c086-a45f-49c2-8f3a-3c61efd21f5c","local_time":"20190509220401","is_ascension_mode":true,"campfire_choices":[{"data":"Mayhem","floor":6,"key":"SMITH"},{"data":"Defragment","floor":8,"key":"SMITH"},{"floor":15,"key":"REST"},{"data":"Storm","floor":23,"key":"SMITH"},{"floor":25,"key":"REST"}],"neow_cost":"CURSE","seed_source_timestamp":1941131215492312,"circlet_count":0,"master_deck":["AscendersBane","Zap","Dualcast","Trip","Mayhem+1","Clumsy","Sweeping Beam","Compile Driver","Rebound","Defragment+1","Cold Snap","Cold Snap","Hello World","Streamline","Glacier","Fusion","Creative AI","Chaos","Storm+1","Machine Learning","White Noise","FTL","Redo","Turbo","HandOfGreed","Leap+1","BootSequence","Coolheaded","Leap"],"relics":["Cracked Core","Shuriken","Pen Nib","Centennial Puzzle","Pandora\u0027s Box","Bottled Lightning"],"potions_floor_usage":[10,12,16,16,21,30,30,30,31],"damage_taken":[{"damage":5,"enemies":"Small Slimes","floor":1,"turns":3},{"damage":0,"enemies":"Cultist","floor":3,"turns":3},{"damage":7,"enemies":"Jaw Worm","floor":5,"turns":3},{"damage":9,"enemies":"Lagavulin","floor":7,"turns":8},{"damage":12,"enemies":"Gremlin Nob","floor":10,"turns":3},{"damage":17,"enemies":"Exordium Thugs","floor":11,"turns":3},{"damage":0,"enemies":"2 Fungi Beasts","floor":12,"turns":3},{"damage":0,"enemies":"Large Slime","floor":14,"turns":4},{"damage":7,"enemies":"Slime Boss","floor":16,"turns":7},{"damage":7,"enemies":"Spheric Guardian","floor":18,"turns":5},{"damage":1,"enemies":"Chosen","floor":19,"turns":3},{"damage":17,"enemies":"Centurion and Healer","floor":21,"turns":6},{"damage":14,"enemies":"Snecko","floor":22,"turns":4},{"damage":12,"enemies":"3 Cultists","floor":27,"turns":6},{"damage":19,"enemies":"Snake Plant","floor":29,"turns":4},{"damage":14,"enemies":"Colosseum Slavers","floor":30,"turns":4},{"damage":19,"enemies":"Slavers","floor":31,"turns":1}],"seed_played":"-308519210315724504","potions_obtained":[{"floor":7,"key":"Fruit Juice"},{"floor":10,"key":"EssenceOfSteel"},{"floor":11,"key":"AttackPotion"},{"floor":12,"key":"SkillPotion"},{"floor":18,"key":"Weak Potion"},{"floor":27,"key":"EntropicBrew"},{"floor":29,"key":"Swift Potion"}],"is_trial":false,"path_per_floor":["M","?","M","$","M","R","E","R","T","E","M","M","$","M","R","B",null,"M","M","$","M","M","R","?","R","T","M","?","M","?","E"],"character_chosen":"DEFECT","items_purchased":["Defragment","Cold Snap","HandOfGreed"],"campfire_rested":2,"item_purchase_floors":[4,4,20],"current_hp_per_floor":[63,63,63,63,56,56,47,47,47,40,23,23,23,23,47,40,70,63,62,62,45,31,31,31,55,55,43,43,24,10,0],"gold":67,"neow_bonus":"RANDOM_COLORLESS_2","is_prod":false,"is_daily":false,"chose_seed":false,"campfire_upgraded":3,"win_rate":0,"timestamp":1557432241,"path_taken":["M","?","M","$","M","R","E","R","T","E","M","M","?","?","R","BOSS","M","M","$","M","M","R","?","R","T","M","?","?","?","E"],"build_version":"2019-01-23","purchased_purges":1,"victory":false,"max_hp_per_floor":[75,75,75,75,75,75,75,75,75,80,80,80,80,80,80,80,80,80,80,80,80,80,80,80,80,80,80,80,80,80,80],"card_choices":[{"not_picked":["Stack","Steam"],"picked":"Sweeping Beam","floor":1},{"not_picked":["Barrage","Loop"],"picked":"Rebound","floor":3},{"not_picked":["Aggregate","Double Energy"],"picked":"Cold Snap","floor":5},{"not_picked":["Barrage","Compile Driver"],"picked":"Hello World","floor":7},{"not_picked":["Barrage","Scrape"],"picked":"Streamline","floor":10},{"not_picked":["Skim","Storm","Steam"],"picked":"SKIP","floor":11},{"not_picked":["Storm","Rebound"],"picked":"Glacier","floor":12},{"not_picked":["Coolheaded","Double Energy"],"picked":"Fusion","floor":14},{"not_picked":["Echo Form","Fission"],"picked":"Creative AI","floor":16},{"not_picked":["Reprogram","Stack","Turbo"],"picked":"SKIP","floor":18},{"not_picked":["Reprogram","Stack"],"picked":"Turbo","floor":18},{"not_picked":["Genetic Algorithm","Rebound+1","Steam"],"picked":"SKIP","floor":19},{"not_picked":["Ball Lightning+1","Redo"],"picked":"Leap+1","floor":21},{"not_picked":["Glacier","Chill"],"picked":"BootSequence","floor":22},{"not_picked":["Consume+1","Reprogram+1"],"picked":"Coolheaded","floor":27},{"not_picked":["Loop","Melter"],"picked":"Leap","floor":29}],"player_experience":289301,"relics_obtained":[{"floor":7,"key":"Shuriken"},{"floor":9,"key":"Pen Nib"},{"floor":10,"key":"Centennial Puzzle"},{"floor":26,"key":"Bottled Lightning"}],"event_choices":[{"damage_healed":0,"gold_gain":0,"cards_transformed":["Strike_B"],"player_choice":"Transformed","damage_taken":0,"max_hp_gain":0,"max_hp_loss":0,"event_name":"Transmorgrifier","floor":2,"gold_loss":0,"cards_obtained":["Compile Driver"]},{"damage_healed":0,"gold_gain":0,"player_choice":"Paid Fearfully","damage_taken":0,"max_hp_gain":0,"max_hp_loss":0,"event_name":"Masked Bandits","floor":24,"gold_loss":104},{"damage_healed":0,"gold_gain":0,"player_choice":"Ignored","damage_taken":0,"max_hp_gain":0,"max_hp_loss":0,"event_name":"Vampires","floor":28,"gold_loss":0},{"damage_healed":0,"gold_gain":0,"player_choice":"Fight","damage_taken":0,"max_hp_gain":0,"max_hp_loss":0,"event_name":"Colosseum","floor":30,"gold_loss":0},{"damage_healed":0,"gold_gain":0,"player_choice":"Fled From Nobs","damage_taken":0,"max_hp_gain":0,"max_hp_loss":0,"event_name":"Colosseum","floor":30,"gold_loss":0}],"is_beta":false,"boss_relics":[{"not_picked":["Eternal Feather","Calling Bell"],"picked":"Pandora\u0027s Box"}],"items_purged_floors":[13],"is_endless":false,"potions_floor_spawned":[7,10,11,12,18,27,29],"killed_by":"Slavers","ascension_level":12}