{"gold_per_floor":[359,370,389,240,240,240,268,281,281,299,319,352,352,381,381,381],"floor_reached":16,"playtime":587,"items_purged":[],"score":177,"play_id":"5049f4d8-54d1-4079-b60e-37710517da00","local_time":"20190622121528","is_ascension_mode":true,"campfire_choices":[{"data":"Inflame","floor":6,"key":"SMITH"},{"floor":13,"key":"REST"},{"data":"Armaments","floor":15,"key":"SMITH"}],"neow_cost":"TEN_PERCENT_HP_LOSS","seed_source_timestamp":143678210850486,"circlet_count":0,"master_deck":["Strike_R","Strike_R","Strike_R","Strike_R","Strike_R","Defend_R","Defend_R","Defend_R","Defend_R","Bash","Twin Strike","Pommel Strike","Rampage","Inflame+1","Dual Wield","Iron Wave","Barricade","Body Slam","Rupture","Armaments+1"],"relics":["Burning Blood","Bronze Scales","Potion Belt","Mummified Hand","Meat on the Bone"],"potions_floor_usage":[7,10,10,10,10,12,16,16],"damage_taken":[{"damage":10,"enemies":"Cultist","floor":1,"turns":5},{"damage":17,"enemies":"2 Louse","floor":2,"turns":3},{"damage":2,"enemies":"Jaw Worm","floor":3,"turns":3},{"damage":40,"enemies":"3 Sentries","floor":7,"turns":7},{"damage":16,"enemies":"Blue Slaver","floor":8,"turns":3},{"damage":1,"enemies":"Large Slime","floor":10,"turns":5},{"damage":7,"enemies":"Looter","floor":11,"turns":4},{"damage":20,"enemies":"Lagavulin","floor":12,"turns":5},{"damage":30,"enemies":"3 Sentries","floor":14,"turns":8},{"damage":23,"enemies":"Hexaghost","floor":16,"turns":7}],"seed_played":"5324865773543130134","potions_obtained":[{"floor":3,"key":"Poison Potion"},{"floor":7,"key":"Block Potion"},{"floor":8,"key":"EntropicBrew"},{"floor":12,"key":"LiquidBronze"},{"floor":14,"key":"GamblersBrew"}],"is_trial":false,"path_per_floor":["M","M","M","$","?","R","E","M","T","M","M","E","R","E","R","B"],"character_chosen":"IRONCLAD","items_purchased":["Rampage","Inflame"],"campfire_rested":1,"item_purchase_floors":[4,4],"current_hp_per_floor":[68,57,61,61,66,66,32,22,22,32,31,17,40,16,16,0],"gold":381,"neow_bonus":"TWO_FIFTY_GOLD","is_prod":false,"is_daily":false,"chose_seed":false,"campfire_upgraded":2,"win_rate":0,"timestamp":1561223728,"path_taken":["M","M","M","$","?","R","E","M","T","M","M","E","R","E","R","BOSS"],"build_version":"2019-01-23","purchased_purges":0,"victory":false,"max_hp_per_floor":[72,72,72,72,77,77,77,77,77,77,77,77,77,77,77,77],"card_choices":[{"not_picked":["Pummel","Clash"],"picked":"Twin Strike","floor":1},{"not_picked":["Ghostly Armor","Hemokinesis"],"picked":"Pommel Strike","floor":2},{"not_picked":["Flex","Rupture","Pommel Strike"],"picked":"SKIP","floor":3},{"not_picked":["Sword Boomerang","Wild Strike"],"picked":"Dual Wield","floor":7},{"not_picked":["Seeing Red","Clothesline"],"picked":"Iron Wave","floor":8},{"not_picked":["Clothesline","Twin Strike"],"picked":"Barricade","floor":10},{"not_picked":["Iron Wave","Shrug It Off"],"picked":"Body Slam","floor":11},{"not_picked":["Shockwave","Infernal Blade"],"picked":"Rupture","floor":12},{"not_picked":["Brutality","Iron Wave"],"picked":"Armaments","floor":14}],"player_experience":247272,"relics_obtained":[{"floor":7,"key":"Bronze Scales"},{"floor":9,"key":"Potion Belt"},{"floor":12,"key":"Mummified Hand"},{"floor":14,"key":"Meat on the Bone"}],"event_choices":[{"damage_healed":0,"gold_gain":0,"player_choice":"Donut","damage_taken":0,"max_hp_gain":5,"max_hp_loss":0,"event_name":"Big Fish","floor":5,"gold_loss":0}],"is_beta":false,"boss_relics":[],"items_purged_floors":[],"is_endless":false,"potions_floor_spawned":[3,7,8,12,14],"killed_by":"Hexaghost","ascension_level":9}