{"gold_per_floor":[111,386,402,109,123,123,158,173,173,186,206,206,283,308,308,382,382,402,40,40,58,58,58],"floor_reached":23,"playtime":606,"items_purged":["Regret","Strike_B"],"score":452,"play_id":"e0c02337-752d-4f4a-a6ef-12a694b85999","local_time":"20190518175900","is_ascension_mode":true,"campfire_choices":[{"data":"Zap","floor":6.0,"key":"SMITH"},{"data":"Capacitor","floor":12.0,"key":"SMITH"},{"data":"Fusion","floor":15.0,"key":"SMITH"}],"neow_cost":"NONE","seed_source_timestamp":8605536218349,"circlet_count":0,"master_deck":["AscendersBane","Strike_B","Strike_B","Strike_B","Defend_B","Defend_B","Defend_B","Defend_B","Zap+1","Dualcast","Genetic Algorithm","Ball Lightning","Cold Snap","Steam","Conserve Battery","Capacitor+1","Compile Driver","Fusion+1","Hyperbeam","Defragment","BootSequence","Coolheaded","Cold Snap","Reprogram","Steam Power+1","Defragment"],"special_seed":0,"relics":["Cracked Core","NeowsBlessing","Pen Nib","The Courier","Question Card","Dodecahedron","Shuriken","Orrery","Bottled Tornado"],"potions_floor_usage":[18],"damage_taken":[{"damage":0.0,"enemies":"Cultist","floor":1.0,"turns":1.0},{"damage":0.0,"enemies":"2 Louse","floor":3.0,"turns":1.0},{"damage":0.0,"enemies":"Jaw Worm","floor":5.0,"turns":1.0},{"damage":9.0,"enemies":"3 Sentries","floor":7.0,"turns":7.0},{"damage":14.0,"enemies":"3 Louse","floor":8.0,"turns":3.0},{"damage":0.0,"enemies":"Looter","floor":10.0,"turns":3.0},{"damage":6.0,"enemies":"Blue Slaver","floor":11.0,"turns":3.0},{"damage":0.0,"enemies":"Gremlin Nob","floor":14.0,"turns":3.0},{"damage":34.0,"enemies":"The Guardian","floor":16.0,"turns":12.0},{"damage":20,"enemies":"Chosen","floor":18,"turns":4},{"damage":26,"enemies":"3 Byrds","floor":21,"turns":4},{"damage":26,"enemies":"Book of Stabbing","floor":23,"turns":4}],"seed_played":"7517572792579745143","potions_obtained":[{"floor":5.0,"key":"PowerPotion"},{"floor":8.0,"key":"Poison Potion"},{"floor":10.0,"key":"Fire Potion"},{"floor":14.0,"key":"Swift Potion"},{"floor":16.0,"key":"Strength Potion"}],"is_trial":false,"path_per_floor":["M","?","M","$","M","R","E","M","T","M","M","R","T","E","R","B",null,"M","$","?","M","?","E"],"character_chosen":"DEFECT","items_purchased":["Cold Snap","Pen Nib","Bottled Tornado","Defragment"],"campfire_rested":0,"item_purchase_floors":[4,4,19,19],"current_hp_per_floor":[64,64,64,64,64,64,55,41,41,41,35,35,35,35,35,1,54,34,34,48,22,22,0],"gold":58,"neow_bonus":"THREE_ENEMY_KILL","is_prod":false,"is_daily":false,"chose_seed":false,"campfire_upgraded":3,"win_rate":0,"timestamp":1558195140,"path_taken":["M","?","?","$","M","R","E","M","T","M","M","R","?","E","R","BOSS","M","$","?","M","?","E"],"build_version":"2019-05-07","purchased_purges":2,"victory":false,"max_hp_per_floor":[71,71,71,71,71,71,71,71,71,71,71,71,71,71,71,71,71,71,71,71,71,71,71],"card_choices":[{"not_picked":["Compile Driver","Reprogram"],"picked":"Genetic Algorithm","floor":1.0},{"not_picked":["Coolheaded","Steam"],"picked":"Ball Lightning","floor":3.0},{"not_picked":["Beam Cell","Redo"],"picked":"Steam","floor":5.0},{"not_picked":["Ball Lightning","Barrage"],"picked":"Conserve Battery","floor":7.0},{"not_picked":["Gash","Rebound","Conserve Battery"],"picked":"SKIP","floor":8.0},{"not_picked":["Cold Snap","Redo","Chaos"],"picked":"Capacitor","floor":10.0},{"not_picked":["Melter","Conserve Battery","Multi-Cast"],"picked":"Compile Driver","floor":11.0},{"not_picked":["Gash","Cold Snap","Barrage"],"picked":"Fusion","floor":14.0},{"not_picked":["Seek","Machine Learning","Core Surge"],"picked":"Hyperbeam","floor":16.0},{"not_picked":["Barrage","Storm","Capacitor"],"picked":"Defragment","floor":17.0},{"not_picked":["FTL","Stack","Beam Cell"],"picked":"BootSequence","floor":17.0},{"not_picked":["Redo","Capacitor","Cold Snap"],"picked":"Coolheaded","floor":17.0},{"not_picked":["Tempest","Beam Cell","Barrage"],"picked":"Cold Snap","floor":17.0},{"not_picked":["Beam Cell","Streamline","Storm"],"picked":"Reprogram","floor":17.0},{"not_picked":["Beam Cell","Capacitor","Redo"],"picked":"Steam Power+1","floor":18},{"not_picked":["Barrage","Turbo","Rebound","Double Energy"],"picked":"SKIP","floor":21}],"player_experience":1556233,"relics_obtained":[{"floor":7.0,"key":"The Courier"},{"floor":9.0,"key":"Question Card"},{"floor":13.0,"key":"Dodecahedron"},{"floor":14.0,"key":"Shuriken"}],"event_choices":[{"damage_healed":0.0,"max_hp_gain":0.0,"max_hp_loss":0.0,"gold_gain":275.0,"event_name":"Golden Shrine","player_choice":"Desecrate","floor":2.0,"gold_loss":0.0,"damage_taken":0.0,"cards_obtained":["Regret"]},{"damage_healed":14,"gold_gain":0,"player_choice":"Heal","damage_taken":0,"max_hp_gain":0,"max_hp_loss":0,"event_name":"The Library","floor":20,"gold_loss":0},{"damage_healed":0,"gold_gain":0,"player_choice":"Ignored","damage_taken":0,"max_hp_gain":0,"max_hp_loss":0,"event_name":"Beggar","floor":22,"gold_loss":0}],"is_beta":true,"boss_relics":[{"not_picked":["Ectoplasm","Fusion Hammer"],"picked":"Orrery"}],"items_purged_floors":[4,19],"is_endless":false,"potions_floor_spawned":[5,8,10,14,16],"killed_by":"Book of Stabbing","ascension_level":20}