{"gold_per_floor":[112,128,128,128,143,68,95,109,109,141,141,141],"floor_reached":12,"playtime":260,"items_purged":["Defend_B"],"score":150,"play_id":"a1e79cc2-e722-4ba4-a917-48d03b83941e","local_time":"20190527223648","is_ascension_mode":true,"campfire_choices":[{"data":"Zap","floor":11,"key":"SMITH"}],"neow_cost":"NONE","seed_source_timestamp":881253115214836,"circlet_count":0,"master_deck":["AscendersBane","Strike_B","Strike_B","Strike_B","Defend_B","Defend_B","Defend_B","Zap+1","Dualcast","Blizzard","Reinforced Body","Cold Snap","Defragment"],"special_seed":0,"relics":["Cracked Core","NeowsBlessing","Ancient Tea Set","Smiling Mask","Bottled Lightning"],"potions_floor_usage":[],"damage_taken":[{"damage":0.0,"enemies":"Jaw Worm","floor":1.0,"turns":1.0},{"damage":0.0,"enemies":"2 Louse","floor":2.0,"turns":1.0},{"damage":0.0,"enemies":"Cultist","floor":5.0,"turns":1.0},{"damage":38.0,"enemies":"Gremlin Nob","floor":7.0,"turns":4.0},{"damage":7.0,"enemies":"Looter","floor":8.0,"turns":4.0},{"damage":11.0,"enemies":"3 Sentries","floor":10.0,"turns":6.0},{"damage":10,"enemies":"Exordium Wildlife","floor":12,"turns":2}],"seed_played":"-5235650718574734541","potions_obtained":[{"floor":2.0,"key":"SkillPotion"},{"floor":5.0,"key":"FocusPotion"},{"floor":7.0,"key":"Explosive Potion"}],"is_trial":false,"path_per_floor":["M","M","?","?","M","$","E","M","T","E","R","M"],"character_chosen":"DEFECT","items_purchased":[],"campfire_rested":0,"item_purchase_floors":[],"current_hp_per_floor":[64,64,64,64,64,64,26,19,19,8,8,0],"gold":141,"neow_bonus":"THREE_ENEMY_KILL","is_prod":false,"is_daily":false,"chose_seed":false,"campfire_upgraded":1,"win_rate":0,"timestamp":1558989408,"path_taken":["M","M","?","?","?","$","E","M","T","E","R","M"],"build_version":"2019-01-23","purchased_purges":1,"victory":false,"max_hp_per_floor":[71,71,71,71,71,71,71,71,71,71,71,71],"card_choices":[{"not_picked":["Leap","Redo"],"picked":"Blizzard","floor":1.0},{"not_picked":["Ball Lightning","Lockon","Go for the Eyes"],"picked":"SKIP","floor":2.0},{"not_picked":["Rebound","Electrodynamics"],"picked":"Reinforced Body","floor":5.0},{"not_picked":["Hologram","Sweeping Beam","Leap"],"picked":"SKIP","floor":7.0},{"not_picked":["Consume","Gash"],"picked":"Cold Snap","floor":8.0},{"not_picked":["All For One","Stack"],"picked":"Defragment","floor":10}],"player_experience":443234,"relics_obtained":[{"floor":7.0,"key":"Ancient Tea Set"},{"floor":9.0,"key":"Smiling Mask"},{"floor":10,"key":"Bottled Lightning"}],"event_choices":[{"damage_healed":0.0,"max_hp_gain":0.0,"max_hp_loss":0.0,"gold_gain":0.0,"cards_transformed":["Strike_B"],"event_name":"Living Wall","player_choice":"Change","floor":3.0,"gold_loss":0.0,"damage_taken":0.0,"cards_obtained":["Aggregate"]},{"cards_removed":["Aggregate"],"damage_healed":0.0,"max_hp_gain":0.0,"max_hp_loss":0.0,"gold_gain":0.0,"event_name":"Purifier","player_choice":"Purged","floor":4.0,"gold_loss":0.0,"damage_taken":0.0}],"is_beta":false,"boss_relics":[],"items_purged_floors":[6],"is_endless":false,"potions_floor_spawned":[2,5,7,8],"killed_by":"Exordium Wildlife","ascension_level":14}