{"gold_per_floor":[116,127,144,162,162,162,188,188,214,224,234,262,262,34,34,129,129,143,154,172,96,112,112,112],"floor_reached":24,"playtime":12077,"items_purged":["Strike_R"],"score":210,"play_id":"ed35e4c0-8491-4eba-b23f-19caa1f74609","local_time":"20190501121650","is_ascension_mode":false,"campfire_choices":[{"floor":6,"key":"REST"},{"floor":8,"key":"REST"},{"floor":15,"key":"REST"},{"floor":23,"key":"REST"}],"neow_cost":"NONE","seed_source_timestamp":323200605382060,"circlet_count":0,"master_deck":["Strike_R","Strike_R+1","Strike_R+1","Strike_R","Defend_R","Defend_R","Defend_R","Defend_R","Bash","Forethought","Corruption","Flex","Flex","Shockwave","Heavy Blade","Flex","Perfected Strike","Evolve","Deep Breath","Barricade","Heavy Blade","Entrench","Evolve","Rage"],"relics":["Burning Blood","Bag of Marbles","Whetstone","Ancient Tea Set","Question Card","Runic Dome"],"potions_floor_usage":[3,11,12,16,16,16,16,18,20,22],"damage_taken":[{"damage":18,"enemies":"Jaw Worm","floor":1,"turns":5},{"damage":6,"enemies":"Cultist","floor":2,"turns":3},{"damage":7,"enemies":"2 Louse","floor":3,"turns":3},{"damage":35,"enemies":"Exordium Thugs","floor":4,"turns":7},{"damage":40,"enemies":"Lagavulin","floor":7,"turns":7},{"damage":11,"enemies":"Large Slime","floor":10,"turns":6},{"damage":0,"enemies":"Blue Slaver","floor":11,"turns":1},{"damage":34,"enemies":"3 Sentries","floor":12,"turns":11},{"damage":53,"enemies":"The Guardian","floor":16,"turns":11},{"damage":34,"enemies":"Spheric Guardian","floor":18,"turns":5},{"damage":7,"enemies":"Chosen","floor":19,"turns":6},{"damage":32,"enemies":"Snake Plant","floor":20,"turns":5},{"damage":23,"enemies":"Cultist and Chosen","floor":22,"turns":7},{"damage":42,"enemies":"Shelled Parasite and Fungi","floor":24,"turns":5}],"seed_played":"-1343519800219541661","potions_obtained":[{"floor":2,"key":"Ancient Potion"},{"floor":7,"key":"Weak Potion"},{"floor":10,"key":"AttackPotion"},{"floor":13,"key":"EntropicBrew"},{"floor":13,"key":"SkillPotion"},{"floor":13,"key":"SteroidPotion"},{"floor":18,"key":"Explosive Potion"}],"is_trial":false,"path_per_floor":["M","M","M","M","?","R","E","R","T","M","M","E","?","$","R","B",null,"M","M","M","$","M","R","M"],"character_chosen":"IRONCLAD","items_purchased":["Evolve","Deep Breath","Rage"],"campfire_rested":4,"item_purchase_floors":[14,14,21],"current_hp_per_floor":[68,68,67,38,35,59,25,49,49,44,50,22,22,22,46,14,80,52,51,25,25,16,40,0],"gold":112,"neow_bonus":"RANDOM_COLORLESS","is_prod":false,"is_daily":false,"chose_seed":false,"campfire_upgraded":0,"win_rate":0.0,"timestamp":1556727410,"path_taken":["M","M","M","M","?","R","E","R","T","M","M","E","?","$","R","BOSS","M","?","M","$","M","R","M"],"build_version":"2019-01-23","purchased_purges":1,"victory":false,"max_hp_per_floor":[80,80,80,80,80,80,80,80,80,80,80,80,80,80,80,80,80,80,80,80,80,80,80,80],"card_choices":[{"not_picked":["Battle Trance","Anger"],"picked":"Corruption","floor":1},{"not_picked":["Shrug It Off","Twin Strike"],"picked":"Flex","floor":2},{"not_picked":["Spot Weakness","Battle Trance"],"picked":"Flex","floor":3},{"not_picked":["Shrug It Off","Clothesline"],"picked":"Shockwave","floor":4},{"not_picked":["Clash","Havoc","Pommel Strike"],"picked":"SKIP","floor":7},{"not_picked":["Sword Boomerang","Exhume"],"picked":"Heavy Blade","floor":10},{"not_picked":["Rage","Power Through"],"picked":"Flex","floor":11},{"not_picked":["Anger","Exhume"],"picked":"Perfected Strike","floor":12},{"not_picked":["Double Tap","Offering","Reaper"],"picked":"Barricade","floor":16},{"not_picked":["Cleave","Disarm+1","Clothesline"],"picked":"Heavy Blade","floor":18},{"not_picked":["Second Wind","Bloodletting+1","Headbutt"],"picked":"Entrench","floor":19},{"not_picked":["Sword Boomerang+1","Corruption","Cleave"],"picked":"Evolve","floor":20},{"not_picked":["Warcry","Shrug It Off","Wild Strike","Clothesline"],"picked":"SKIP","floor":22}],"player_experience":76810,"relics_obtained":[{"floor":7,"key":"Whetstone"},{"floor":9,"key":"Ancient Tea Set"},{"floor":12,"key":"Question Card"}],"event_choices":[{"damage_healed":0,"gold_gain":0,"player_choice":"Success","damage_taken":3,"relics_obtained":["Bag of Marbles"],"max_hp_gain":0,"max_hp_loss":0,"event_name":"Scrap Ooze","floor":5,"gold_loss":0},{"damage_healed":0,"gold_gain":0,"player_choice":"Got Potions","damage_taken":0,"max_hp_gain":0,"max_hp_loss":0,"event_name":"Lab","floor":13,"gold_loss":0}],"is_beta":false,"boss_relics":[{"not_picked":["Coffee Dripper","Sozu"],"picked":"Runic Dome"}],"items_purged_floors":[14],"is_endless":false,"potions_floor_spawned":[2,7,10,18],"killed_by":"Shelled Parasite and Fungi","ascension_level":0}