{"gold_per_floor":[109,125,136,22,22,22,41,41,119,145,145,183,183,218,218,218],"floor_reached":16,"playtime":464,"items_purged":["Defend_B"],"score":236,"play_id":"f62af37f-6df8-4b40-a460-2128418ceb42","local_time":"20190522173728","is_ascension_mode":true,"campfire_choices":[{"data":"Loop","floor":6,"key":"SMITH"},{"data":"Static Discharge","floor":8,"key":"SMITH"},{"data":"Rebound","floor":13,"key":"SMITH"},{"floor":15,"key":"REST"}],"neow_cost":"NONE","seed_source_timestamp":13368690198381,"circlet_count":0,"master_deck":["AscendersBane","Strike_B","Strike_B","Strike_B","Strike_B","Defend_B","Defend_B","Defend_B","Zap+1","Dualcast","Static Discharge+1","Conserve Battery","Undo","Loop+1","Glacier","Rebound+1","Coolheaded"],"relics":["Cracked Core","Ornamental Fan","Dream Catcher","Golden Idol","Turnip","Peace Pipe"],"potions_floor_usage":[7,12],"damage_taken":[{"damage":11,"enemies":"2 Louse","floor":1,"turns":2},{"damage":6,"enemies":"Small Slimes","floor":2,"turns":3},{"damage":2,"enemies":"Jaw Worm","floor":3,"turns":3},{"damage":13,"enemies":"Exordium Thugs","floor":7,"turns":5},{"damage":10,"enemies":"Lagavulin","floor":10,"turns":6},{"damage":7,"enemies":"3 Sentries","floor":12,"turns":10},{"damage":16,"enemies":"Lagavulin","floor":14,"turns":8},{"damage":27,"enemies":"The Guardian","floor":16,"turns":9}],"seed_played":"6585381359411290898","potions_obtained":[{"floor":1,"key":"Block Potion"},{"floor":7,"key":"FocusPotion"},{"floor":12,"key":"SkillPotion"}],"is_trial":false,"path_per_floor":["M","M","M","$","?","R","M","R","T","E","?","E","R","E","R","B"],"character_chosen":"DEFECT","items_purchased":["Loop"],"campfire_rested":1,"item_purchase_floors":[4],"current_hp_per_floor":[53,47,45,45,50,50,37,37,37,27,27,20,20,4,24,0],"gold":218,"neow_bonus":"UPGRADE_CARD","is_prod":false,"is_daily":false,"chose_seed":false,"campfire_upgraded":3,"win_rate":0,"timestamp":1558539448,"path_taken":["M","M","M","$","?","R","M","R","T","E","?","E","R","E","R","BOSS"],"build_version":"2019-05-07","purchased_purges":1,"victory":false,"max_hp_per_floor":[71,71,71,71,76,76,76,76,76,76,69,69,69,69,69,69],"card_choices":[{"not_picked":["Melter","Turbo"],"picked":"Static Discharge","floor":1},{"not_picked":["Force Field","Compile Driver"],"picked":"Conserve Battery","floor":2},{"not_picked":["Beam Cell","Double Energy"],"picked":"Undo","floor":3},{"not_picked":["Streamline","Turbo","Conserve Battery"],"picked":"SKIP","floor":7},{"not_picked":["Fusion","Auto Shields"],"picked":"Glacier","floor":10},{"not_picked":["Auto Shields","Steam Power"],"picked":"Rebound","floor":12},{"not_picked":["Stack","Beam Cell","Streamline"],"picked":"SKIP","floor":14},{"not_picked":["Go for the Eyes","Fusion"],"picked":"Coolheaded","floor":15}],"player_experience":1589554,"relics_obtained":[{"floor":9,"key":"Ornamental Fan"},{"floor":10,"key":"Dream Catcher"},{"floor":12,"key":"Turnip"},{"floor":14,"key":"Peace Pipe"}],"event_choices":[{"damage_healed":0,"gold_gain":0,"player_choice":"Donut","damage_taken":0,"max_hp_gain":5,"max_hp_loss":0,"event_name":"Big Fish","floor":5,"gold_loss":0},{"damage_healed":0,"gold_gain":0,"player_choice":"Lose Max HP","damage_taken":0,"relics_obtained":["Golden Idol"],"max_hp_gain":0,"max_hp_loss":7,"event_name":"Golden Idol","floor":11,"gold_loss":0}],"is_beta":true,"boss_relics":[],"items_purged_floors":[4],"is_endless":false,"potions_floor_spawned":[1,7,12],"killed_by":"The Guardian","ascension_level":20}