{"gold_per_floor":[113,113,133,149,26,52,52,377,377,377,377,377,387,417,417,516,516,534,597,104,154,170,170,196,196,243,272,284,165,185,204,204,302,302,314,364,375,207,281,281,231,257,257,271,290,134,134,168,168,168,168,168,13,47,47],"floor_reached":55,"playtime":2257,"items_purged":["Defend_R","Strike_R","Strike_R","Strike_R","Defend_R"],"score":1391,"play_id":"b162308d-b5b8-4c99-b96a-5de21840c372","local_time":"20190323002240","is_ascension_mode":true,"campfire_choices":[{"data":"Corruption","floor":7,"key":"SMITH"},{"data":"Bash","floor":10,"key":"SMITH"},{"data":"Clothesline","floor":12,"key":"SMITH"},{"data":"Flex","floor":15,"key":"SMITH"},{"data":"Bludgeon","floor":23,"key":"SMITH"},{"data":"Dark Embrace","floor":25,"key":"SMITH"},{"data":"Flex","floor":32,"key":"SMITH"},{"floor":40,"key":"RECALL"},{"data":"Clash","floor":47,"key":"SMITH"},{"data":"Clash","floor":49,"key":"SMITH"},{"data":"Clash","floor":52,"key":"SMITH"}],"neow_cost":"NONE","seed_source_timestamp":167701852649490,"circlet_count":0,"master_deck":["Defend_R","Defend_R","Bash+1","Clothesline+1","Clash+1","Clash+1","Corruption+1","Flex+1","Bludgeon+1","Clash+1","Flex+1","Flash of Steel","Ghostly+1","Ghostly","Ghostly","Ghostly","Ghostly","Dark Embrace+1","Flash of Steel","Limit Break+1","Disarm+1","Rage+1","Flex+1","Sever Soul+1","Infernal Blade+1"],"relics":["Burning Blood","Anchor","Charon\u0027s Ashes","Old Coin","The Courier","SsserpentHead","Regal Pillow","Runic Dome","Paper Frog","Strange Spoon","Incense Burner","Smiling Mask","FossilizedHelix","Coffee Dripper","Bag of Marbles","Juzu Bracelet","Kunai","Medical Kit","War Paint","ClockworkSouvenir","Blue Candle"],"potions_floor_usage":[6,6,16,18,30,33,50,55,55],"damage_taken":[{"damage":9,"enemies":"Jaw Worm","floor":1,"turns":4},{"damage":0,"enemies":"2 Louse","floor":3,"turns":3},{"damage":4,"enemies":"Cultist","floor":4,"turns":3},{"damage":0,"enemies":"Gremlin Nob","floor":6,"turns":3},{"damage":5,"enemies":"3 Sentries","floor":8,"turns":5},{"damage":0,"enemies":"2 Fungi Beasts","floor":13,"turns":2},{"damage":2,"enemies":"Gremlin Nob","floor":14,"turns":3},{"damage":56,"enemies":"The Guardian","floor":16,"turns":6},{"damage":18,"enemies":"3 Byrds","floor":18,"turns":5},{"damage":2,"enemies":"2 Thieves","floor":19,"turns":3},{"damage":0,"enemies":"Snecko","floor":22,"turns":4},{"damage":0,"enemies":"Book of Stabbing","floor":24,"turns":5},{"damage":13,"enemies":"Gremlin Leader","floor":27,"turns":4},{"damage":0,"enemies":"Centurion and Healer","floor":28,"turns":4},{"damage":1,"enemies":"Cultist and Chosen","floor":30,"turns":6},{"damage":1,"enemies":"Chosen and Byrds","floor":31,"turns":6},{"damage":0,"enemies":"Champ","floor":33,"turns":7},{"damage":0,"enemies":"3 Darklings","floor":35,"turns":5},{"damage":0,"enemies":"3 Shapes","floor":37,"turns":4},{"damage":0,"enemies":"Giant Head","floor":42,"turns":6},{"damage":0,"enemies":"3 Darklings","floor":44,"turns":5},{"damage":0,"enemies":"Maw","floor":45,"turns":5},{"damage":0,"enemies":"Nemesis","floor":48,"turns":4},{"damage":0,"enemies":"Awakened One","floor":50,"turns":10},{"damage":0,"enemies":"Shield and Spear","floor":54,"turns":4},{"damage":40,"enemies":"The Heart","floor":55,"turns":5}],"seed_played":"6354262869404856825","potions_obtained":[{"floor":1,"key":"Block Potion"},{"floor":3,"key":"LiquidBronze"},{"floor":4,"key":"GamblersBrew"},{"floor":14,"key":"SteroidPotion"},{"floor":16,"key":"AttackPotion"},{"floor":19,"key":"Swift Potion"},{"floor":24,"key":"Strength Potion"},{"floor":35,"key":"Poison Potion"},{"floor":42,"key":"EssenceOfSteel"}],"is_trial":false,"path_per_floor":["M","?","M","M","$","E","R","E","T","R","?","R","M","E","R","B",null,"M","M","$","?","M","R","E","R","T","E","M","$","M","M","R","B",null,"M","?","M","$","T","R","$","E","T","M","M","$","R","E","R","B",null,"R","$","E","B"],"character_chosen":"IRONCLAD","items_purchased":["Clash","Flash of Steel","Paper Frog","Strange Spoon","Flash of Steel","Bag of Marbles","Medical Kit","ClockworkSouvenir"],"campfire_rested":0,"item_purchase_floors":[5,20,20,20,29,38,46,53],"current_hp_per_floor":[69,66,72,74,74,80,80,80,80,80,80,80,80,80,80,30,68,56,60,60,40,40,40,40,40,40,33,39,39,40,40,40,40,40,40,40,40,40,40,40,40,40,40,40,40,40,40,40,40,40,40,40,40,40,0],"gold":47,"neow_bonus":"REMOVE_CARD","is_prod":false,"is_daily":false,"chose_seed":false,"campfire_upgraded":10,"win_rate":0,"timestamp":1553296960,"path_taken":["M","?","M","M","$","E","R","E","T","R","?","R","M","E","R","BOSS","M","?","$","?","M","R","E","R","T","E","M","$","M","M","R","BOSS","M","?","M","$","?","R","$","E","T","M","M","$","R","E","R","BOSS","R","$","E","BOSS"],"build_version":"2019-01-23","purchased_purges":5,"victory":false,"max_hp_per_floor":[80,80,80,80,80,80,80,80,80,80,80,80,80,80,80,80,80,80,80,80,40,40,40,40,40,40,40,40,40,40,40,40,40,40,40,40,40,40,40,40,40,40,40,40,40,40,40,40,40,40,40,40,40,40,40],"card_choices":[{"not_picked":["Anger","Heavy Blade"],"picked":"Clothesline","floor":1},{"not_picked":["Body Slam","Twin Strike"],"picked":"Clash","floor":3},{"not_picked":["Burning Pact","Cleave","Blood for Blood"],"picked":"SKIP","floor":4},{"not_picked":["Entrench","Sword Boomerang"],"picked":"Corruption","floor":6},{"not_picked":["Second Wind","True Grit","Heavy Blade"],"picked":"SKIP","floor":8},{"not_picked":["Cleave","Infernal Blade"],"picked":"Flex","floor":13},{"not_picked":["Juggernaut","Heavy Blade","Armaments"],"picked":"SKIP","floor":14},{"not_picked":["Berserk","Demon Form"],"picked":"Bludgeon","floor":16},{"not_picked":["Sword Boomerang","Iron Wave"],"picked":"Clash","floor":18},{"not_picked":["Bloodletting","Shrug It Off"],"picked":"Flex","floor":19},{"not_picked":["Sword Boomerang","Searing Blow+1","Flame Barrier"],"picked":"SKIP","floor":22},{"not_picked":["Sever Soul","Seeing Red"],"picked":"Dark Embrace","floor":24},{"not_picked":["Pommel Strike","Feel No Pain","Whirlwind"],"picked":"SKIP","floor":27},{"not_picked":["Body Slam","Feel No Pain+1","Heavy Blade+1"],"picked":"SKIP","floor":28},{"not_picked":["Hemokinesis","Shrug It Off","Reckless Charge"],"picked":"SKIP","floor":30},{"not_picked":["Iron Wave","Sword Boomerang","True Grit"],"picked":"SKIP","floor":31},{"not_picked":["Berserk","Reaper"],"picked":"Limit Break","floor":33},{"not_picked":["Second Wind","Thunderclap","Corruption+1"],"picked":"SKIP","floor":35},{"not_picked":["Flame Barrier+1","Armaments"],"picked":"Disarm+1","floor":37},{"not_picked":["Reckless Charge+1","Feel No Pain"],"picked":"Rage+1","floor":42},{"not_picked":["Rupture+1","Cleave","Clothesline"],"picked":"SKIP","floor":44},{"not_picked":["Shrug It Off+1","Combust"],"picked":"Flex+1","floor":45},{"not_picked":["Clothesline+1","Demon Form"],"picked":"Sever Soul+1","floor":48},{"not_picked":["Bloodletting","Iron Wave"],"picked":"Infernal Blade+1","floor":54}],"player_experience":138100,"relics_obtained":[{"floor":6,"key":"Charon\u0027s Ashes"},{"floor":8,"key":"Old Coin"},{"floor":9,"key":"The Courier"},{"floor":14,"key":"Regal Pillow"},{"floor":24,"key":"Incense Burner"},{"floor":26,"key":"Smiling Mask"},{"floor":27,"key":"FossilizedHelix"},{"floor":39,"key":"Juzu Bracelet"},{"floor":42,"key":"Kunai"},{"floor":48,"key":"War Paint"},{"floor":54,"key":"Blue Candle"}],"event_choices":[{"damage_healed":0,"gold_gain":0,"player_choice":"Success","damage_taken":3,"relics_obtained":["Anchor"],"max_hp_gain":0,"max_hp_loss":0,"event_name":"Scrap Ooze","floor":2,"gold_loss":0},{"damage_healed":0,"gold_gain":0,"player_choice":"Trade","damage_taken":0,"relics_obtained":["SsserpentHead"],"max_hp_gain":0,"max_hp_loss":0,"event_name":"FaceTrader","floor":11,"gold_loss":0},{"damage_healed":0,"gold_gain":0,"player_choice":"Became a Ghost","damage_taken":0,"max_hp_gain":0,"max_hp_loss":40,"event_name":"Ghosts","floor":21,"gold_loss":0,"cards_obtained":["Ghostly","Ghostly","Ghostly","Ghostly","Ghostly"]},{"cards_removed":["Strike_R"],"damage_healed":0,"gold_gain":0,"player_choice":"Purged","damage_taken":0,"max_hp_gain":0,"max_hp_loss":0,"event_name":"Purifier","floor":36,"gold_loss":0}],"is_beta":false,"boss_relics":[{"not_picked":["Astrolabe","Orrery"],"picked":"Runic Dome"},{"not_picked":["Runic Pyramid","Snecko Eye"],"picked":"Coffee Dripper"}],"items_purged_floors":[5,20,29,38,41],"is_endless":false,"potions_floor_spawned":[1,3,4,14,16,19,24,27,28,35,42],"killed_by":"The Heart","ascension_level":8}