{"gold_per_floor":[112,112,92,111,129,164,174,124,124,134,234,234,268,286,286,386,386,406,58,69,80,100,126,126,41,122,122,122,122,156,176,176,277,277,296,350,370,370,470,470,503,503,526,541,566,296,330,20,20,20],"floor_reached":51,"playtime":4900,"items_purged":["Bullet Time"],"score":908,"play_id":"e5f0223e-550b-42aa-879d-ffc391b5fde4","local_time":"20190306192135","is_ascension_mode":false,"campfire_choices":[{"data":"Envenom","floor":12,"key":"SMITH"},{"data":"Blade Dance","floor":15,"key":"SMITH"},{"floor":24,"key":"REST"},{"data":"Tactician","floor":27,"key":"SMITH"},{"data":"Neutralize","floor":32,"key":"SMITH"},{"data":"Impatience","floor":40,"key":"SMITH"},{"data":"Acrobatics","floor":49,"key":"SMITH"}],"neow_cost":"NONE","seed_source_timestamp":413729972653226,"circlet_count":0,"master_deck":["Defend_G","Defend_G","Defend_G","Defend_G","Survivor","Neutralize+1","Deadly Poison","PiercingWail","Envenom+1","Backstab","Blade Dance+1","Noxious Fumes+1","Crippling Poison","Bullet Time","A Thousand Cuts+1","Acrobatics+1","Footwork+1","Tactician+1","Bite","Bite","Bite","Bite","Bite","Adrenaline","Infinite Blades+1","Quick Slash+1","Impatience+1","Quick Slash","Acrobatics+1"],"relics":["Ring of the Snake","Question Card","Frozen Egg 2","Matryoshka","Runic Pyramid","DollysMirror","Tough Bandages","Boot","Bag of Preparation","Ninja Scroll","Gambling Chip","Dodecahedron","HoveringKite","The Specimen","Incense Burner","Bronze Scales","Ornamental Fan","Lantern","Darkstone Periapt","Snake Skull","StoneCalendar","Gremlin Horn"],"potions_floor_usage":[7,16,18,21,23,36,37,41,41,50,50],"damage_taken":[{"damage":0,"enemies":"Jaw Worm","floor":1,"turns":3},{"damage":0,"enemies":"Cultist","floor":4,"turns":3},{"damage":3,"enemies":"Small Slimes","floor":5,"turns":3},{"damage":24,"enemies":"Lagavulin","floor":6,"turns":10},{"damage":5,"enemies":"Blue Slaver","floor":7,"turns":6},{"damage":14,"enemies":"Large Slime","floor":10,"turns":10},{"damage":16,"enemies":"3 Sentries","floor":13,"turns":13},{"damage":0,"enemies":"Exordium Wildlife","floor":14,"turns":3},{"damage":6,"enemies":"The Guardian","floor":16,"turns":9},{"damage":1,"enemies":"3 Byrds","floor":18,"turns":4},{"damage":8,"enemies":"Spheric Guardian","floor":20,"turns":4},{"damage":14,"enemies":"Chosen and Byrds","floor":21,"turns":8},{"damage":4,"enemies":"3 Cultists","floor":22,"turns":5},{"damage":27,"enemies":"Gremlin Leader","floor":23,"turns":7},{"damage":0,"enemies":"Slavers","floor":30,"turns":2},{"damage":0,"enemies":"Shelled Parasite and Fungi","floor":31,"turns":3},{"damage":20,"enemies":"Automaton","floor":33,"turns":9},{"damage":8,"enemies":"3 Darklings","floor":35,"turns":5},{"damage":1,"enemies":"2 Orb Walkers","floor":36,"turns":5},{"damage":0,"enemies":"3 Shapes","floor":37,"turns":3},{"damage":0,"enemies":"Mind Bloom Boss Battle","floor":39,"turns":4},{"damage":8,"enemies":"Giant Head","floor":41,"turns":7},{"damage":5,"enemies":"Spire Growth","floor":44,"turns":4},{"damage":0,"enemies":"Reptomancer","floor":45,"turns":4},{"damage":0,"enemies":"Giant Head","floor":47,"turns":6},{"damage":0,"enemies":"Donu and Deca","floor":50,"turns":6}],"seed_played":"5929830443548637115","potions_obtained":[{"floor":3,"key":"Poison Potion"},{"floor":4,"key":"Swift Potion"},{"floor":6,"key":"Weak Potion"},{"floor":10,"key":"SteroidPotion"},{"floor":14,"key":"SkillPotion"},{"floor":16,"key":"FearPotion"},{"floor":18,"key":"PowerPotion"},{"floor":22,"key":"FearPotion"},{"floor":23,"key":"Explosive Potion"},{"floor":30,"key":"Block Potion"},{"floor":36,"key":"Explosive Potion"},{"floor":39,"key":"FearPotion"},{"floor":41,"key":"Swift Potion"},{"floor":45,"key":"SmokeBomb"}],"is_trial":false,"path_per_floor":["M","?","?","M","M","E","M","?","T","M","?","R","E","M","R","B",null,"M","$","M","M","M","E","R","?","T","R","?","?","E","M","R","B",null,"M","?","M","?","?","R","E","?","T","M","E","$","E","$","R","B",null],"character_chosen":"THE_SILENT","items_purchased":["DollysMirror","A Thousand Cuts+1","Acrobatics","Snake Skull","Gremlin Horn","AttackPotion"],"campfire_rested":1,"item_purchase_floors":[19,19,46,46,48,48],"current_hp_per_floor":[77,77,77,77,74,50,45,45,45,31,31,31,15,15,15,9,77,76,76,68,54,50,23,46,46,46,46,46,46,50,53,53,47,53,53,52,53,53,53,53,51,51,51,53,53,53,53,53,53,53],"gold":20,"neow_bonus":"TEN_PERCENT_HP_BONUS","is_prod":false,"is_daily":false,"chose_seed":false,"campfire_upgraded":6,"win_rate":0.0,"timestamp":1551896495,"path_taken":["M","?","?","M","M","E","?","?","T","M","?","R","E","M","R","BOSS","M","$","?","M","M","E","R","?","T","R","?","?","E","M","R","BOSS","M","?","M","?","?","R","E","?","T","M","E","$","E","$","R","BOSS"],"build_version":"2019-01-23","purchased_purges":1,"victory":true,"max_hp_per_floor":[77,77,77,77,77,77,77,77,77,77,77,77,77,77,77,77,77,77,77,77,77,77,77,77,77,77,77,53,53,53,53,53,53,53,53,53,53,53,53,53,53,53,53,53,53,53,53,53,53,53],"card_choices":[{"not_picked":["Quick Slash","Poisoned Stab"],"picked":"Deadly Poison","floor":1},{"not_picked":["Flying Knee","Outmaneuver"],"picked":"PiercingWail","floor":4},{"not_picked":["Tactician","Crippling Poison"],"picked":"Envenom","floor":5},{"not_picked":["Choke","Predator","Glass Knife"],"picked":"SKIP","floor":6},{"not_picked":["Predator","Underhanded Strike","Tactician"],"picked":"Backstab","floor":7},{"not_picked":["Crippling Poison","Slice","Tactician"],"picked":"Blade Dance","floor":10},{"not_picked":["Venomology","Deadly Poison","Flying Knee"],"picked":"Noxious Fumes+1","floor":13},{"not_picked":["Heel Hook","Dagger Spray","Eviscerate"],"picked":"Crippling Poison","floor":14},{"not_picked":["Unload","A Thousand Cuts+1","Envenom+1"],"picked":"Bullet Time","floor":16},{"not_picked":["Expertise","Well Laid Plans+1","Deflect","Reflex"],"picked":"SKIP","floor":18},{"not_picked":["Quick Slash+1","Finisher","Slice"],"picked":"Acrobatics+1","floor":20},{"not_picked":["Predator","Well Laid Plans+1","Flying Knee+1"],"picked":"Footwork+1","floor":21},{"not_picked":["Tactician","Dagger Spray","Predator","Heel Hook"],"picked":"SKIP","floor":22},{"not_picked":["Crippling Poison","All Out Attack","Reflex+1"],"picked":"Tactician","floor":23},{"not_picked":["Blur","Backstab","Dagger Spray+1","Wraith Form v2+1"],"picked":"SKIP","floor":30},{"not_picked":["Tactician","All Out Attack","Endless Agony","Poisoned Stab+1"],"picked":"SKIP","floor":31},{"not_picked":["Doppelganger","Die Die Die","Wraith Form v2+1"],"picked":"Adrenaline","floor":33},{"not_picked":["Slice","Terror+1","Crippling Poison"],"picked":"Infinite Blades+1","floor":35},{"not_picked":["Endless Agony+1","Dagger Throw","Crippling Poison"],"picked":"Quick Slash+1","floor":37},{"not_picked":["Flash of Steel","Trip","Chrysalis"],"picked":"Impatience","floor":38},{"not_picked":["Deflect+1","Blade Dance+1","Choke"],"picked":"Quick Slash","floor":39},{"not_picked":["PiercingWail","Sucker Punch","Prepared","Dagger Spray"],"picked":"SKIP","floor":41},{"not_picked":["Caltrops+1","Burst","Well Laid Plans+1","Dagger Throw"],"picked":"SKIP","floor":44},{"not_picked":["Distraction+1","Dodge and Roll","Bouncing Flask","Crippling Poison"],"picked":"SKIP","floor":45},{"not_picked":["PiercingWail","All Out Attack+1","After Image+1","Sucker Punch+1"],"picked":"SKIP","floor":47}],"player_experience":5351,"relics_obtained":[{"floor":6,"key":"Question Card"},{"floor":9,"key":"Frozen Egg 2"},{"floor":13,"key":"Matryoshka"},{"floor":23,"key":"Tough Bandages"},{"floor":26,"key":"Bag of Preparation"},{"floor":26,"key":"Ninja Scroll"},{"floor":30,"key":"Dodecahedron"},{"floor":36,"key":"The Specimen"},{"floor":39,"key":"Incense Burner"},{"floor":41,"key":"Bronze Scales"},{"floor":43,"key":"Ornamental Fan"},{"floor":43,"key":"Lantern"},{"floor":45,"key":"Darkstone Periapt"},{"floor":47,"key":"StoneCalendar"}],"event_choices":[{"cards_removed":["Strike_G"],"damage_healed":0,"gold_gain":0,"player_choice":"Forget","damage_taken":0,"max_hp_gain":0,"max_hp_loss":0,"event_name":"Living Wall","floor":2,"gold_loss":0},{"damage_healed":0,"gold_gain":0,"player_choice":"Bought 1 Potion","damage_taken":0,"max_hp_gain":0,"max_hp_loss":0,"event_name":"The Woman in Blue","floor":3,"gold_loss":0},{"cards_removed":["Strike_G"],"damage_healed":0,"gold_gain":0,"player_choice":"Card Removal","damage_taken":0,"max_hp_gain":0,"max_hp_loss":0,"event_name":"The Cleric","floor":8,"gold_loss":50},{"damage_healed":0,"gold_gain":100,"player_choice":"Pray","damage_taken":0,"max_hp_gain":0,"max_hp_loss":0,"event_name":"Golden Shrine","floor":11,"gold_loss":0},{"damage_healed":0,"gold_gain":0,"player_choice":"Obtained Relic","damage_taken":0,"relics_obtained":["Boot"],"max_hp_gain":0,"max_hp_loss":0,"event_name":"Addict","floor":25,"gold_loss":85},{"damage_healed":0,"gold_gain":0,"player_choice":"Became a vampire","damage_taken":0,"max_hp_gain":0,"max_hp_loss":24,"event_name":"Vampires","floor":28,"gold_loss":0,"cards_obtained":["Bite","Bite","Bite","Bite","Bite"]},{"damage_healed":0,"gold_gain":0,"player_choice":"Opened","damage_taken":0,"relics_obtained":["Gambling Chip"],"max_hp_gain":0,"max_hp_loss":0,"event_name":"The Mausoleum","floor":29,"gold_loss":0},{"damage_healed":0,"gold_gain":0,"player_choice":"Fight","damage_taken":0,"max_hp_gain":0,"max_hp_loss":0,"event_name":"Mysterious Sphere","floor":36,"gold_loss":0},{"damage_healed":0,"gold_gain":0,"player_choice":"Memory 1","damage_taken":0,"max_hp_gain":0,"max_hp_loss":0,"event_name":"SensoryStone","floor":38,"gold_loss":0},{"damage_healed":0,"gold_gain":0,"player_choice":"Fight","damage_taken":0,"max_hp_gain":0,"max_hp_loss":0,"event_name":"MindBloom","floor":39,"gold_loss":0},{"cards_removed":["Defend_G"],"damage_healed":0,"gold_gain":0,"player_choice":"Removed Skill","damage_taken":0,"max_hp_gain":0,"max_hp_loss":0,"event_name":"Falling","floor":42,"gold_loss":0}],"is_beta":false,"boss_relics":[{"not_picked":["Orrery","Coffee Dripper"],"picked":"Runic Pyramid"},{"not_picked":["Fusion Hammer","Runic Dome"],"picked":"HoveringKite"}],"items_purged_floors":[46],"is_endless":false,"potions_floor_spawned":[4,6,10,14,16,18,22,23,30,36,39,41,45],"ascension_level":0}