{"gold_per_floor":[214,229,304,320,13,13,13,42,42,42,42,77,77,48,48,121,121,139,39,35,51,101,101,135,145,145,162,173,173,93,106,106,185,185,201,201,211,231,231,231,257,257,257,257,257,268,268,278,278,278],"floor_reached":50,"playtime":2592,"items_purged":["Strike_B","Strike_B"],"score":1075,"play_id":"00e6c018-5e37-40ab-9e69-26b3330ba7e6","local_time":"20190602004913","is_ascension_mode":true,"campfire_choices":[{"data":"Defragment","floor":6,"key":"SMITH"},{"data":"Defragment","floor":10,"key":"SMITH"},{"data":"Coolheaded","floor":15,"key":"SMITH"},{"data":"Hologram","floor":23,"key":"SMITH"},{"data":"Fission","floor":29,"key":"SMITH"},{"floor":32,"key":"REST"},{"floor":40,"key":"REST"},{"floor":44,"key":"REST"},{"floor":47,"key":"REST"},{"floor":49,"key":"REST"}],"neow_cost":"NONE","seed_source_timestamp":1273234883982,"circlet_count":0,"master_deck":["AscendersBane","Defend_B","Defend_B","Zap","Dualcast","Rip and Tear","Coolheaded+1","Defragment+1","Defragment+1","Cold Snap","Glacier","Compile Driver","Static Discharge+1","Hologram+1","Fission+1","Darkness","Genetic Algorithm","Defragment+1","Defragment+1","Buffer+1","Multi-Cast+1","Hyperbeam+1","Chaos+1","Defragment+1","Loop+1","Decay"],"relics":["Cracked Core","Oddly Smooth Stone","Emotion Chip","Cables","Ornamental Fan","Sozu","Frozen Egg 2","Unceasing Top","Astrolabe","Orichalcum","Kunai"],"potions_floor_usage":[8,21],"damage_taken":[{"damage":7,"enemies":"Jaw Worm","floor":1,"turns":3},{"damage":7,"enemies":"2 Louse","floor":2,"turns":2},{"damage":0,"enemies":"Cultist","floor":4,"turns":3},{"damage":20,"enemies":"3 Sentries","floor":8,"turns":9},{"damage":2,"enemies":"Lagavulin","floor":12,"turns":5},{"damage":16,"enemies":"Hexaghost","floor":16,"turns":11},{"damage":0,"enemies":"Chosen","floor":18,"turns":6},{"damage":0,"enemies":"2 Thieves","floor":20,"turns":4},{"damage":7,"enemies":"Shelled Parasite and Fungi","floor":21,"turns":11},{"damage":20,"enemies":"Gremlin Leader","floor":24,"turns":9},{"damage":0,"enemies":"Sentry and Sphere","floor":25,"turns":10},{"damage":1,"enemies":"Cultist and Chosen","floor":27,"turns":13},{"damage":13,"enemies":"3 Cultists","floor":28,"turns":5},{"damage":0,"enemies":"Chosen and Byrds","floor":31,"turns":7},{"damage":12,"enemies":"Champ","floor":33,"turns":10},{"damage":15,"enemies":"3 Shapes","floor":35,"turns":5},{"damage":0,"enemies":"Orb Walker","floor":37,"turns":4},{"damage":11,"enemies":"Spire Growth","floor":38,"turns":5},{"damage":53,"enemies":"Giant Head","floor":41,"turns":9},{"damage":0,"enemies":"Maw","floor":46,"turns":5},{"damage":20,"enemies":"Jaw Worm Horde","floor":48,"turns":7},{"damage":59,"enemies":"Awakened One","floor":50,"turns":10}],"seed_played":"-4248470939650737694","potions_obtained":[{"floor":1,"key":"GamblersBrew"},{"floor":4,"key":"Regen Potion"}],"is_trial":false,"path_per_floor":["M","M","?","M","$","R","?","E","T","R","$","E","?","$","R","B",null,"M","$","M","M","?","R","E","M","T","M","M","R","$","M","R","B",null,"M","?","M","M","?","R","E","?","T","R","?","M","R","M","R","B"],"character_chosen":"DEFECT","items_purchased":["Defragment","Oddly Smooth Stone","Cold Snap","Defragment+1"],"campfire_rested":5,"item_purchase_floors":[5,5,14,30],"current_hp_per_floor":[57,50,39,39,39,39,44,39,39,39,39,37,37,37,37,21,62,62,62,62,55,55,55,35,35,35,34,21,21,21,21,43,31,65,50,50,50,39,39,61,8,8,8,30,30,30,52,32,54,0],"gold":278,"neow_bonus":"HUNDRED_GOLD","is_prod":false,"is_daily":false,"chose_seed":false,"campfire_upgraded":5,"win_rate":0,"timestamp":1559429353,"path_taken":["M","M","?","M","$","R","?","E","T","R","?","E","?","$","R","BOSS","M","$","M","?","?","R","E","M","T","?","M","R","?","M","R","BOSS","M","?","?","M","?","R","E","?","T","R","?","?","R","M","R","BOSS"],"build_version":"2019-05-31","purchased_purges":2,"victory":false,"max_hp_per_floor":[71,71,71,71,71,71,76,76,76,76,76,76,76,76,76,76,76,76,76,76,76,76,76,76,76,76,76,76,76,76,76,76,76,76,76,76,76,76,76,76,76,76,76,76,76,76,76,76,76,76],"card_choices":[{"not_picked":["Turbo","Fusion"],"picked":"Rip and Tear","floor":1},{"not_picked":["Recycle","Beam Cell"],"picked":"Coolheaded","floor":2},{"not_picked":["Chaos","Hologram"],"picked":"Conserve Battery","floor":4},{"not_picked":["Beam Cell","Doom and Gloom"],"picked":"Defragment","floor":8},{"not_picked":["Steam","Lockon","Recycle"],"picked":"SKIP","floor":12},{"not_picked":["Seek","Amplify"],"picked":"Glacier","floor":16},{"not_picked":["Streamline","Turbo"],"picked":"Compile Driver","floor":18},{"not_picked":["Beam Cell","Leap"],"picked":"Static Discharge+1","floor":20},{"not_picked":["Barrage","Reprogram"],"picked":"Hologram","floor":21},{"not_picked":["Chill+1","Turbo"],"picked":"Fission","floor":24},{"not_picked":["Consume","Double Energy"],"picked":"Darkness","floor":25},{"not_picked":["Stack","Redo"],"picked":"Genetic Algorithm","floor":27},{"not_picked":["Coolheaded","Turbo"],"picked":"Defragment+1","floor":28},{"not_picked":["Tempest","White Noise","Sunder"],"picked":"SKIP","floor":31},{"not_picked":["Fission","All For One"],"picked":"Buffer+1","floor":33},{"not_picked":["Gash","Fusion"],"picked":"Defragment+1","floor":35},{"not_picked":["Hologram","Lockon+1","Go for the Eyes"],"picked":"SKIP","floor":37},{"not_picked":["Gash","Undo","Streamline+1"],"picked":"SKIP","floor":38},{"not_picked":["Aggregate+1","Beam Cell"],"picked":"Loop+1","floor":41},{"not_picked":["Barrage","Rebound","Gash+1"],"picked":"SKIP","floor":46},{"not_picked":["Leap","Double Energy+1","All For One"],"picked":"SKIP","floor":48}],"player_experience":1650238,"relics_obtained":[{"floor":8,"key":"Emotion Chip"},{"floor":9,"key":"Cables"},{"floor":12,"key":"Ornamental Fan"},{"floor":24,"key":"Frozen Egg 2"},{"floor":26,"key":"Unceasing Top"},{"floor":41,"key":"Orichalcum"},{"floor":43,"key":"Kunai"}],"event_choices":[{"damage_healed":0,"gold_gain":75,"player_choice":"Gather Gold","damage_taken":11,"max_hp_gain":0,"max_hp_loss":0,"event_name":"World of Goop","floor":3,"gold_loss":0},{"damage_healed":0,"gold_gain":0,"player_choice":"Donut","damage_taken":0,"max_hp_gain":5,"max_hp_loss":0,"event_name":"Big Fish","floor":7,"gold_loss":0},{"cards_removed":["Strike_B"],"damage_healed":0,"gold_gain":0,"player_choice":"Offered Basic","damage_taken":0,"max_hp_gain":0,"max_hp_loss":0,"event_name":"Bonfire Elementals","floor":13,"gold_loss":0},{"damage_healed":0,"gold_gain":100,"player_choice":"Bet on Murderer","damage_taken":0,"max_hp_gain":0,"max_hp_loss":0,"event_name":"The Joust","floor":22,"gold_loss":50},{"damage_healed":0,"gold_gain":0,"player_choice":"Ignored","damage_taken":0,"max_hp_gain":0,"max_hp_loss":0,"event_name":"SecretPortal","floor":36,"gold_loss":0},{"cards_removed":["Conserve Battery"],"damage_healed":0,"gold_gain":0,"player_choice":"Removed Skill","damage_taken":0,"max_hp_gain":0,"max_hp_loss":0,"event_name":"Falling","floor":39,"gold_loss":0},{"damage_healed":0,"gold_gain":0,"player_choice":"Ignored","damage_taken":0,"max_hp_gain":0,"max_hp_loss":0,"event_name":"Tomb of Lord Red Mask","floor":42,"gold_loss":0},{"damage_healed":0,"gold_gain":0,"player_choice":"Cursed","damage_taken":0,"max_hp_gain":0,"max_hp_loss":0,"event_name":"Wheel of Change","floor":45,"gold_loss":0,"cards_obtained":["Decay"]}],"is_beta":true,"boss_relics":[{"not_picked":["Black Star","Calling Bell"],"picked":"Sozu"},{"not_picked":["Orrery","Tiny House"],"picked":"Astrolabe"}],"items_purged_floors":[5,19],"is_endless":false,"potions_floor_spawned":[1,4,20,21,25,27,38,46],"killed_by":"Awakened One","ascension_level":20}