{"gold_per_floor":[109,109,135,152,171,198,209,219,299,6,18,40,40,215,215,215],"floor_reached":16,"playtime":1005,"items_purged":[],"score":128,"play_id":"981e5a4f-8e69-4fa6-abb5-5b608f4ede0f","local_time":"20190504142908","is_ascension_mode":true,"campfire_choices":[{"floor":13,"key":"REST"},{"floor":15,"key":"REST"}],"neow_cost":"NONE","seed_source_timestamp":0,"circlet_count":0,"master_deck":["Defend_G","Defend_G","Defend_G","Defend_G","Defend_G","Strike_G","Strike_G","Strike_G","Strike_G","Strike_G","Survivor","Neutralize","Finisher+1","Blade Dance","Poisoned Stab","Blade Dance","Bane","Cloak And Dagger","Doubt"],"special_seed":0,"relics":["Ring of the Snake","Snake Skull","WingedGreaves","Frozen Egg 2","Incense Burner","Odd Mushroom"],"potions_floor_usage":[16],"damage_taken":[{"damage":0.0,"enemies":"Jaw Worm","floor":1.0,"turns":5.0},{"damage":0.0,"enemies":"2 Louse","floor":4.0,"turns":2.0},{"damage":0.0,"enemies":"Cultist","floor":5.0,"turns":2.0},{"damage":42.0,"enemies":"3 Sentries","floor":6.0,"turns":11.0},{"damage":11.0,"enemies":"Red Slaver","floor":7.0,"turns":4.0},{"damage":0.0,"enemies":"2 Fungi Beasts","floor":8.0,"turns":3.0},{"damage":3.0,"enemies":"Blue Slaver","floor":11.0,"turns":4.0},{"damage":8,"enemies":"The Mushroom Lair","floor":12,"turns":5},{"damage":61,"enemies":"The Guardian","floor":16,"turns":8}],"seed_played":"-3308149594022544390","potions_obtained":[{"floor":1.0,"key":"SkillPotion"},{"floor":11.0,"key":"LiquidBronze"}],"is_trial":false,"path_per_floor":["M","?","T","M","M","E","M","M","T","$","M","?","R","?","R","B"],"character_chosen":"THE_SILENT","items_purchased":["Incense Burner"],"campfire_rested":2,"item_purchase_floors":[10],"current_hp_per_floor":[77,77,77,77,77,35,24,24,24,24,21,13,36,36,59,0],"gold":215,"neow_bonus":"TEN_PERCENT_HP_BONUS","is_prod":false,"is_daily":false,"chose_seed":false,"campfire_upgraded":0,"win_rate":0,"timestamp":1557005348,"path_taken":["M","?","?","?","M","E","M","M","T","$","M","?","R","?","R","BOSS"],"build_version":"2019-01-23","purchased_purges":0,"victory":false,"max_hp_per_floor":[77,77,77,77,77,77,77,77,77,77,77,77,77,77,77,77],"card_choices":[{"not_picked":["Outmaneuver","Dagger Spray"],"picked":"Finisher","floor":1.0},{"not_picked":["PiercingWail","Escape Plan"],"picked":"Blade Dance","floor":4.0},{"not_picked":["Deflect","Deadly Poison"],"picked":"Poisoned Stab","floor":5.0},{"not_picked":["PiercingWail","Underhanded Strike"],"picked":"Blade Dance","floor":6.0},{"not_picked":["Blade Dance","Deflect"],"picked":"Bane","floor":7.0},{"not_picked":["Concentrate","Finisher","Phantasmal Killer"],"picked":"SKIP","floor":8.0},{"not_picked":["Dodge and Roll","Blade Dance","Prepared"],"picked":"SKIP","floor":11.0},{"not_picked":["Acrobatics","Distraction"],"picked":"Cloak And Dagger","floor":12}],"player_experience":297284,"relics_obtained":[{"floor":3.0,"key":"Snake Skull"},{"floor":6.0,"key":"WingedGreaves"},{"floor":9.0,"key":"Frozen Egg 2"},{"floor":12,"key":"Odd Mushroom"}],"event_choices":[{"damage_healed":0.0,"max_hp_gain":0.0,"max_hp_loss":0.0,"gold_gain":0.0,"event_name":"Living Wall","player_choice":"Grow","floor":2.0,"gold_loss":0.0,"damage_taken":0.0,"cards_upgraded":["Finisher"]},{"damage_healed":0,"gold_gain":0,"player_choice":"Fought Mushrooms","damage_taken":0,"max_hp_gain":0,"max_hp_loss":0,"event_name":"Mushrooms","floor":12,"gold_loss":0},{"damage_healed":0,"gold_gain":175,"player_choice":"AGREE","damage_taken":0,"max_hp_gain":0,"max_hp_loss":0,"event_name":"Liars Game","floor":14,"gold_loss":0,"cards_obtained":["Doubt"]}],"is_beta":false,"boss_relics":[],"items_purged_floors":[],"is_endless":false,"potions_floor_spawned":[1,11],"killed_by":"The Guardian","ascension_level":5}