{"gold_per_floor":[119,44,44,44,62,62,91,191,191,203,220,249,249,249,249,349,349,362,287,106,21,39,39,66,66,66,82,106,106,123,141,141,237,237,256,1255,1270,1270,1285,1285,1304,1331,1367,760,760,788,30,41,41,41],"floor_reached":51,"playtime":2461,"items_purged":["Doubt","Strike_R","Strike_R","Defend_R"],"score":1272,"play_id":"ae331a4e-5529-4437-80ea-6980a720fbe3","local_time":"20190505215949","is_ascension_mode":true,"campfire_choices":[{"data":"Body Slam","floor":6,"key":"SMITH"},{"data":"Bash","floor":13,"key":"SMITH"},{"floor":15,"key":"REST"},{"data":"Secret Weapon","floor":23,"key":"SMITH"},{"data":"Iron Wave","floor":25,"key":"SMITH"},{"floor":32,"key":"REST"},{"floor":40,"key":"REST"},{"floor":49,"key":"REST"}],"neow_cost":"CURSE","seed_source_timestamp":1594307257171131,"circlet_count":0,"master_deck":["AscendersBane","Strike_R","Strike_R+1","Strike_R+1","Defend_R+1","Defend_R","Bash+1","Secret Weapon+1","Dark Shackles","Pommel Strike+1","Body Slam+1","Metallicize","Iron Wave+1","Dropkick","Limit Break","Finesse","Anger","Flex+1","True Grit+1","Thinking Ahead","Violence","Parasite"],"relics":["Burning Blood","Gambling Chip","Shuriken","Kunai","Busted Crown","Blue Candle","Unceasing Top","Ice Cream","Omamori","Fusion Hammer","MawBank","Centennial Puzzle","Champion Belt","NlothsMask","Ornamental Fan","HandDrill","Whetstone"],"potions_floor_usage":[12,12,22,33,42,50,50],"damage_taken":[{"damage":6,"enemies":"Cultist","floor":1,"turns":5},{"damage":3,"enemies":"Jaw Worm","floor":5,"turns":3},{"damage":39,"enemies":"3 Sentries","floor":7,"turns":12},{"damage":0,"enemies":"2 Louse","floor":10,"turns":2},{"damage":12,"enemies":"Exordium Thugs","floor":11,"turns":4},{"damage":2,"enemies":"Gremlin Nob","floor":12,"turns":3},{"damage":22,"enemies":"The Guardian","floor":16,"turns":9},{"damage":2,"enemies":"Chosen","floor":18,"turns":4},{"damage":8,"enemies":"3 Byrds","floor":22,"turns":5},{"damage":15,"enemies":"Gremlin Leader","floor":24,"turns":6},{"damage":7,"enemies":"Cultist and Chosen","floor":27,"turns":6},{"damage":8,"enemies":"Shelled Parasite and Fungi","floor":30,"turns":5},{"damage":29,"enemies":"Snecko","floor":31,"turns":5},{"damage":60,"enemies":"Collector","floor":33,"turns":8},{"damage":28,"enemies":"3 Shapes","floor":35,"turns":4},{"damage":6,"enemies":"Orb Walker","floor":37,"turns":3},{"damage":5,"enemies":"Maw","floor":39,"turns":5},{"damage":7,"enemies":"Jaw Worm Horde","floor":41,"turns":3},{"damage":0,"enemies":"Giant Head","floor":42,"turns":5},{"damage":2,"enemies":"Nemesis","floor":46,"turns":7},{"damage":17,"enemies":"Writhing Mass","floor":48,"turns":4},{"damage":38,"enemies":"Donu and Deca","floor":50,"turns":5}],"seed_played":"-4816771606935325846","potions_obtained":[{"floor":10,"key":"Energy Potion"},{"floor":11,"key":"PowerPotion"},{"floor":16,"key":"Swift Potion"},{"floor":30,"key":"SteroidPotion"},{"floor":31,"key":"BloodPotion"},{"floor":37,"key":"EssenceOfSteel"}],"is_trial":false,"path_per_floor":["M","$","$","?","M","R","E","?","T","M","M","E","R","?","R","B",null,"M","?","$","?","M","R","E","R","T","M","T","$","M","M","R","B",null,"M","?","M","?","M","R","M","E","T","$","?","E","$","M","R","B",null],"character_chosen":"IRONCLAD","items_purchased":["Finesse","Champion Belt","Thinking Ahead","HandDrill","Whetstone","Ancient Potion","Violence"],"campfire_rested":4,"item_purchase_floors":[20,44,44,47,47,47,47],"current_hp_per_floor":[72,72,72,56,59,59,26,26,26,32,26,30,30,35,60,44,75,79,79,79,79,77,77,68,68,68,67,67,67,65,42,67,21,69,47,47,47,47,48,73,72,78,78,78,78,82,82,71,85,53],"gold":41,"neow_bonus":"RANDOM_COLORLESS_2","is_prod":false,"is_daily":false,"chose_seed":false,"campfire_upgraded":4,"win_rate":0,"timestamp":1557086389,"path_taken":["M","?","$","?","M","R","E","?","T","M","?","E","R","?","R","BOSS","M","?","$","?","M","R","E","R","T","M","?","?","M","M","R","BOSS","M","?","M","?","M","R","M","E","T","$","?","E","$","?","R","BOSS"],"build_version":"2019-01-23","purchased_purges":4,"victory":true,"max_hp_per_floor":[80,80,80,80,80,80,80,80,80,80,80,80,80,85,85,85,85,85,85,85,85,85,85,85,85,85,85,85,85,85,85,85,85,85,85,85,85,85,85,85,85,85,85,85,85,85,85,85,85,85],"card_choices":[{"not_picked":["Clash","Bloodletting"],"picked":"Pommel Strike","floor":1},{"not_picked":["Wild Strike","Warcry"],"picked":"Body Slam","floor":5},{"not_picked":["Feed","Pommel Strike","Armaments"],"picked":"SKIP","floor":7},{"not_picked":["Rage","Warcry","Metallicize"],"picked":"SKIP","floor":10},{"not_picked":["Rage","Warcry"],"picked":"Metallicize","floor":10},{"not_picked":["Intimidate","Flex"],"picked":"Iron Wave","floor":11},{"not_picked":["Fire Breathing","Thunderclap"],"picked":"Dropkick","floor":12},{"not_picked":["Fiend Fire","Feed"],"picked":"Limit Break","floor":16},{"not_picked":["Rupture"],"picked":"SKIP","floor":18},{"not_picked":["Iron Wave"],"picked":"SKIP","floor":22},{"not_picked":["Cleave"],"picked":"SKIP","floor":24},{"not_picked":["Sword Boomerang"],"picked":"SKIP","floor":27},{"not_picked":[],"picked":"Anger","floor":30},{"not_picked":["Second Wind"],"picked":"SKIP","floor":31},{"not_picked":["Heavy Blade+1"],"picked":"SKIP","floor":35},{"not_picked":[],"picked":"Flex+1","floor":37},{"not_picked":["Inflame"],"picked":"SKIP","floor":39},{"not_picked":[],"picked":"True Grit+1","floor":41},{"not_picked":["Corruption+1"],"picked":"SKIP","floor":42},{"not_picked":["Uppercut+1"],"picked":"SKIP","floor":46},{"not_picked":["Cleave+1"],"picked":"SKIP","floor":48}],"player_experience":244894,"relics_obtained":[{"floor":7,"key":"Gambling Chip"},{"floor":9,"key":"Shuriken"},{"floor":12,"key":"Kunai"},{"floor":24,"key":"Unceasing Top"},{"floor":26,"key":"Ice Cream"},{"floor":28,"key":"Omamori"},{"floor":42,"key":"MawBank"},{"floor":43,"key":"Centennial Puzzle"},{"floor":46,"key":"Ornamental Fan"}],"event_choices":[{"damage_healed":0,"gold_gain":0,"player_choice":"Entered Light","damage_taken":16,"max_hp_gain":0,"max_hp_loss":0,"event_name":"Shining Light","floor":4,"gold_loss":0,"cards_upgraded":["Strike_R","Defend_R"]},{"damage_healed":0,"gold_gain":100,"player_choice":"Gold","damage_taken":0,"max_hp_gain":0,"max_hp_loss":0,"event_name":"Wheel of Change","floor":8,"gold_loss":0},{"damage_healed":0,"gold_gain":0,"player_choice":"Donut","damage_taken":0,"max_hp_gain":5,"max_hp_loss":0,"event_name":"Big Fish","floor":14,"gold_loss":0},{"cards_removed":["Defend_R"],"damage_healed":0,"gold_gain":0,"player_choice":"Gave Gold","damage_taken":0,"max_hp_gain":0,"max_hp_loss":0,"event_name":"Beggar","floor":19,"gold_loss":75},{"damage_healed":0,"gold_gain":0,"player_choice":"Obtained Relic","damage_taken":0,"relics_obtained":["Blue Candle"],"max_hp_gain":0,"max_hp_loss":0,"event_name":"Addict","floor":21,"gold_loss":85},{"damage_healed":0,"gold_gain":999,"player_choice":"Gold","damage_taken":0,"max_hp_gain":0,"max_hp_loss":0,"event_name":"MindBloom","floor":36,"gold_loss":0,"cards_obtained":["Normality","Normality"]},{"damage_healed":0,"gold_gain":0,"player_choice":"Ignored","damage_taken":0,"max_hp_gain":0,"max_hp_loss":0,"event_name":"Tomb of Lord Red Mask","floor":38,"gold_loss":0},{"damage_healed":0,"gold_gain":0,"player_choice":"Trade","damage_taken":0,"relics_obtained":["NlothsMask"],"max_hp_gain":0,"max_hp_loss":0,"event_name":"FaceTrader","floor":45,"gold_loss":0}],"is_beta":false,"boss_relics":[{"not_picked":["Astrolabe","Coffee Dripper"],"picked":"Busted Crown"},{"not_picked":["White Beast Statue","Mark of Pain"],"picked":"Fusion Hammer"}],"items_purged_floors":[2,20,44,47],"is_endless":false,"potions_floor_spawned":[10,11,16,30,31,37],"ascension_level":11}