{"gold_per_floor":[118,118,131,141,151,151,167,167,167,167,186,217,231,231,231,351,351,374,374,389,389,409,409,19,38,38,62,77,97,97,120,120,249,249,265,265,265,265,1,1,17,51,51,51,71,71,89,0,0,0],"floor_reached":51,"playtime":3859,"items_purged":["Strike_B","Strike_B"],"score":683,"play_id":"22e16d27-e966-48ac-8915-3a4f9ad1dc9d","local_time":"20180825002226","is_ascension_mode":false,"campfire_choices":[{"data":"Zap","floor":6,"key":"SMITH"},{"floor":10,"key":"REST"},{"floor":15,"key":"REST"},{"floor":23,"key":"REST"},{"floor":30,"key":"REST"},{"floor":32,"key":"REST"},{"floor":40,"key":"REST"},{"floor":44,"key":"REST"},{"floor":46,"key":"REST"},{"floor":49,"key":"REST"}],"neow_cost":"","seed_source_timestamp":429448798890380,"circlet_count":0,"master_deck":["Strike_B","Defend_B","Defend_B","Defend_B","Zap+1","Dualcast+1","Conserve Battery","Loop","Coolheaded","Coolheaded","Go for the Eyes","Rebound","Static Discharge","Defragment","Electrodynamics","Doom and Gloom","Capacitor+1","Trip+1","Stack+1","Hologram+1","Auto Shields+1","Compile Driver+1","All For One","Decay","Writhe","Doubt","Hello World","Streamline+1","Ball Lightning","Secret Technique+1","Redo+1","Double Energy+1","Go for the Eyes","Barrage+1","Go for the Eyes+1","Tempest+1","Hologram+1","Defragment+1"],"relics":["Cracked Core","Golden Idol","Gremlin Horn","Toxic Egg 2","Busted Crown","Membership Card","Shuriken","Calling Bell","Pen Nib","Pantograph","Prayer Wheel","Ice Cream","Medical Kit","Smiling Mask","Strawberry","Red Mask"],"potions_floor_usage":[18,20,27,31,33,33,42,50],"damage_taken":[{"damage":7,"enemies":"Small Slimes","floor":1,"turns":3},{"damage":0,"enemies":"Cultist","floor":3,"turns":3},{"damage":2,"enemies":"2 Louse","floor":4,"turns":3},{"damage":9,"enemies":"2 Fungi Beasts","floor":5,"turns":5},{"damage":3,"enemies":"Blue Slaver","floor":7,"turns":4},{"damage":1,"enemies":"Exordium Thugs","floor":11,"turns":5},{"damage":24,"enemies":"3 Sentries","floor":12,"turns":8},{"damage":0,"enemies":"3 Louse","floor":13,"turns":3},{"damage":20,"enemies":"The Guardian","floor":16,"turns":15},{"damage":15,"enemies":"3 Byrds","floor":18,"turns":2},{"damage":9,"enemies":"Shell Parasite","floor":20,"turns":4},{"damage":13,"enemies":"Snake Plant","floor":22,"turns":4},{"damage":6,"enemies":"3 Cultists","floor":25,"turns":5},{"damage":9,"enemies":"Snecko","floor":27,"turns":5},{"damage":17,"enemies":"Snake Plant","floor":28,"turns":4},{"damage":12,"enemies":"Centurion and Healer","floor":29,"turns":4},{"damage":12,"enemies":"3 Cultists","floor":31,"turns":4},{"damage":35,"enemies":"Automaton","floor":33,"turns":9},{"damage":34,"enemies":"Flame Bruiser 1 Orb","floor":35,"turns":6},{"damage":17,"enemies":"Mind Bloom Boss Battle","floor":36,"turns":7},{"damage":12,"enemies":"3 Shapes","floor":41,"turns":2},{"damage":41,"enemies":"Giant Head","floor":42,"turns":8},{"damage":22,"enemies":"Flame Bruiser 2 Orb","floor":45,"turns":4},{"damage":40,"enemies":"3 Darklings","floor":47,"turns":5},{"damage":42,"enemies":"Donu and Deca","floor":50,"turns":7}],"seed_played":"-1573170415858523302","potions_obtained":[{"floor":11,"key":"Ancient Potion"},{"floor":12,"key":"LiquidBronze"},{"floor":13,"key":"PowerPotion"},{"floor":18,"key":"Explosive Potion"},{"floor":25,"key":"Strength Potion"},{"floor":29,"key":"SmokeBomb"},{"floor":31,"key":"GamblersBrew"},{"floor":33,"key":"Energy Potion"},{"floor":41,"key":"FearPotion"},{"floor":45,"key":"FairyPotion"}],"is_trial":false,"path_per_floor":["M","?","M","M","M","R","M","?","T","R","M","E","M","?","R","B",null,"M","?","M","?","M","R","$","M","T","M","M","M","R","M","R","B",null,"M","?","?","?","$","R","M","E","T","R","M","R","M","?","R","B"],"character_chosen":"DEFECT","items_purchased":["Trip+1","Stack+1","Membership Card","Redo+1","Medical Kit"],"campfire_rested":9,"item_purchase_floors":[24,24,24,39,39],"current_hp_per_floor":[68,68,68,66,57,57,54,36,36,58,57,33,33,26,48,28,75,60,60,51,51,38,60,60,54,54,45,28,16,38,26,48,13,75,41,49,49,49,49,71,59,18,25,49,27,51,11,11,35,18],"gold":0,"neow_bonus":"","is_prod":false,"is_daily":false,"chose_seed":false,"campfire_upgraded":1,"win_rate":1,"timestamp":1535124146,"path_taken":["M","?","M","M","M","R","M","?","T","R","M","E","?","?","R","BOSS","M","?","M","?","M","R","$","M","T","M","M","M","R","M","R","BOSS","M","?","?","?","$","R","?","E","T","R","M","R","M","?","R","BOSS"],"build_version":"2018-08-23v2","purchased_purges":2,"victory":true,"max_hp_per_floor":[75,75,75,75,75,75,75,75,75,75,75,75,75,75,75,75,75,75,75,75,75,75,75,75,75,75,75,75,75,75,75,75,75,75,75,75,75,75,75,75,75,75,82,82,82,82,82,82,82,82],"card_choices":[{"not_picked":["Rebound","Barrage"],"picked":"Conserve Battery","floor":1},{"not_picked":["Rip and Tear","Tempest"],"picked":"Loop","floor":3},{"not_picked":["Cold Snap","Melter"],"picked":"Coolheaded","floor":4},{"not_picked":["Leap","Chaos"],"picked":"Coolheaded","floor":5},{"not_picked":["Fusion","Hologram"],"picked":"Go for the Eyes","floor":7},{"not_picked":["Seek","Reprogram"],"picked":"Rebound","floor":11},{"not_picked":["Auto Shields","Reprogram"],"picked":"Static Discharge","floor":12},{"not_picked":["Cold Snap","Ball Lightning"],"picked":"Defragment","floor":13},{"not_picked":["Thunder Strike","Buffer"],"picked":"Electrodynamics","floor":16},{"not_picked":[],"picked":"Doom and Gloom","floor":18},{"not_picked":["Steam Power+1"],"picked":"SKIP","floor":20},{"not_picked":[],"picked":"Capacitor+1","floor":22},{"not_picked":["Rebound"],"picked":"SKIP","floor":25},{"not_picked":["Sweeping Beam"],"picked":"SKIP","floor":27},{"not_picked":[],"picked":"Hologram+1","floor":28},{"not_picked":[],"picked":"Auto Shields+1","floor":29},{"not_picked":[],"picked":"Compile Driver+1","floor":31},{"not_picked":[],"picked":"All For One","floor":33},{"not_picked":[],"picked":"Hello World","floor":35},{"not_picked":[],"picked":"Streamline+1","floor":35},{"not_picked":[],"picked":"Ball Lightning","floor":36},{"not_picked":[],"picked":"Secret Technique+1","floor":37},{"not_picked":[],"picked":"Double Energy+1","floor":41},{"not_picked":[],"picked":"Go for the Eyes","floor":41},{"not_picked":[],"picked":"Barrage+1","floor":42},{"not_picked":[],"picked":"Go for the Eyes+1","floor":45},{"not_picked":[],"picked":"Tempest+1","floor":45},{"not_picked":[],"picked":"Hologram+1","floor":47},{"not_picked":[],"picked":"Defragment+1","floor":47}],"player_experience":67183,"relics_obtained":[{"floor":9,"key":"Gremlin Horn"},{"floor":12,"key":"Toxic Egg 2"},{"floor":26,"key":"Shuriken"},{"floor":34,"key":"Pen Nib"},{"floor":34,"key":"Pantograph"},{"floor":34,"key":"Prayer Wheel"},{"floor":36,"key":"Ice Cream"},{"floor":42,"key":"Smiling Mask"},{"floor":43,"key":"Strawberry"}],"event_choices":[{"event_name":"Living Wall","player_choice":"Forget","floor":2,"damage_taken":0},{"event_name":"Golden Idol","player_choice":"Take Damage","floor":8,"damage_taken":0},{"event_name":"Golden Wing","player_choice":"Card Removal","floor":14,"damage_taken":0},{"event_name":"Upgrade Shrine","player_choice":"Upgraded","floor":19,"damage_taken":0},{"event_name":"The Woman in Blue","player_choice":"Bought 0 Potions","floor":21,"damage_taken":0},{"event_name":"MindBloom","player_choice":"Fight","floor":36,"damage_taken":0},{"event_name":"SensoryStone","player_choice":"Memory 1","floor":37,"damage_taken":0},{"event_name":"Mysterious Sphere","player_choice":"Ignore","floor":38,"damage_taken":0},{"event_name":"Tomb of Lord Red Mask","player_choice":"Paid","floor":48,"damage_taken":0}],"is_beta":false,"boss_relics":[{"not_picked":["Ectoplasm","Fusion Hammer"],"picked":"Busted Crown"},{"not_picked":["Lizard Tail","Orrery"],"picked":"Calling Bell"}],"items_purged_floors":[24,39],"is_endless":false,"potions_floor_spawned":[11,12,13,16,18,25,29,31,33,41,45],"ascension_level":0}