{"gold_per_floor":[116,116,128,37,37,37,63,79,79,112,112,129,159,175,175,249,249,269,281,300,312,362,362,390,390,390,232,264,57,75,103,103,177,177,193,193,240,259,277,277,112,112,112,112],"floor_reached":44,"playtime":1903,"items_purged":["Doubt","Pain"],"score":972,"play_id":"854868c9-5136-4906-b70f-0484b30f9437","local_time":"20190524011113","is_ascension_mode":true,"campfire_choices":[{"data":"Flame Barrier","floor":6.0,"key":"SMITH"},{"data":"Evolve","floor":11.0,"key":"SMITH"},{"data":"Disarm","floor":15.0,"key":"SMITH"},{"data":"Inflame","floor":23.0,"key":"SMITH"},{"data":"Sword Boomerang","floor":25.0,"key":"SMITH"},{"floor":32.0,"key":"REST"},{"data":"Disarm","floor":40.0,"key":"SMITH"},{"data":"Spot Weakness","floor":42.0,"key":"SMITH"}],"neow_cost":"TEN_PERCENT_HP_LOSS","seed_source_timestamp":543142553833153,"circlet_count":0,"master_deck":["AscendersBane","Strike_R","Strike_R","Strike_R","Strike_R","Defend_R","Defend_R","Defend_R","Defend_R","Bash","Sword Boomerang","Flex","Flame Barrier+1","Sword Boomerang+1","Iron Wave","Flex","Evolve+1","Spot Weakness+1","Disarm+1","Ghostly Armor+1","Inflame+1","Disarm+1","Impatience","Feed","Shockwave","Thunderclap"],"special_seed":0,"relics":["Black Blood","Magic Flower","WarpedTongs","Meat on the Bone","Mercury Hourglass","Happy Flower","Thread and Needle","Cursed Key","Dodecahedron","Calipers","Darkstone Periapt","PreservedInsect","Ginger","Red Skull"],"potions_floor_usage":[44],"damage_taken":[{"damage":7.0,"enemies":"Jaw Worm","floor":1.0,"turns":3.0},{"damage":14.0,"enemies":"2 Louse","floor":3.0,"turns":3.0},{"damage":35.0,"enemies":"Lagavulin","floor":7.0,"turns":8.0},{"damage":12.0,"enemies":"Cultist","floor":8.0,"turns":5.0},{"damage":35.0,"enemies":"Gremlin Nob","floor":10.0,"turns":4.0},{"damage":19.0,"enemies":"Gremlin Gang","floor":12.0,"turns":3.0},{"damage":18.0,"enemies":"3 Sentries","floor":13.0,"turns":8.0},{"damage":0.0,"enemies":"2 Fungi Beasts","floor":14.0,"turns":2.0},{"damage":17.0,"enemies":"Hexaghost","floor":16.0,"turns":9.0},{"damage":3.0,"enemies":"Chosen","floor":18.0,"turns":3.0},{"damage":15.0,"enemies":"Spheric Guardian","floor":19.0,"turns":4.0},{"damage":29.0,"enemies":"Shelled Parasite and Fungi","floor":20.0,"turns":5.0},{"damage":19.0,"enemies":"Centurion and Healer","floor":21.0,"turns":9.0},{"damage":11.0,"enemies":"Book of Stabbing","floor":24.0,"turns":4.0},{"damage":37.0,"enemies":"Gremlin Leader","floor":28.0,"turns":6.0},{"damage":14.0,"enemies":"Snake Plant","floor":30.0,"turns":5.0},{"damage":25.0,"enemies":"Book of Stabbing","floor":31.0,"turns":6.0},{"damage":47.0,"enemies":"Automaton","floor":33.0,"turns":10.0},{"damage":37.0,"enemies":"3 Shapes","floor":35.0,"turns":7.0},{"damage":55.0,"enemies":"2 Orb Walkers","floor":37.0,"turns":4.0},{"damage":27.0,"enemies":"3 Darklings","floor":38.0,"turns":5.0},{"damage":34.0,"enemies":"Writhing Mass","floor":39.0,"turns":7.0},{"damage":64,"enemies":"Reptomancer","floor":44,"turns":3}],"seed_played":"936063018584011239","potions_obtained":[{"floor":1.0,"key":"LiquidBronze"},{"floor":10.0,"key":"SneckoOil"},{"floor":18.0,"key":"SkillPotion"},{"floor":20.0,"key":"Ancient Potion"},{"floor":28.0,"key":"Poison Potion"},{"floor":33.0,"key":"Strength Potion"},{"floor":37.0,"key":"Swift Potion"},{"floor":38.0,"key":"PowerPotion"}],"is_trial":false,"path_per_floor":["M","?","M","$","?","R","E","M","T","E","R","M","E","M","R","B",null,"M","M","M","M","?","R","E","R","T","$","E","$","M","E","R","B",null,"M","?","?","M","M","R","$","R","T","E"],"character_chosen":"IRONCLAD","items_purchased":["Flame Barrier","Sword Boomerang","Disarm","Impatience","Red Skull"],"campfire_rested":1,"item_purchase_floors":[4,4,27,29,41],"current_hp_per_floor":[68,68,63,63,63,63,37,52,52,44,44,52,61,68,68,60,66,68,62,60,50,50,50,48,48,48,48,38,38,51,53,68,48,63,64,64,47,59,58,58,58,58,58,0],"gold":112,"neow_bonus":"ONE_RARE_RELIC","is_prod":false,"is_daily":false,"chose_seed":false,"campfire_upgraded":7,"win_rate":0,"timestamp":1558653073,"path_taken":["M","?","M","$","?","R","E","?","T","E","R","M","E","M","R","BOSS","M","M","?","M","?","R","E","R","T","$","E","$","?","E","R","BOSS","M","?","?","M","?","R","?","R","T","E"],"build_version":"2019-01-23","purchased_purges":2,"victory":false,"max_hp_per_floor":[68,68,68,68,68,68,68,68,68,68,68,68,68,68,68,68,68,68,68,68,68,68,68,68,68,68,68,68,68,68,68,68,68,68,71,71,74,78,78,78,78,78,78,78],"card_choices":[{"not_picked":["Carnage","Havoc"],"picked":"Sword Boomerang","floor":1.0},{"not_picked":["Wild Strike","Feel No Pain"],"picked":"Flex","floor":3.0},{"not_picked":["Corruption","Perfected Strike"],"picked":"Iron Wave","floor":7.0},{"not_picked":["Headbutt","Rage"],"picked":"Flex","floor":8.0},{"not_picked":["Heavy Blade","Carnage"],"picked":"Evolve","floor":10.0},{"not_picked":["Heavy Blade","Clothesline"],"picked":"Spot Weakness","floor":12.0},{"not_picked":["Battle Trance","Perfected Strike","Pommel Strike"],"picked":"SKIP","floor":13.0},{"not_picked":["Blood for Blood","Entrench"],"picked":"Disarm","floor":14.0},{"not_picked":["Carnage","Sword Boomerang"],"picked":"Ghostly Armor+1","floor":18.0},{"not_picked":["Heavy Blade","Headbutt","Flex"],"picked":"SKIP","floor":19.0},{"not_picked":["Body Slam","Heavy Blade","Seeing Red"],"picked":"SKIP","floor":20.0},{"not_picked":["Body Slam+1","Searing Blow"],"picked":"Inflame","floor":21.0},{"not_picked":["Anger","Thunderclap","Twin Strike"],"picked":"SKIP","floor":24.0},{"not_picked":["Iron Wave","Sever Soul","Cleave"],"picked":"SKIP","floor":28.0},{"not_picked":["Headbutt","Bloodletting+1","Warcry"],"picked":"SKIP","floor":30.0},{"not_picked":["Armaments+1","Headbutt","Twin Strike"],"picked":"SKIP","floor":31.0},{"not_picked":["Offering","Reaper"],"picked":"Feed","floor":33.0},{"not_picked":["Power Through","Clothesline"],"picked":"Shockwave","floor":35.0},{"not_picked":["Anger","Pommel Strike"],"picked":"Thunderclap","floor":37.0},{"not_picked":["Sever Soul+1","Body Slam","Iron Wave"],"picked":"SKIP","floor":38.0},{"not_picked":["Power Through","Barricade","Perfected Strike"],"picked":"SKIP","floor":39.0}],"player_experience":381022,"relics_obtained":[{"floor":7.0,"key":"Meat on the Bone"},{"floor":9.0,"key":"Mercury Hourglass"},{"floor":10.0,"key":"Happy Flower"},{"floor":13.0,"key":"Thread and Needle"},{"floor":24.0,"key":"Dodecahedron"},{"floor":26.0,"key":"Calipers"},{"floor":28.0,"key":"Darkstone Periapt"},{"floor":31.0,"key":"PreservedInsect"},{"floor":37.0,"key":"Ginger"}],"event_choices":[{"damage_healed":0.0,"max_hp_gain":0.0,"max_hp_loss":0.0,"gold_gain":0.0,"event_name":"Liars Game","player_choice":"Ignored","floor":2.0,"gold_loss":0.0,"damage_taken":0.0},{"damage_healed":0.0,"max_hp_gain":0.0,"max_hp_loss":0.0,"gold_gain":0.0,"event_name":"Accursed Blacksmith","player_choice":"Rummage","floor":5.0,"gold_loss":0.0,"damage_taken":0.0,"relics_obtained":["WarpedTongs"],"cards_obtained":["Pain"]},{"damage_healed":0.0,"max_hp_gain":0.0,"max_hp_loss":0.0,"gold_gain":100.0,"event_name":"The Joust","player_choice":"Bet on Murderer","floor":22.0,"gold_loss":50.0,"damage_taken":0.0},{"cards_removed":["Strike_R"],"damage_healed":0.0,"max_hp_gain":0.0,"max_hp_loss":0.0,"gold_gain":0.0,"event_name":"Falling","player_choice":"Removed Attack","floor":36.0,"gold_loss":0.0,"damage_taken":0.0},{"damage_healed":0.0,"max_hp_gain":0.0,"max_hp_loss":0.0,"gold_gain":0.0,"event_name":"Mysterious Sphere","player_choice":"Fight","floor":37.0,"gold_loss":0.0,"damage_taken":0.0}],"is_beta":false,"boss_relics":[{"not_picked":["Orrery","Snecko Eye"],"picked":"Cursed Key"},{"not_picked":["Tiny House","Fusion Hammer"],"picked":"Black Blood"}],"items_purged_floors":[27,29],"is_endless":false,"potions_floor_spawned":[1,10,12,13,18,20,28,33,37,38],"killed_by":"Reptomancer","ascension_level":20}