{"gold_per_floor":[112,130,143,68,81,81,108,108,178,178,218,10,51,51,51,144,144,168,168,168,168,91,91,109,120,120,148,148,183,233,243,243,315,315,328,328,345,364,38,38,73,73,73,73,73,73,73,73,73,73,73],"floor_reached":51,"playtime":1507,"items_purged":["Strike_B"],"score":1504,"play_id":"f5cdd837-1f2b-4e13-851f-5ed838ef2771","local_time":"20190527224220","is_ascension_mode":true,"campfire_choices":[{"data":"Defragment","floor":6.0,"key":"SMITH"},{"data":"Chaos","floor":10.0,"key":"SMITH"},{"data":"Defragment","floor":15.0,"key":"SMITH"},{"floor":23.0,"key":"REST"},{"floor":28.0,"key":"REST"},{"floor":32.0,"key":"REST"},{"data":"Coolheaded","floor":40,"key":"SMITH"},{"floor":42,"key":"REST"},{"floor":44,"key":"REST"},{"data":"Hologram","floor":47,"key":"SMITH"},{"floor":49,"key":"REST"}],"neow_cost":"NONE","seed_source_timestamp":872554565778,"circlet_count":0,"master_deck":["AscendersBane","Defend_B","Defend_B+1","Dualcast","Defragment+1","Coolheaded+1","Sweeping Beam","Leap+1","Chaos+1","Sweeping Beam","Defragment+1","Echo Form","BootSequence","Electrodynamics","Static Discharge","Loop","White Noise+1","Hologram+1","Creative AI","Turbo+1","Hologram+1","Double Energy+1","Bandage Up","Echo Form"],"special_seed":0,"relics":["Cracked Core","StoneCalendar","Bloody Idol","Mercury Hourglass","Juzu Bracelet","War Paint","Empty Cage","Enchiridion","Mango","Vajra","Bag of Marbles","Runic Pyramid","Medical Kit","Turnip","Prayer Wheel","CultistMask"],"potions_floor_usage":[50],"damage_taken":[{"damage":1.0,"enemies":"Cultist","floor":1.0,"turns":3.0},{"damage":9.0,"enemies":"Small Slimes","floor":2.0,"turns":3.0},{"damage":5.0,"enemies":"Jaw Worm","floor":3.0,"turns":5.0},{"damage":4.0,"enemies":"Gremlin Gang","floor":5.0,"turns":2.0},{"damage":12.0,"enemies":"Lagavulin","floor":7.0,"turns":8.0},{"damage":26.0,"enemies":"Gremlin Nob","floor":11.0,"turns":4.0},{"damage":1.0,"enemies":"Lagavulin","floor":13.0,"turns":6.0},{"damage":0.0,"enemies":"The Guardian","floor":16.0,"turns":9.0},{"damage":8.0,"enemies":"3 Byrds","floor":18.0,"turns":4.0},{"damage":4.0,"enemies":"Chosen","floor":24.0,"turns":3.0},{"damage":11.0,"enemies":"Snake Plant","floor":25.0,"turns":4.0},{"damage":34.0,"enemies":"Book of Stabbing","floor":27.0,"turns":4.0},{"damage":40.0,"enemies":"Gremlin Leader","floor":29.0,"turns":4.0},{"damage":5.0,"enemies":"3 Cultists","floor":31.0,"turns":3.0},{"damage":28.0,"enemies":"Automaton","floor":33.0,"turns":8.0},{"damage":15.0,"enemies":"3 Darklings","floor":35.0,"turns":3.0},{"damage":2.0,"enemies":"Orb Walker","floor":37.0,"turns":4.0},{"damage":11.0,"enemies":"Sphere and 2 Shapes","floor":38.0,"turns":4.0},{"damage":52,"enemies":"Giant Head","floor":41,"turns":11},{"damage":72,"enemies":"Time Eater","floor":50,"turns":8},{"damage":31,"enemies":"Awakened One","floor":51,"turns":2}],"seed_played":"-5420402560380565225","potions_obtained":[{"floor":1.0,"key":"AttackPotion"},{"floor":2.0,"key":"LiquidBronze"},{"floor":5.0,"key":"Energy Potion"},{"floor":27.0,"key":"Dexterity Potion"},{"floor":29.0,"key":"SteroidPotion"},{"floor":31.0,"key":"Explosive Potion"}],"is_trial":false,"path_per_floor":["M","M","M","?","M","R","E","?","T","R","E","$","E","$","R","B",null,"M","?","?","?","$","R","M","M","T","E","R","E","?","M","R","B",null,"M","?","M","M","$","R","E","R","T","R","?","$","R","?","R","B","B"],"character_chosen":"DEFECT","items_purchased":["Defragment","Block Potion","Loop","Medical Kit","Bandage Up"],"campfire_rested":6,"item_purchase_floors":[12,12,22,39,39],"current_hp_per_floor":[70,61,56,56,52,52,40,40,40,40,14,14,13,13,13,13,57,49,49,28,28,28,49,50,44,58,29,54,19,24,24,49,26,70,60,60,63,57,57,57,14,39,39,64,64,64,64,64,85,17,0],"gold":73,"neow_bonus":"TEN_PERCENT_HP_BONUS","is_prod":false,"is_daily":false,"chose_seed":false,"campfire_upgraded":5,"win_rate":0,"timestamp":1558989740,"path_taken":["M","M","M","?","M","R","E","?","T","R","E","$","E","?","R","BOSS","M","?","?","?","$","R","M","M","T","E","R","E","?","M","R","BOSS","M","?","M","M","$","R","E","R","T","R","?","$","R","?","R","BOSS","BOSS"],"build_version":"2019-05-26","purchased_purges":1,"victory":false,"max_hp_per_floor":[78,78,78,78,78,78,78,71,71,71,71,71,71,71,71,71,71,71,71,71,71,71,71,71,71,85,85,85,85,85,85,85,85,85,85,85,85,85,85,85,85,85,85,85,85,85,85,85,85,85,85],"card_choices":[{"not_picked":["Recycle","Melter"],"picked":"Defragment","floor":1.0},{"not_picked":["Streamline","Leap"],"picked":"Coolheaded","floor":2.0},{"not_picked":["Stack","Barrage"],"picked":"Sweeping Beam","floor":3.0},{"not_picked":["Multi-Cast","Gash"],"picked":"Leap","floor":5.0},{"not_picked":["Sunder","Steam Power"],"picked":"Chaos","floor":7.0},{"not_picked":["Go for the Eyes","Gash"],"picked":"Sweeping Beam","floor":11.0},{"not_picked":["Stack","Amplify","Barrage"],"picked":"SKIP","floor":13.0},{"not_picked":["Amplify","Hyperbeam"],"picked":"Echo Form","floor":16.0},{"not_picked":["Coolheaded+1","Gash"],"picked":"BootSequence","floor":18.0},{"not_picked":["Double Energy","Doom and Gloom"],"picked":"White Noise+1","floor":24.0},{"not_picked":["Gash","Ball Lightning+1","Steam"],"picked":"SKIP","floor":25.0},{"not_picked":["Tempest+1","Lockon"],"picked":"Hologram","floor":27.0},{"not_picked":["Hologram","Rebound","Amplify"],"picked":"SKIP","floor":29.0},{"not_picked":["Sunder","Hello World","Reinforced Body"],"picked":"SKIP","floor":31.0},{"not_picked":["Meteor Strike","Lockon"],"picked":"Creative AI","floor":33.0},{"not_picked":["Redo","Gash"],"picked":"Turbo+1","floor":35.0},{"not_picked":["Lockon","Stack"],"picked":"Hologram+1","floor":37.0},{"not_picked":["Undo","Stack+1"],"picked":"Double Energy+1","floor":38.0},{"not_picked":["Blizzard","Leap","Sweeping Beam"],"picked":"SKIP","floor":41}],"player_experience":1610551,"relics_obtained":[{"floor":7.0,"key":"StoneCalendar"},{"floor":9.0,"key":"Mercury Hourglass"},{"floor":11.0,"key":"Juzu Bracelet"},{"floor":13.0,"key":"War Paint"},{"floor":20.0,"key":"Enchiridion"},{"floor":26.0,"key":"Mango"},{"floor":27.0,"key":"Vajra"},{"floor":29.0,"key":"Bag of Marbles"},{"floor":41,"key":"Turnip"},{"floor":43,"key":"Prayer Wheel"}],"event_choices":[{"cards_removed":["Strike_B"],"damage_healed":0.0,"max_hp_gain":0.0,"max_hp_loss":0.0,"gold_gain":0.0,"event_name":"The Cleric","player_choice":"Card Removal","floor":4.0,"gold_loss":75.0,"damage_taken":0.0},{"damage_healed":0.0,"max_hp_gain":0.0,"max_hp_loss":7.0,"gold_gain":0.0,"event_name":"Golden Idol","player_choice":"Lose Max HP","floor":8.0,"gold_loss":0.0,"damage_taken":0.0,"relics_obtained":["Golden Idol"]},{"damage_healed":0.0,"max_hp_gain":0.0,"max_hp_loss":0.0,"gold_gain":0.0,"event_name":"Forgotten Altar","player_choice":"Gave Idol","floor":19.0,"relics_lost":["Golden Idol"],"gold_loss":0.0,"damage_taken":0.0,"relics_obtained":["Bloody Idol"]},{"damage_healed":0.0,"max_hp_gain":0.0,"max_hp_loss":0.0,"gold_gain":0.0,"event_name":"Cursed Tome","player_choice":"Obtained Book","floor":20.0,"gold_loss":0.0,"damage_taken":21.0},{"damage_healed":0.0,"max_hp_gain":0.0,"max_hp_loss":0.0,"gold_gain":0.0,"cards_transformed":["Defend_B","Defend_B"],"event_name":"Drug Dealer","player_choice":"Became Test Subject","floor":21.0,"gold_loss":0.0,"damage_taken":0.0,"cards_obtained":["Electrodynamics","Static Discharge"]},{"damage_healed":0.0,"max_hp_gain":0.0,"max_hp_loss":0.0,"gold_gain":50.0,"event_name":"Golden Shrine","player_choice":"Pray","floor":30.0,"gold_loss":0.0,"damage_taken":0.0},{"damage_healed":0.0,"max_hp_gain":0.0,"max_hp_loss":0.0,"gold_gain":0.0,"event_name":"Tomb of Lord Red Mask","player_choice":"Ignored","floor":36.0,"gold_loss":0.0,"damage_taken":0.0},{"damage_healed":0,"gold_gain":0,"player_choice":"Trade","damage_taken":0,"relics_obtained":["CultistMask"],"max_hp_gain":0,"max_hp_loss":0,"event_name":"FaceTrader","floor":45,"gold_loss":0},{"damage_healed":0,"gold_gain":0,"cards_transformed":["Zap"],"player_choice":"Transformed","damage_taken":0,"max_hp_gain":0,"max_hp_loss":0,"event_name":"Transmorgrifier","floor":48,"gold_loss":0,"cards_obtained":["Echo Form"]}],"is_beta":true,"boss_relics":[{"not_picked":["Tiny House","Cursed Key"],"picked":"Empty Cage"},{"not_picked":["Runic Dome","Calling Bell"],"picked":"Runic Pyramid"}],"items_purged_floors":[12],"is_endless":false,"potions_floor_spawned":[1,2,5,16,27,29,31,33,35,38,41],"killed_by":"Awakened One","ascension_level":20}