{"gold_per_floor":[118,137,137,147,159,159,169,169,169,169,169,13,45,55,55,152,152,172,192,192,212,137,137,137],"floor_reached":24,"playtime":1095,"items_purged":["Strike_R"],"score":317,"play_id":"f40671f7-a9d3-4485-a449-0dd613af3a34","local_time":"20190508003232","is_ascension_mode":true,"campfire_choices":[{"data":"Armaments","floor":6.0,"key":"SMITH"},{"data":"Searing Blow","floor":8.0,"key":"SMITH"},{"data":"Searing Blow+1","floor":10.0,"key":"SMITH"},{"data":"Searing Blow+2","floor":15.0,"key":"SMITH"},{"data":"Searing Blow+3","floor":23,"key":"SMITH"}],"neow_cost":"PERCENT_DAMAGE","seed_source_timestamp":1777536414113638,"circlet_count":0,"master_deck":["AscendersBane","Strike_R","Strike_R","Strike_R","Defend_R","Defend_R","Defend_R","Defend_R","Bash","Searing Blow+4","Dropkick","Armaments+1","Evolve","Shrug It Off","Offering","Shrug It Off+1"],"special_seed":0,"relics":["Black Blood","Bird Faced Urn","Shuriken","Bag of Marbles","Ginger"],"potions_floor_usage":[16,21],"damage_taken":[{"damage":9.0,"enemies":"Jaw Worm","floor":1.0,"turns":4.0},{"damage":1.0,"enemies":"Cultist","floor":2.0,"turns":4.0},{"damage":9.0,"enemies":"2 Louse","floor":4.0,"turns":3.0},{"damage":8.0,"enemies":"Red Slaver","floor":5.0,"turns":4.0},{"damage":11.0,"enemies":"Blue Slaver","floor":7.0,"turns":3.0},{"damage":24.0,"enemies":"Lagavulin","floor":13.0,"turns":6.0},{"damage":12.0,"enemies":"Exordium Thugs","floor":14.0,"turns":4.0},{"damage":43,"enemies":"Hexaghost","floor":16,"turns":10},{"damage":27,"enemies":"Shell Parasite","floor":18,"turns":9},{"damage":43,"enemies":"Spheric Guardian","floor":19,"turns":6},{"damage":11,"enemies":"Centurion and Healer","floor":21,"turns":6},{"damage":27,"enemies":"Snake Plant","floor":24,"turns":2}],"seed_played":"-7805462039078159281","potions_obtained":[{"floor":4.0,"key":"Fire Potion"},{"floor":13.0,"key":"Dexterity Potion"},{"floor":19,"key":"EssenceOfSteel"}],"is_trial":false,"path_per_floor":["M","M","?","M","M","R","M","R","T","R","?","$","E","M","R","B",null,"M","M","?","M","$","R","M"],"character_chosen":"IRONCLAD","items_purchased":["Bag of Marbles"],"campfire_rested":0,"item_purchase_floors":[12],"current_hp_per_floor":[48,53,53,50,48,48,43,43,43,43,69,69,53,49,49,14,64,49,18,18,19,19,19,0],"gold":137,"neow_bonus":"ONE_RARE_RELIC","is_prod":false,"is_daily":false,"chose_seed":false,"campfire_upgraded":5,"win_rate":0,"timestamp":1557268352,"path_taken":["M","M","?","?","M","R","M","R","T","R","?","$","E","M","R","BOSS","M","M","?","M","$","R","M"],"build_version":"2019-01-23","purchased_purges":1,"victory":false,"max_hp_per_floor":[80,80,80,80,80,80,80,80,80,80,80,80,80,80,80,80,80,80,80,80,80,80,80,80],"card_choices":[{"not_picked":["Thunderclap","Iron Wave"],"picked":"Searing Blow","floor":1.0},{"not_picked":["Rupture","Heavy Blade","Bloodletting"],"picked":"SKIP","floor":2.0},{"not_picked":["Carnage","Rupture"],"picked":"Dropkick","floor":4.0},{"not_picked":["Thunderclap","Twin Strike"],"picked":"Armaments","floor":5.0},{"not_picked":["Pommel Strike","Havoc"],"picked":"Evolve","floor":7.0},{"not_picked":["Sword Boomerang","Sentinel","Wild Strike"],"picked":"SKIP","floor":13.0},{"not_picked":["Berserk","Rage"],"picked":"Shrug It Off","floor":14.0},{"not_picked":["Immolate","Fiend Fire"],"picked":"Offering","floor":16},{"not_picked":["Armaments","Fire Breathing","Anger+1"],"picked":"SKIP","floor":18},{"not_picked":["Body Slam","Dual Wield"],"picked":"Shrug It Off+1","floor":19},{"not_picked":["Clash+1","Havoc","Heavy Blade+1"],"picked":"SKIP","floor":21}],"player_experience":265965,"relics_obtained":[{"floor":9.0,"key":"Shuriken"},{"floor":13.0,"key":"Ginger"}],"event_choices":[{"cards_removed":["Strike_R"],"damage_healed":0.0,"max_hp_gain":0.0,"max_hp_loss":0.0,"gold_gain":0.0,"event_name":"Purifier","player_choice":"Purged","floor":3.0,"gold_loss":0.0,"damage_taken":0.0},{"damage_healed":26.0,"max_hp_gain":0.0,"max_hp_loss":0.0,"gold_gain":0.0,"event_name":"Big Fish","player_choice":"Banana","floor":11.0,"gold_loss":0.0,"damage_taken":0.0},{"damage_healed":0,"gold_gain":0,"player_choice":"0 cards matched","damage_taken":0,"max_hp_gain":0,"max_hp_loss":0,"event_name":"Match and Keep!","floor":20,"gold_loss":0,"cards_obtained":[]}],"is_beta":false,"boss_relics":[{"not_picked":["Lizard Tail","Runic Cube"],"picked":"Black Blood"}],"items_purged_floors":[22],"is_endless":false,"potions_floor_spawned":[4,13,19],"killed_by":"Snake Plant","ascension_level":12}