{"gold_per_floor":[115,135,135,135,147,147,181,181,211,211,286,298,1,11,11,11],"floor_reached":16,"playtime":1176,"items_purged":[],"score":125,"play_id":"98e1f182-8c57-4153-bf70-619fa9e81df6","local_time":"20190626181029","is_ascension_mode":true,"campfire_choices":[{"data":"Malaise","floor":6,"key":"SMITH"},{"data":"Neutralize","floor":8,"key":"SMITH"},{"data":"Neutralize","floor":10,"key":"SMITH"},{"data":"Burst","floor":15,"key":"SMITH"}],"neow_cost":"NONE","seed_source_timestamp":108855334139000,"circlet_count":0,"master_deck":["Defend_G","Defend_G","Defend_G","Defend_G","Defend_G","Strike_G","Strike_G","Strike_G","Strike_G","Strike_G","Survivor","Neutralize+1","Backflip","Malaise+1","Neutralize+1","Backflip","Dodge and Roll","Burst+1","Backflip"],"relics":["Ring of the Snake","NeowsBlessing","Matryoshka","Tiny Chest","Letter Opener","Ice Cream"],"potions_floor_usage":[14,16],"damage_taken":[{"damage":0,"enemies":"Cultist","floor":1,"turns":1},{"damage":0,"enemies":"Jaw Worm","floor":2,"turns":1},{"damage":0,"enemies":"Small Slimes","floor":5,"turns":1},{"damage":43,"enemies":"Lagavulin","floor":7,"turns":16},{"damage":3,"enemies":"3 Louse","floor":12,"turns":4},{"damage":16,"enemies":"Large Slime","floor":14,"turns":11},{"damage":22,"enemies":"Slime Boss","floor":16,"turns":9}],"seed_played":"6156343763926262286","potions_obtained":[{"floor":7,"key":"Regen Potion"},{"floor":14,"key":"Fire Potion"}],"is_trial":false,"path_per_floor":["M","M","?","?","M","R","E","R","T","R","?","M","$","M","R","B"],"character_chosen":"THE_SILENT","items_purchased":["Ice Cream"],"campfire_rested":0,"item_purchase_floors":[13],"current_hp_per_floor":[70,70,70,70,70,70,27,27,27,27,16,13,13,11,11,0],"gold":11,"neow_bonus":"THREE_ENEMY_KILL","is_prod":false,"is_daily":false,"chose_seed":false,"campfire_upgraded":4,"win_rate":0,"timestamp":1561587029,"path_taken":["M","M","?","?","?","R","E","R","T","R","?","M","$","M","R","BOSS"],"build_version":"2019-01-23","purchased_purges":0,"victory":false,"max_hp_per_floor":[70,70,70,70,70,70,70,70,70,70,70,70,70,70,70,70],"card_choices":[{"not_picked":["Slice","Underhanded Strike"],"picked":"Backflip","floor":1},{"not_picked":["Bane","Cloak And Dagger","Quick Slash"],"picked":"SKIP","floor":2},{"not_picked":["Tactician","Flechettes"],"picked":"Backflip","floor":5},{"not_picked":["Skewer","Calculated Gamble"],"picked":"Dodge and Roll","floor":7},{"not_picked":["Flechettes","Bouncing Flask"],"picked":"Burst","floor":12},{"not_picked":["Bane","Deflect"],"picked":"Backflip","floor":14}],"player_experience":67601,"relics_obtained":[{"floor":7,"key":"Matryoshka"},{"floor":9,"key":"Tiny Chest"},{"floor":9,"key":"Letter Opener"}],"event_choices":[{"damage_healed":0,"gold_gain":0,"player_choice":"Ignored","damage_taken":0,"max_hp_gain":0,"max_hp_loss":0,"event_name":"Liars Game","floor":3,"gold_loss":0},{"damage_healed":0,"gold_gain":0,"player_choice":"2 cards matched","damage_taken":0,"max_hp_gain":0,"max_hp_loss":0,"event_name":"Match and Keep!","floor":4,"gold_loss":0,"cards_obtained":["Malaise","Neutralize"]},{"damage_healed":0,"gold_gain":75,"player_choice":"Gather Gold","damage_taken":11,"max_hp_gain":0,"max_hp_loss":0,"event_name":"World of Goop","floor":11,"gold_loss":0}],"is_beta":false,"boss_relics":[],"items_purged_floors":[],"is_endless":false,"potions_floor_spawned":[7,14],"killed_by":"Slime Boss","ascension_level":5}