{"gold_per_floor":[114,31,43,43,60,75,107,182,227,58,89,99,129,141,141,220,220,240,240,240,45,45,45,80,80,104,124,155,155,155,173,173,250,250,262,277,277,290,303,328,328,358,358,372,404,404,504,523,523,523,523],"floor_reached":52,"playtime":1929,"items_purged":["Strike_B+1"],"score":2100,"play_id":"c7329f07-3699-45cc-ad69-a68cc2684747","local_time":"20190603232139","is_ascension_mode":true,"campfire_choices":[{"data":"Sunder","floor":15.0,"key":"SMITH"},{"data":"Dualcast","floor":23.0,"key":"SMITH"},{"data":"Self Repair","floor":25.0,"key":"SMITH"},{"data":"Ghostly","floor":30.0,"key":"SMITH"},{"data":"Ghostly","floor":32.0,"key":"SMITH"},{"data":"Ghostly","floor":41,"key":"SMITH"},{"data":"Loop","floor":46,"key":"SMITH"},{"data":"Reinforced Body","floor":49,"key":"SMITH"}],"neow_cost":"NONE","seed_source_timestamp":4152515858437,"circlet_count":0,"master_deck":["AscendersBane","Strike_B+1","Defend_B+1","Defend_B+1","Defend_B+1","Defend_B+1","Zap","Dualcast+1","FTL","Sunder+1","Ball Lightning","Ball Lightning","Ball Lightning","Glacier","Cold Snap","Echo Form","Reinforced Body+1","Self Repair+1","Glacier","Doom and Gloom","Loop+1","Ghostly+1","Ghostly+1","Ghostly+1","Echo Form","Genetic Algorithm+1","Conserve Battery","Loop+1"],"special_seed":0,"relics":["Velvet Choker","Mummified Hand","Strawberry","Bag of Preparation","Bronze Scales","Du-Vu Doll","Philosopher\u0027s Stone","Singing Bowl","Oddly Smooth Stone","Pen Nib","Snecko Eye","Anchor","Nunchaku","Centennial Puzzle","Emotion Chip","Turnip"],"potions_floor_usage":[51],"damage_taken":[{"damage":3.0,"enemies":"2 Louse","floor":1.0,"turns":4.0},{"damage":0.0,"enemies":"Cultist","floor":3.0,"turns":3.0},{"damage":3.0,"enemies":"Small Slimes","floor":5.0,"turns":3.0},{"damage":0.0,"enemies":"2 Fungi Beasts","floor":6.0,"turns":2.0},{"damage":15.0,"enemies":"3 Sentries","floor":7.0,"turns":5.0},{"damage":18.0,"enemies":"Lagavulin","floor":11.0,"turns":5.0},{"damage":0.0,"enemies":"Exordium Wildlife","floor":12.0,"turns":3.0},{"damage":10.0,"enemies":"3 Sentries","floor":13.0,"turns":6.0},{"damage":0.0,"enemies":"Gremlin Gang","floor":14.0,"turns":3.0},{"damage":0.0,"enemies":"Hexaghost","floor":16.0,"turns":7.0},{"damage":6.0,"enemies":"Chosen","floor":18.0,"turns":3.0},{"damage":33.0,"enemies":"Book of Stabbing","floor":24.0,"turns":5.0},{"damage":0.0,"enemies":"Spheric Guardian","floor":27.0,"turns":7.0},{"damage":8.0,"enemies":"Slavers","floor":28.0,"turns":4.0},{"damage":17.0,"enemies":"Shelled Parasite and Fungi","floor":31.0,"turns":7.0},{"damage":19.0,"enemies":"Champ","floor":33.0,"turns":12.0},{"damage":0.0,"enemies":"3 Shapes","floor":35.0,"turns":3.0},{"damage":0.0,"enemies":"3 Darklings","floor":36.0,"turns":4.0},{"damage":0,"enemies":"Writhing Mass","floor":38,"turns":5},{"damage":0,"enemies":"Jaw Worm Horde","floor":39,"turns":5},{"damage":4,"enemies":"Giant Head","floor":40,"turns":9},{"damage":34,"enemies":"Nemesis","floor":42,"turns":11},{"damage":0,"enemies":"3 Darklings","floor":44,"turns":6},{"damage":13,"enemies":"Giant Head","floor":45,"turns":8},{"damage":0,"enemies":"Mind Bloom Boss Battle","floor":47,"turns":5},{"damage":7,"enemies":"Sphere and 2 Shapes","floor":48,"turns":4},{"damage":19,"enemies":"Time Eater","floor":50,"turns":12},{"damage":8,"enemies":"Donu and Deca","floor":51,"turns":10}],"seed_played":"-6303226896947056854","potions_obtained":[{"floor":1.0,"key":"GamblersBrew"},{"floor":3.0,"key":"EntropicBrew"},{"floor":18.0,"key":"PowerPotion"},{"floor":27.0,"key":"Explosive Potion"},{"floor":31.0,"key":"Dexterity Potion"},{"floor":35.0,"key":"SpeedPotion"},{"floor":48,"key":"Swift Potion"}],"is_trial":false,"path_per_floor":["M","$","M","?","M","M","E","?","T","$","E","M","E","M","R","B",null,"M","?","?","$","?","R","E","R","T","M","E","?","R","M","R","B",null,"M","M","?","M","M","E","R","E","T","M","E","R","?","M","R","B","B",null],"character_chosen":"DEFECT","items_purchased":["Sunder","Bag of Preparation","Self Repair","Glacier"],"campfire_rested":0,"item_purchase_floors":[2,10,21,21],"current_hp_per_floor":[61,61,61,61,58,58,43,32,39,39,21,21,11,11,11,11,61,55,55,55,55,55,55,43,43,43,63,67,40,40,42,42,33,40,44,44,44,46,48,50,50,36,36,52,54,54,56,58,58,58,58],"gold":523,"neow_bonus":"BOSS_RELIC","is_prod":false,"is_daily":false,"chose_seed":false,"campfire_upgraded":8,"win_rate":0,"timestamp":1559596899,"path_taken":["M","$","M","?","M","M","E","?","T","$","E","M","E","M","R","BOSS","M","?","?","$","?","R","E","R","T","M","E","?","R","M","R","BOSS","M","M","?","?","M","E","R","E","T","M","E","R","?","M","R","BOSS","BOSS"],"build_version":"2019-06-02","purchased_purges":1,"victory":true,"max_hp_per_floor":[71,71,71,71,71,71,71,71,78,78,78,78,78,78,78,78,78,78,78,78,78,78,78,78,78,78,78,80,40,40,42,42,42,42,44,44,44,46,48,50,50,50,50,52,54,54,56,58,58,58,58],"card_choices":[{"not_picked":["Skim","Hologram"],"picked":"FTL","floor":1.0},{"not_picked":["Stack","Lockon"],"picked":"Ball Lightning","floor":3.0},{"not_picked":["Steam","Barrage"],"picked":"Ball Lightning","floor":5.0},{"not_picked":["Heatsinks","Streamline"],"picked":"Ball Lightning","floor":6.0},{"not_picked":["Steam Power","Auto Shields"],"picked":"Glacier","floor":7.0},{"not_picked":["White Noise","Hologram","Hyperbeam"],"picked":"SKIP","floor":11.0},{"not_picked":["Stack","Barrage"],"picked":"Cold Snap","floor":12.0},{"not_picked":["Doom and Gloom","Hello World","Sunder"],"picked":"SKIP","floor":13.0},{"not_picked":["Hologram","Skim","Conserve Battery"],"picked":"SKIP","floor":14.0},{"not_picked":["Meteor Strike","Reboot"],"picked":"Echo Form","floor":16.0},{"not_picked":["Gash","Skim"],"picked":"Reinforced Body","floor":18.0},{"not_picked":["Ball Lightning","Stack"],"picked":"Doom and Gloom","floor":24.0},{"not_picked":["Gash+1","Barrage+1"],"picked":"Loop+1","floor":27.0},{"not_picked":["Coolheaded","Machine Learning","Gash"],"picked":"Singing Bowl","floor":28.0},{"not_picked":["Barrage","Compile Driver+1","Leap"],"picked":"Singing Bowl","floor":31.0},{"not_picked":["Machine Learning","Core Surge"],"picked":"Echo Form","floor":33.0},{"not_picked":["Self Repair","Doom and Gloom","Go for the Eyes"],"picked":"Singing Bowl","floor":35.0},{"not_picked":["Double Energy","Compile Driver"],"picked":"Genetic Algorithm+1","floor":36},{"not_picked":["Conserve Battery","Rebound","Compile Driver+1"],"picked":"Singing Bowl","floor":38},{"not_picked":["Consume+1","Lockon","Loop"],"picked":"Singing Bowl","floor":39},{"not_picked":["Turbo","BootSequence","Glacier"],"picked":"Singing Bowl","floor":40},{"not_picked":["Darkness","Consume"],"picked":"Loop","floor":42},{"not_picked":["Turbo","Gash","Force Field"],"picked":"Singing Bowl","floor":44},{"not_picked":["Sweeping Beam+1","Steam","Melter"],"picked":"Singing Bowl","floor":45},{"not_picked":["Redo+1","Melter","Barrage"],"picked":"Singing Bowl","floor":47},{"not_picked":["Redo","Steam","Compile Driver"],"picked":"Singing Bowl","floor":48}],"player_experience":1665390,"relics_obtained":[{"floor":7.0,"key":"Mummified Hand"},{"floor":9.0,"key":"Strawberry"},{"floor":11.0,"key":"Bronze Scales"},{"floor":13.0,"key":"Du-Vu Doll"},{"floor":24.0,"key":"Singing Bowl"},{"floor":26.0,"key":"Oddly Smooth Stone"},{"floor":28.0,"key":"Pen Nib"},{"floor":40,"key":"Anchor"},{"floor":42,"key":"Nunchaku"},{"floor":43,"key":"Centennial Puzzle"},{"floor":45,"key":"Emotion Chip"},{"floor":47,"key":"Turnip"}],"event_choices":[{"cards_removed":["Strike_B"],"damage_healed":0.0,"max_hp_gain":0.0,"max_hp_loss":0.0,"gold_gain":0.0,"event_name":"Bonfire Elementals","player_choice":"Offered Basic","floor":4.0,"gold_loss":0.0,"damage_taken":0.0},{"damage_healed":0.0,"max_hp_gain":0.0,"max_hp_loss":0.0,"gold_gain":75.0,"event_name":"World of Goop","player_choice":"Gather Gold","floor":8.0,"gold_loss":0.0,"damage_taken":11.0},{"damage_healed":0.0,"max_hp_gain":0.0,"max_hp_loss":0.0,"gold_gain":0.0,"event_name":"Vampires","player_choice":"Ignored","floor":19.0,"gold_loss":0.0,"damage_taken":0.0},{"damage_healed":0.0,"max_hp_gain":0.0,"max_hp_loss":0.0,"gold_gain":0.0,"event_name":"Back to Basics","player_choice":"Simplicity","floor":20.0,"gold_loss":0.0,"damage_taken":0.0,"cards_upgraded":["Strike_B","Strike_B","Strike_B","Defend_B","Defend_B","Defend_B","Defend_B"]},{"damage_healed":0.0,"max_hp_gain":0.0,"max_hp_loss":0.0,"gold_gain":0.0,"event_name":"The Mausoleum","player_choice":"Ignored","floor":22.0,"gold_loss":0.0,"damage_taken":0.0},{"damage_healed":0.0,"max_hp_gain":0.0,"max_hp_loss":40.0,"gold_gain":0.0,"event_name":"Ghosts","player_choice":"Became a Ghost","floor":29.0,"gold_loss":0.0,"damage_taken":0.0,"cards_obtained":["Ghostly","Ghostly","Ghostly"]},{"damage_healed":0,"gold_gain":0,"cards_transformed":["Strike_B"],"player_choice":"Transformed","damage_taken":0,"max_hp_gain":0,"max_hp_loss":0,"event_name":"Transmorgrifier","floor":37,"gold_loss":0,"cards_obtained":["Conserve Battery"]},{"damage_healed":0,"gold_gain":0,"player_choice":"Fight","damage_taken":0,"max_hp_gain":0,"max_hp_loss":0,"event_name":"MindBloom","floor":47,"gold_loss":0}],"is_beta":true,"boss_relics":[{"not_picked":["Busted Crown","Coffee Dripper"],"picked":"Philosopher\u0027s Stone"},{"not_picked":["Cursed Key","Lizard Tail"],"picked":"Snecko Eye"}],"items_purged_floors":[21],"is_endless":false,"potions_floor_spawned":[1,3,5,7,18,27,31,35,42,45,48],"ascension_level":20}