{"gold_per_floor":[109,109,122,134,151,151,176,176,229,229,240,259,272,305,305,305],"floor_reached":16,"playtime":708,"items_purged":[],"score":228,"play_id":"d0cffd3a-5ec3-4f71-b9b2-d565d96a83a0","local_time":"20190530151658","is_ascension_mode":true,"campfire_choices":[{"data":"Juggernaut","floor":6,"key":"SMITH"},{"data":"Rage","floor":8,"key":"SMITH"},{"data":"Bash","floor":10,"key":"SMITH"},{"data":"Shrug It Off","floor":15,"key":"SMITH"}],"neow_cost":"NONE","seed_source_timestamp":1113653345959263,"circlet_count":0,"master_deck":["AscendersBane","Strike_R","Strike_R","Strike_R","Strike_R","Strike_R","Defend_R","Defend_R","Defend_R","Defend_R","Bash+1","Juggernaut+1","Rage+1","Ghostly Armor","Anger","Shrug It Off+1"],"special_seed":0,"relics":["Burning Blood","Singing Bowl","Bag of Preparation","Regal Pillow","Dream Catcher"],"potions_floor_usage":[5,7,13],"damage_taken":[{"damage":13.0,"enemies":"2 Louse","floor":1.0,"turns":4.0},{"damage":0,"enemies":"Cultist","floor":3,"turns":3},{"damage":7,"enemies":"Small Slimes","floor":4,"turns":4},{"damage":2,"enemies":"Looter","floor":5,"turns":4},{"damage":22,"enemies":"3 Sentries","floor":7,"turns":5},{"damage":12,"enemies":"Large Slime","floor":11,"turns":6},{"damage":9,"enemies":"3 Louse","floor":12,"turns":4},{"damage":16,"enemies":"Exordium Thugs","floor":13,"turns":5},{"damage":7,"enemies":"Lagavulin","floor":14,"turns":7},{"damage":55,"enemies":"Slime Boss","floor":16,"turns":9}],"seed_played":"-1486229298998304224","potions_obtained":[{"floor":1,"key":"AttackPotion"},{"floor":3,"key":"Block Potion"},{"floor":5,"key":"Explosive Potion"},{"floor":12,"key":"BloodPotion"},{"floor":14,"key":"LiquidBronze"}],"is_trial":false,"path_per_floor":["M","?","M","M","M","R","E","R","T","R","M","M","M","E","R","B"],"character_chosen":"IRONCLAD","items_purchased":[],"campfire_rested":0,"item_purchase_floors":[],"current_hp_per_floor":[61,61,69,68,74,74,60,60,60,60,56,53,51,52,52,0],"gold":305,"neow_bonus":"ONE_RANDOM_RARE_CARD","is_prod":false,"is_daily":false,"chose_seed":false,"campfire_upgraded":4,"win_rate":0,"timestamp":1559222218,"path_taken":["M","?","M","M","M","R","E","R","T","R","?","M","?","E","R","BOSS"],"build_version":"2019-01-23","purchased_purges":0,"victory":false,"max_hp_per_floor":[75,75,77,77,79,79,81,81,81,81,83,83,83,85,85,85],"card_choices":[{"not_picked":["Flex","Cleave"],"picked":"Rage","floor":1},{"not_picked":["Heavy Blade","Warcry","Headbutt"],"picked":"Singing Bowl","floor":3},{"not_picked":["Perfected Strike","Power Through"],"picked":"Ghostly Armor","floor":4},{"not_picked":["Armaments","Thunderclap","Feel No Pain"],"picked":"Singing Bowl","floor":5},{"not_picked":["Bloodletting","Warcry","Uppercut"],"picked":"Singing Bowl","floor":7},{"not_picked":["Bludgeon","Thunderclap","Bloodletting"],"picked":"Singing Bowl","floor":11},{"not_picked":["Armaments","Headbutt"],"picked":"Anger","floor":12},{"not_picked":["Spot Weakness","Flex"],"picked":"Shrug It Off","floor":13},{"not_picked":["Corruption","Twin Strike","Infernal Blade"],"picked":"Singing Bowl","floor":14}],"player_experience":462561,"relics_obtained":[{"floor":7,"key":"Bag of Preparation"},{"floor":9,"key":"Regal Pillow"},{"floor":14,"key":"Dream Catcher"}],"event_choices":[{"damage_healed":0,"gold_gain":0,"player_choice":"Gave Potion","damage_taken":0,"relics_obtained":["Singing Bowl"],"max_hp_gain":0,"max_hp_loss":0,"event_name":"WeMeetAgain","floor":2,"gold_loss":0}],"is_beta":false,"boss_relics":[],"items_purged_floors":[],"is_endless":false,"potions_floor_spawned":[1,3,5,12,14],"killed_by":"Slime Boss","ascension_level":20}