{"gold_per_floor":[113,38,57,132,132,167,187,204,204,204,231,244,257,283,283,383,383,398,368,368,293,293,293,313,328,358,358,358,368,368,368],"floor_reached":31,"playtime":97171,"items_purged":["Strike_G"],"score":272,"play_id":"3e157f4d-b320-4e99-986f-ddbc697aeb9c","local_time":"20190513220601","is_ascension_mode":false,"campfire_choices":[{"data":"Distraction","floor":10,"key":"SMITH"},{"floor":15,"key":"REST"},{"floor":23,"key":"REST"},{"floor":27,"key":"REST"},{"floor":30,"key":"REST"}],"neow_cost":"NONE","seed_source_timestamp":1306768254706121,"circlet_count":0,"master_deck":["Defend_G","Defend_G","Defend_G","Defend_G","Defend_G","Strike_G","Survivor","Neutralize","Terror","Calculated Gamble","Flying Knee","Distraction+1","Footwork","Backstab","Flying Knee","Envenom","Deadly Poison","Dodge and Roll","Slice","Underhanded Strike","Unload","Outmaneuver+1","Deadly Poison","Neutralize","Deflect+1","Deadly Poison","Slice","Bouncing Flask","Sucker Punch"],"relics":["Ring of the Snake","NeowsBlessing","Ornamental Fan","Sundial","Omamori","Darkstone Periapt","Orrery","Enchiridion","Tiny Chest"],"potions_floor_usage":[14,24,25],"damage_taken":[{"damage":0,"enemies":"2 Louse","floor":1,"turns":1},{"damage":0,"enemies":"Cultist","floor":3,"turns":1},{"damage":0,"enemies":"Lagavulin","floor":6,"turns":1},{"damage":1,"enemies":"Jaw Worm","floor":7,"turns":4},{"damage":0,"enemies":"Blue Slaver","floor":8,"turns":7},{"damage":0,"enemies":"2 Fungi Beasts","floor":12,"turns":4},{"damage":3,"enemies":"Looter","floor":13,"turns":4},{"damage":5,"enemies":"Gremlin Nob","floor":14,"turns":5},{"damage":59,"enemies":"Hexaghost","floor":16,"turns":11},{"damage":27,"enemies":"Spheric Guardian","floor":18,"turns":5},{"damage":23,"enemies":"2 Thieves","floor":19,"turns":5},{"damage":12,"enemies":"Centurion and Healer","floor":24,"turns":9},{"damage":11,"enemies":"Sentry and Sphere","floor":25,"turns":9},{"damage":22,"enemies":"Shelled Parasite and Fungi","floor":29,"turns":8},{"damage":25,"enemies":"Book of Stabbing","floor":31,"turns":4}],"seed_played":"-1116224105128639197","potions_obtained":[{"floor":1,"key":"Weak Potion"},{"floor":3,"key":"Ancient Potion"},{"floor":6,"key":"Swift Potion"},{"floor":8,"key":"Strength Potion"},{"floor":19,"key":"EssenceOfSteel"}],"is_trial":false,"path_per_floor":["M","$","M","?","?","E","M","M","T","R","T","M","M","E","R","B",null,"M","M","?","?","?","R","M","M","T","R","?","M","R","E"],"character_chosen":"THE_SILENT","items_purchased":[],"campfire_rested":4,"item_purchase_floors":[],"current_hp_per_floor":[70,70,70,59,59,59,58,58,58,58,58,58,55,50,70,11,70,43,20,4,4,4,25,13,2,2,23,23,1,22,0],"gold":368,"neow_bonus":"THREE_ENEMY_KILL","is_prod":false,"is_daily":false,"chose_seed":false,"campfire_upgraded":1,"win_rate":0.0,"timestamp":1557799561,"path_taken":["M","$","M","?","?","E","?","?","T","R","?","M","M","E","R","BOSS","M","M","?","?","?","R","M","?","T","R","?","M","R","E"],"build_version":"2019-01-23","purchased_purges":1,"victory":false,"max_hp_per_floor":[70,70,70,70,70,70,70,70,70,70,70,70,70,70,70,70,70,70,70,70,70,70,70,70,70,70,70,70,70,70,70],"card_choices":[{"not_picked":["Choke","Reflex"],"picked":"Terror","floor":1},{"not_picked":["Blade Dance","Eviscerate"],"picked":"Calculated Gamble","floor":3},{"not_picked":["Dodge and Roll","Tactician"],"picked":"Flying Knee","floor":6},{"not_picked":["Acrobatics","Predator"],"picked":"Distraction","floor":7},{"not_picked":["Reflex","Bane"],"picked":"Footwork","floor":8},{"not_picked":["Dagger Throw","Reflex"],"picked":"Backstab","floor":12},{"not_picked":["Terror","Finisher"],"picked":"Flying Knee","floor":13},{"not_picked":["Skewer","Slice"],"picked":"Wraith Form v2","floor":14},{"not_picked":["Tools of the Trade","Glass Knife"],"picked":"Envenom","floor":16},{"not_picked":["Blade Dance","Underhanded Strike"],"picked":"Deadly Poison","floor":17},{"not_picked":["Riddle With Holes","Acrobatics"],"picked":"Dodge and Roll","floor":17},{"not_picked":["Prepared","Sucker Punch"],"picked":"Slice","floor":17},{"not_picked":["Backflip","Predator"],"picked":"Underhanded Strike","floor":17},{"not_picked":["Acrobatics","Slice"],"picked":"Unload","floor":17},{"not_picked":["Dagger Throw","Deflect"],"picked":"Outmaneuver+1","floor":18},{"not_picked":["Flechettes","Flying Knee"],"picked":"Deadly Poison","floor":19},{"not_picked":["Blur","Infinite Blades"],"picked":"Deflect+1","floor":24},{"not_picked":["Acrobatics","Wraith Form v2"],"picked":"Deadly Poison","floor":25},{"not_picked":["Acrobatics","Underhanded Strike"],"picked":"Sucker Punch","floor":29}],"player_experience":623977,"relics_obtained":[{"floor":6,"key":"Ornamental Fan"},{"floor":9,"key":"Sundial"},{"floor":11,"key":"Omamori"},{"floor":14,"key":"Darkstone Periapt"},{"floor":20,"key":"Enchiridion"},{"floor":26,"key":"Tiny Chest"}],"event_choices":[{"damage_healed":0,"gold_gain":75,"player_choice":"Gather Gold","damage_taken":11,"max_hp_gain":0,"max_hp_loss":0,"event_name":"World of Goop","floor":4,"gold_loss":0},{"cards_removed":["Strike_G"],"damage_healed":0,"gold_gain":0,"player_choice":"Purged","damage_taken":0,"max_hp_gain":0,"max_hp_loss":0,"event_name":"Purifier","floor":5,"gold_loss":0},{"damage_healed":0,"gold_gain":0,"player_choice":"Obtained Book","damage_taken":16,"max_hp_gain":0,"max_hp_loss":0,"event_name":"Cursed Tome","floor":20,"gold_loss":0},{"cards_removed":["Wraith Form v2"],"damage_healed":0,"gold_gain":0,"player_choice":"Gave Gold","damage_taken":0,"max_hp_gain":0,"max_hp_loss":0,"event_name":"Beggar","floor":21,"gold_loss":75},{"damage_healed":0,"gold_gain":0,"player_choice":"1 cards matched","damage_taken":0,"max_hp_gain":0,"max_hp_loss":0,"event_name":"Match and Keep!","floor":22,"gold_loss":0,"cards_obtained":["Neutralize"]},{"damage_healed":0,"gold_gain":0,"cards_transformed":["Strike_G","Strike_G"],"player_choice":"Became Test Subject","damage_taken":0,"max_hp_gain":0,"max_hp_loss":0,"event_name":"Drug Dealer","floor":28,"gold_loss":0,"cards_obtained":["Slice","Bouncing Flask"]}],"is_beta":false,"boss_relics":[{"not_picked":["Snecko Eye","Lizard Tail"],"picked":"Orrery"}],"items_purged_floors":[2],"is_endless":false,"potions_floor_spawned":[1,3,6,8,19],"killed_by":"Book of Stabbing","ascension_level":0}