{"gold_per_floor":[113,61,77,88,68,68,94,94,94,128,141,34,51,81,81,155,155,175,175,100,116,72,103,103,137,191,220,220,220,220,49,49,123,123,133,151,151,178,197,225,225,254,254,284,301,321,334,334,334,334],"floor_reached":51,"playtime":2077,"items_purged":["Strike_B"],"score":1555,"play_id":"aac7cbc9-fb81-4287-a9c1-51a012c08b45","local_time":"20190530224627","is_ascension_mode":true,"campfire_choices":[{"data":"Zap","floor":6,"key":"SMITH"},{"data":"Tempest","floor":8,"key":"SMITH"},{"data":"Defragment","floor":15,"key":"SMITH"},{"floor":24,"key":"REST"},{"data":"Capacitor","floor":28,"key":"SMITH"},{"data":"Biased Cognition","floor":30,"key":"SMITH"},{"floor":32,"key":"REST"},{"data":"Seek","floor":41,"key":"SMITH"},{"floor":49,"key":"REST"}],"neow_cost":"NONE","seed_source_timestamp":1139255913014639,"circlet_count":0,"master_deck":["AscendersBane","Zap+1","Dualcast","Electrodynamics","Ball Lightning","Ball Lightning","Tempest+1","Glacier","Chill","Defragment+1","Conserve Battery","Glacier","Biased Cognition+1","Core Surge","Capacitor+1","Barrage","Loop","Reboot","Reinforced Body","Defragment","White Noise","BootSequence","Cold Snap","Rebound","Seek+1","Barrage","Core Surge","Echo Form","Shame"],"relics":["Cracked Core","Ornamental Fan","Regal Pillow","Pear","Strawberry","Cursed Key","Nloth\u0027s Gift","Ancient Tea Set","Omamori","Boot","Juzu Bracelet","DataDisk","Pandora\u0027s Box","Vajra","PreservedInsect","Lantern","Bottled Lightning"],"potions_floor_usage":[7,14,18,25,25,40,45],"damage_taken":[{"damage":5,"enemies":"Small Slimes","floor":1,"turns":4},{"damage":0,"enemies":"Cultist","floor":3,"turns":2},{"damage":4,"enemies":"2 Louse","floor":4,"turns":2},{"damage":30,"enemies":"Lagavulin","floor":7,"turns":4},{"damage":5,"enemies":"3 Sentries","floor":10,"turns":3},{"damage":9,"enemies":"Red Slaver","floor":11,"turns":2},{"damage":3,"enemies":"Exordium Wildlife","floor":13,"turns":2},{"damage":1,"enemies":"Lagavulin","floor":14,"turns":5},{"damage":0,"enemies":"Slime Boss","floor":16,"turns":6},{"damage":0,"enemies":"3 Byrds","floor":18,"turns":4},{"damage":33,"enemies":"Shell Parasite","floor":21,"turns":4},{"damage":7,"enemies":"Slavers","floor":23,"turns":4},{"damage":16,"enemies":"Book of Stabbing","floor":25,"turns":6},{"damage":25,"enemies":"Gremlin Leader","floor":27,"turns":4},{"damage":16,"enemies":"Champ","floor":33,"turns":9},{"damage":0,"enemies":"3 Shapes","floor":35,"turns":2},{"damage":18,"enemies":"3 Darklings","floor":36,"turns":3},{"damage":0,"enemies":"Sphere and 2 Shapes","floor":39,"turns":4},{"damage":14,"enemies":"Nemesis","floor":40,"turns":5},{"damage":2,"enemies":"Reptomancer","floor":42,"turns":6},{"damage":0,"enemies":"Giant Head","floor":44,"turns":7},{"damage":17,"enemies":"Spire Growth","floor":45,"turns":4},{"damage":1,"enemies":"Maw","floor":46,"turns":5},{"damage":0,"enemies":"Sphere and 2 Shapes","floor":47,"turns":4},{"damage":1,"enemies":"Donu and Deca","floor":50,"turns":6}],"seed_played":"9010788658212795558","potions_obtained":[{"floor":5,"key":"AttackPotion"},{"floor":10,"key":"Poison Potion"},{"floor":13,"key":"AttackPotion"},{"floor":14,"key":"Dexterity Potion"},{"floor":23,"key":"Poison Potion"},{"floor":39,"key":"Block Potion"},{"floor":42,"key":"AttackPotion"},{"floor":44,"key":"EssenceOfSteel"}],"is_trial":false,"path_per_floor":["M","?","M","M","?","R","E","R","T","E","M","$","M","E","R","B",null,"M","?","$","M","$","E","R","E","T","E","R","?","R","$","R","B",null,"M","M","?","T","M","E","R","E","T","E","M","M","M","?","R","B",null],"character_chosen":"DEFECT","items_purchased":["Defragment","Conserve Battery","Loop","DataDisk"],"campfire_rested":3,"item_purchase_floors":[12,12,22,31],"current_hp_per_floor":[59,59,59,55,55,55,25,25,35,37,28,28,25,24,24,24,72,72,72,72,39,39,32,73,57,57,32,32,32,32,32,73,57,80,80,62,62,62,62,48,48,46,46,46,29,28,28,28,68,67],"gold":334,"neow_bonus":"ONE_RANDOM_RARE_CARD","is_prod":false,"is_daily":false,"chose_seed":false,"campfire_upgraded":6,"win_rate":0,"timestamp":1559249187,"path_taken":["M","?","M","?","?","R","E","R","T","E","M","$","?","E","R","BOSS","M","?","?","M","$","E","R","E","T","E","R","?","R","?","R","BOSS","M","M","?","?","M","E","R","E","T","E","M","M","M","?","R","BOSS"],"build_version":"2019-01-23","purchased_purges":1,"victory":true,"max_hp_per_floor":[71,71,71,71,71,71,71,71,81,88,88,88,88,88,88,88,88,88,88,88,88,88,88,88,88,88,88,88,88,88,88,88,88,88,88,88,84,84,84,84,84,84,84,84,84,84,84,84,84,84],"card_choices":[{"not_picked":["Conserve Battery","Gash"],"picked":"Ball Lightning","floor":1},{"not_picked":["Melter","Aggregate"],"picked":"Ball Lightning","floor":3},{"not_picked":["Compile Driver","Hologram"],"picked":"Tempest","floor":4},{"not_picked":["Conserve Battery","Fission"],"picked":"Glacier","floor":7},{"not_picked":["Sweeping Beam","Tempest"],"picked":"Chill","floor":10},{"not_picked":["Barrage","Chaos","Double Energy"],"picked":"SKIP","floor":11},{"not_picked":["Sweeping Beam","Ball Lightning"],"picked":"Glacier","floor":13},{"not_picked":["Go for the Eyes","Chaos"],"picked":"Biased Cognition","floor":14},{"not_picked":["Hyperbeam","Creative AI"],"picked":"Core Surge","floor":16},{"not_picked":["Leap","Turbo"],"picked":"Capacitor","floor":18},{"not_picked":["Barrage","Stack","Hologram"],"picked":"SKIP","floor":21},{"not_picked":["Stack","Hologram"],"picked":"Barrage","floor":21},{"not_picked":["Heatsinks","Conserve Battery","Core Surge"],"picked":"SKIP","floor":23},{"not_picked":["Leap","Gash"],"picked":"Reboot","floor":25},{"not_picked":["Sweeping Beam","FTL","Steam"],"picked":"SKIP","floor":27},{"not_picked":["Seek","Leap"],"picked":"Barrage","floor":35},{"not_picked":["Rebound","Cold Snap+1"],"picked":"Core Surge","floor":36},{"not_picked":["Tempest","Steam","BootSequence+1"],"picked":"SKIP","floor":39},{"not_picked":["Streamline","Stack"],"picked":"Echo Form","floor":40},{"not_picked":["Stack","Turbo","Sweeping Beam+1"],"picked":"SKIP","floor":42},{"not_picked":["Conserve Battery+1","Aggregate","Loop+1"],"picked":"SKIP","floor":44},{"not_picked":["Skim","Beam Cell","Fusion"],"picked":"SKIP","floor":45},{"not_picked":["Barrage+1","Compile Driver","Ball Lightning"],"picked":"SKIP","floor":46},{"not_picked":["Ball Lightning","Go for the Eyes","Multi-Cast"],"picked":"SKIP","floor":47}],"player_experience":472989,"relics_obtained":[{"floor":7,"key":"Regal Pillow"},{"floor":9,"key":"Pear"},{"floor":10,"key":"Strawberry"},{"floor":14,"key":"Letter Opener"},{"floor":23,"key":"Ancient Tea Set"},{"floor":25,"key":"Omamori"},{"floor":26,"key":"Boot"},{"floor":27,"key":"Juzu Bracelet"},{"floor":40,"key":"Vajra"},{"floor":42,"key":"PreservedInsect"},{"floor":43,"key":"Lantern"},{"floor":44,"key":"Bottled Lightning"}],"event_choices":[{"damage_healed":0,"gold_gain":0,"player_choice":"Paid Gold","damage_taken":0,"relics_obtained":["Ornamental Fan"],"max_hp_gain":0,"max_hp_loss":0,"event_name":"WeMeetAgain","floor":2,"gold_loss":52},{"damage_healed":0,"gold_gain":0,"player_choice":"Bought 1 Potion","damage_taken":0,"max_hp_gain":0,"max_hp_loss":0,"event_name":"The Woman in Blue","floor":5,"gold_loss":0},{"damage_healed":0,"gold_gain":0,"player_choice":"Traded Relic","damage_taken":0,"relics_obtained":["Nloth\u0027s Gift"],"max_hp_gain":0,"max_hp_loss":0,"event_name":"N\u0027loth","floor":19,"relics_lost":["Letter Opener"],"gold_loss":0},{"damage_healed":0,"gold_gain":0,"player_choice":"Ignored","damage_taken":0,"max_hp_gain":0,"max_hp_loss":0,"event_name":"Vampires","floor":29,"gold_loss":0},{"damage_healed":0,"gold_gain":0,"player_choice":"Max HP","damage_taken":0,"max_hp_gain":0,"max_hp_loss":4,"event_name":"Winding Halls","floor":37,"gold_loss":0},{"damage_healed":0,"gold_gain":0,"player_choice":"Ignored","damage_taken":0,"max_hp_gain":0,"max_hp_loss":0,"event_name":"The Moai Head","floor":48,"gold_loss":0}],"is_beta":false,"boss_relics":[{"not_picked":["Runic Dome","Empty Cage"],"picked":"Cursed Key"},{"not_picked":["Astrolabe","Fusion Hammer"],"picked":"Pandora\u0027s Box"}],"items_purged_floors":[20],"is_endless":false,"potions_floor_spawned":[10,13,14,16,23,39,42,44],"ascension_level":16}