{"gold_per_floor":[116,131,306,306,318,346,362,376,376,376,410,410,116,144,144,244,244,258,62,0,0],"floor_reached":21,"playtime":693,"items_purged":["Strike_R","Defend_R"],"score":286,"play_id":"af124362-dd16-4915-860e-6bddaaa1d2a1","local_time":"20190323010453","is_ascension_mode":true,"campfire_choices":[{"data":"Rage","floor":10,"key":"SMITH"},{"floor":12,"key":"REST"},{"data":"Disarm","floor":15,"key":"SMITH"}],"neow_cost":"NONE","seed_source_timestamp":171760496297794,"circlet_count":0,"master_deck":["Strike_R+1","Strike_R+1","Strike_R","Strike_R","Defend_R","Defend_R","Defend_R","Bash+1","Rage+1","Cleave","Doubt","Sword Boomerang","Battle Trance","Flex","Disarm+1","Whirlwind"],"special_seed":0,"relics":["Burning Blood","Happy Flower","Ginger","Matryoshka","Smiling Mask","Gremlin Horn","Du-Vu Doll","Orrery","Whetstone"],"potions_floor_usage":[7,11,11,16,16],"damage_taken":[{"damage":1,"enemies":"Cultist","floor":1,"turns":3},{"damage":1,"enemies":"Jaw Worm","floor":2,"turns":3},{"damage":14,"enemies":"Small Slimes","floor":5,"turns":5},{"damage":49,"enemies":"Gremlin Nob","floor":6,"turns":5},{"damage":5,"enemies":"2 Fungi Beasts","floor":7,"turns":3},{"damage":7,"enemies":"Exordium Wildlife","floor":8,"turns":3},{"damage":20,"enemies":"3 Sentries","floor":11,"turns":8},{"damage":16,"enemies":"Gremlin Nob","floor":14,"turns":3},{"damage":19,"enemies":"Hexaghost","floor":16,"turns":12},{"damage":43,"enemies":"Spheric Guardian","floor":18,"turns":6},{"damage":30,"enemies":"Shell Parasite","floor":21,"turns":2}],"seed_played":"-7418078516827526873","potions_obtained":[{"floor":1,"key":"Dexterity Potion"},{"floor":6,"key":"Regen Potion"},{"floor":7,"key":"PowerPotion"},{"floor":8,"key":"SkillPotion"},{"floor":14,"key":"PowerPotion"}],"is_trial":false,"path_per_floor":["M","M","?","T","M","E","M","M","T","R","E","R","$","E","R","B",null,"M","$","?","M"],"character_chosen":"IRONCLAD","items_purchased":["Gremlin Horn","Whetstone"],"campfire_rested":1,"item_purchase_floors":[13,19],"current_hp_per_floor":[77,80,80,80,72,29,39,38,38,38,24,48,48,38,38,25,66,29,29,29,0],"gold":0,"neow_bonus":"UPGRADE_CARD","is_prod":false,"is_daily":false,"chose_seed":false,"campfire_upgraded":2,"win_rate":0,"timestamp":1553299493,"path_taken":["M","?","?","?","M","E","?","M","T","R","E","R","$","E","R","BOSS","M","$","?","M"],"build_version":"2019-01-23","purchased_purges":2,"victory":false,"max_hp_per_floor":[80,80,80,80,80,80,80,80,80,80,80,80,80,80,80,80,80,80,80,80,80],"card_choices":[{"not_picked":["Pommel Strike","Clothesline"],"picked":"Rage","floor":1},{"not_picked":["Shockwave","Entrench"],"picked":"Cleave","floor":2},{"not_picked":["Twin Strike","Combust","Metallicize"],"picked":"SKIP","floor":5},{"not_picked":["Reckless Charge","Warcry"],"picked":"Sword Boomerang","floor":6},{"not_picked":["Fire Breathing","Sentinel"],"picked":"Battle Trance","floor":7},{"not_picked":["Headbutt","Rupture"],"picked":"Flex","floor":8},{"not_picked":["Body Slam","Feel No Pain"],"picked":"Disarm","floor":11},{"not_picked":["Thunderclap","Clothesline","Cleave"],"picked":"SKIP","floor":14},{"not_picked":["Armaments","Power Through"],"picked":"Whirlwind","floor":17},{"not_picked":["Body Slam","Shockwave+1","Sever Soul"],"picked":"SKIP","floor":18}],"player_experience":141869,"relics_obtained":[{"floor":4,"key":"Happy Flower"},{"floor":6,"key":"Ginger"},{"floor":9,"key":"Matryoshka"},{"floor":11,"key":"Smiling Mask"},{"floor":14,"key":"Du-Vu Doll"}],"event_choices":[{"damage_healed":0,"gold_gain":175,"player_choice":"AGREE","damage_taken":0,"max_hp_gain":0,"max_hp_loss":0,"event_name":"Liars Game","floor":3,"gold_loss":0,"cards_obtained":["Doubt"]},{"damage_healed":0,"gold_gain":0,"player_choice":"Paid Fearfully","damage_taken":0,"max_hp_gain":0,"max_hp_loss":0,"event_name":"Masked Bandits","floor":20,"gold_loss":62}],"is_beta":false,"boss_relics":[{"not_picked":["Astrolabe","Calling Bell"],"picked":"Orrery"}],"items_purged_floors":[13,19],"is_endless":false,"potions_floor_spawned":[1,6,7,8,14],"killed_by":"Shell Parasite","ascension_level":9}