{"gold_per_floor":[109,129,144,161,41,41,4,4,4,30,30,30,45,62,62,62],"floor_reached":16,"playtime":860,"items_purged":[],"score":112,"play_id":"5c3ff1d8-5211-4b43-8c70-ba2842e957ce","local_time":"20190419182028","is_ascension_mode":true,"campfire_choices":[{"data":"Zap","floor":6,"key":"SMITH"},{"data":"Dualcast","floor":8,"key":"SMITH"},{"data":"Tempest","floor":15,"key":"SMITH"}],"neow_cost":"NONE","seed_source_timestamp":459983499231300,"circlet_count":0,"master_deck":["Strike_B","Strike_B","Defend_B","Defend_B","Defend_B","Defend_B","Zap+1","Dualcast+1","Leap","All For One","Defragment","Ball Lightning","Defragment","Genetic Algorithm","Self Repair","Amplify","Self Repair","Parasite","Coolheaded","Tempest+1"],"relics":["Cracked Core","Turnip","Du-Vu Doll"],"potions_floor_usage":[10,14],"damage_taken":[{"damage":0,"enemies":"Cultist","floor":1,"turns":4},{"damage":0,"enemies":"2 Louse","floor":2,"turns":3},{"damage":0,"enemies":"Small Slimes","floor":3,"turns":3},{"damage":11,"enemies":"2 Fungi Beasts","floor":4,"turns":5},{"damage":42,"enemies":"3 Sentries","floor":10,"turns":10},{"damage":14,"enemies":"Looter","floor":13,"turns":3},{"damage":12,"enemies":"Large Slime","floor":14,"turns":7},{"damage":57,"enemies":"Slime Boss","floor":16,"turns":8}],"seed_played":"-5899473415251084991","potions_obtained":[{"floor":4,"key":"Block Potion"},{"floor":13,"key":"GamblersBrew"},{"floor":14,"key":"Weak Potion"}],"is_trial":false,"path_per_floor":["M","M","M","M","$","R","$","R","T","E","?","?","M","M","R","B"],"character_chosen":"DEFECT","items_purchased":["Defragment","Genetic Algorithm","Self Repair"],"campfire_rested":0,"item_purchase_floors":[5,5,7],"current_hp_per_floor":[75,75,75,64,64,64,64,64,64,29,29,47,47,49,49,0],"gold":62,"neow_bonus":"REMOVE_CARD","is_prod":false,"is_daily":false,"chose_seed":false,"campfire_upgraded":3,"win_rate":0,"timestamp":1555723228,"path_taken":["M","?","M","M","$","R","$","R","T","E","?","?","M","M","R","BOSS"],"build_version":"2019-01-23","purchased_purges":0,"victory":false,"max_hp_per_floor":[75,75,75,75,75,75,75,75,75,75,75,75,75,75,75,75],"card_choices":[{"not_picked":["Go for the Eyes","Hologram"],"picked":"Leap","floor":1},{"not_picked":["Barrage","Go for the Eyes"],"picked":"All For One","floor":2},{"not_picked":["Streamline","Cold Snap"],"picked":"Defragment","floor":3},{"not_picked":["Storm","Sweeping Beam"],"picked":"Ball Lightning","floor":4},{"not_picked":["Rebound","Cold Snap"],"picked":"Amplify","floor":10},{"not_picked":["Leap","Barrage"],"picked":"Coolheaded","floor":13},{"not_picked":["Stack","BootSequence"],"picked":"Tempest","floor":14}],"player_experience":226557,"relics_obtained":[{"floor":9,"key":"Turnip"},{"floor":10,"key":"Du-Vu Doll"}],"event_choices":[{"damage_healed":0,"gold_gain":0,"cards_transformed":["Strike_B"],"player_choice":"Change","damage_taken":0,"max_hp_gain":0,"max_hp_loss":0,"event_name":"Living Wall","floor":11,"gold_loss":0,"cards_obtained":["Self Repair"]},{"damage_healed":18,"gold_gain":0,"player_choice":"Healed and dodged fight","damage_taken":0,"max_hp_gain":0,"max_hp_loss":0,"event_name":"Mushrooms","floor":12,"gold_loss":0,"cards_obtained":["Parasite"]}],"is_beta":false,"boss_relics":[],"items_purged_floors":[],"is_endless":false,"potions_floor_spawned":[4,13,14],"killed_by":"Slime Boss","ascension_level":2}