{"gold_per_floor":[213,213,223,234,67,67,67,99,126,126,126,145,180,105,105,181,181,196,215,233,233,5,31,31,60,72,84,116,128,166,198,210,222],"floor_reached":33,"playtime":1441,"items_purged":["Strike_G"],"score":586,"play_id":"c58e6958-ebbe-413d-aee6-8179cfafb7bf","local_time":"20190628132009","is_ascension_mode":true,"campfire_choices":[{"data":"Dash","floor":6.0,"key":"SMITH"},{"data":"Crippling Poison","floor":11.0,"key":"SMITH"},{"data":"Footwork","floor":15.0,"key":"SMITH"},{"floor":24,"key":"RECALL"},{"floor":32,"key":"REST"}],"neow_cost":"NONE","seed_source_timestamp":249856604905189,"circlet_count":0,"master_deck":["AscendersBane","Defend_G","Defend_G","Defend_G","Defend_G","Defend_G","Strike_G","Strike_G","Strike_G","Survivor","Neutralize","Dash+1","Quick Slash","Deflect","Crippling Poison+1","Footwork+1","Footwork","Poisoned Stab","Glass Knife+1","Wraith Form v2","Dagger Throw+1","Slice+1","Deflect+1","Backstab+1","Dash+1","Dodge and Roll+1","Caltrops"],"special_seed":0,"relics":["Ring of the Snake","Juzu Bracelet","Bronze Scales","Molten Egg 2","Fusion Hammer","Lantern","Mercury Hourglass","MawBank","Unceasing Top","Red Mask"],"potions_floor_usage":[23,25,33,33],"damage_taken":[{"damage":0.0,"enemies":"2 Louse","floor":1.0,"turns":3.0},{"damage":0.0,"enemies":"Cultist","floor":3.0,"turns":4.0},{"damage":0.0,"enemies":"Jaw Worm","floor":4.0,"turns":3.0},{"damage":9.0,"enemies":"3 Sentries","floor":8.0,"turns":13.0},{"damage":7.0,"enemies":"3 Louse","floor":12.0,"turns":2.0},{"damage":21.0,"enemies":"Gremlin Nob","floor":13.0,"turns":4.0},{"damage":10.0,"enemies":"Hexaghost","floor":16.0,"turns":8.0},{"damage":1.0,"enemies":"2 Thieves","floor":18.0,"turns":4.0},{"damage":2.0,"enemies":"3 Byrds","floor":19.0,"turns":3.0},{"damage":3.0,"enemies":"Sentry and Sphere","floor":20.0,"turns":6.0},{"damage":5,"enemies":"Gremlin Leader","floor":23,"turns":7},{"damage":8,"enemies":"Slavers","floor":25,"turns":5},{"damage":0,"enemies":"Chosen and Byrds","floor":28,"turns":3},{"damage":2,"enemies":"Masked Bandits","floor":30,"turns":2},{"damage":4,"enemies":"Snecko","floor":31,"turns":5},{"damage":57,"enemies":"Champ","floor":33,"turns":15}],"seed_played":"4362033827311996070","potions_obtained":[{"floor":1.0,"key":"Block Potion"},{"floor":8.0,"key":"FearPotion"},{"floor":13.0,"key":"PowerPotion"},{"floor":16.0,"key":"Fire Potion"},{"floor":23,"key":"PowerPotion"},{"floor":30,"key":"Dexterity Potion"},{"floor":31,"key":"SkillPotion"}],"is_trial":false,"path_per_floor":["M","?","M","M","$","R","?","E","T","?","R","M","E","$","R","B",null,"M","M","M","?","$","E","R","E","T","?","M","?","?","M","R","B"],"character_chosen":"THE_SILENT","items_purchased":["Crippling Poison","Footwork","Lantern","Fire Potion"],"campfire_rested":1,"item_purchase_floors":[5,5,22,22],"current_hp_per_floor":[59,59,59,59,59,59,59,50,50,50,50,43,22,22,22,12,53,52,50,47,47,47,42,42,34,34,34,34,34,32,28,47,0],"gold":222,"neow_bonus":"HUNDRED_GOLD","is_prod":false,"is_daily":false,"chose_seed":false,"campfire_upgraded":3,"win_rate":0,"timestamp":1561720809,"path_taken":["M","?","M","?","$","R","?","E","T","?","R","M","E","?","R","BOSS","M","M","M","?","$","E","R","E","T","?","M","?","?","M","R","BOSS"],"build_version":"2019-01-23","purchased_purges":1,"victory":false,"max_hp_per_floor":[66,66,66,66,66,66,66,66,66,66,66,66,66,66,66,66,66,66,66,66,66,66,66,66,66,66,66,66,66,66,66,66,66],"card_choices":[{"not_picked":["Blade Dance","Leg Sweep"],"picked":"Dash","floor":1.0},{"not_picked":["PiercingWail","Dodge and Roll"],"picked":"Quick Slash","floor":3.0},{"not_picked":["Acrobatics","Poisoned Stab"],"picked":"Deflect","floor":4.0},{"not_picked":["Doppelganger","Finisher"],"picked":"Footwork","floor":8.0},{"not_picked":["Deadly Poison","Reflex"],"picked":"Poisoned Stab","floor":12.0},{"not_picked":["Slice","Acrobatics"],"picked":"Glass Knife","floor":13.0},{"not_picked":["Phantasmal Killer","Grand Finale+1"],"picked":"Wraith Form v2","floor":16.0},{"not_picked":["Expertise","Acrobatics"],"picked":"Dagger Throw+1","floor":18.0},{"not_picked":["Deadly Poison","Acrobatics"],"picked":"Slice+1","floor":19.0},{"not_picked":["Calculated Gamble","Masterful Stab+1"],"picked":"Deflect+1","floor":20.0},{"not_picked":["Deadly Poison+1","Dodge and Roll"],"picked":"Backstab+1","floor":23},{"not_picked":["Cloak And Dagger","Blade Dance"],"picked":"Dash+1","floor":25},{"not_picked":["Blade Dance","Riddle With Holes+1"],"picked":"Dodge and Roll+1","floor":28},{"not_picked":["Cloak And Dagger","Quick Slash+1"],"picked":"Caltrops","floor":30},{"not_picked":["A Thousand Cuts","Poisoned Stab+1","Accuracy"],"picked":"SKIP","floor":31}],"player_experience":674051,"relics_obtained":[{"floor":8.0,"key":"Juzu Bracelet"},{"floor":9.0,"key":"Bronze Scales"},{"floor":13.0,"key":"Molten Egg 2"},{"floor":23,"key":"Mercury Hourglass"},{"floor":25,"key":"MawBank"},{"floor":26,"key":"Unceasing Top"},{"floor":30,"key":"Red Mask"}],"event_choices":[{"cards_removed":["Strike_G"],"damage_healed":0.0,"max_hp_gain":0.0,"max_hp_loss":0.0,"gold_gain":0.0,"event_name":"Purifier","player_choice":"Purged","floor":2.0,"gold_loss":0.0,"damage_taken":0.0},{"damage_healed":0.0,"max_hp_gain":0.0,"max_hp_loss":0.0,"gold_gain":0.0,"event_name":"Dead Adventurer","player_choice":"Searched \u00270\u0027 times","floor":7.0,"gold_loss":0.0,"damage_taken":0.0},{"damage_healed":0.0,"max_hp_gain":0.0,"max_hp_loss":0.0,"gold_gain":0.0,"event_name":"Liars Game","player_choice":"Ignored","floor":10.0,"gold_loss":0.0,"damage_taken":0.0},{"damage_healed":0.0,"max_hp_gain":0.0,"max_hp_loss":0.0,"gold_gain":0.0,"event_name":"Cursed Tome","player_choice":"Ignored","floor":21.0,"gold_loss":0.0,"damage_taken":0.0},{"damage_healed":0,"gold_gain":0,"player_choice":"Ignored","damage_taken":0,"max_hp_gain":0,"max_hp_loss":0,"event_name":"Ghosts","floor":29,"gold_loss":0},{"damage_healed":0,"gold_gain":0,"player_choice":"Fought Bandits","damage_taken":0,"max_hp_gain":0,"max_hp_loss":0,"event_name":"Masked Bandits","floor":30,"gold_loss":0}],"is_beta":false,"boss_relics":[{"not_picked":["Runic Dome","Ectoplasm"],"picked":"Fusion Hammer"}],"items_purged_floors":[14],"is_endless":false,"potions_floor_spawned":[1,8,13,16,18,23,30,31],"killed_by":"Champ","ascension_level":20}