{"gold_per_floor":[118,118,135,152,18,18,46,46,46,46,62,80,90,102,102,179,179,191,244,256,193,218,230,277,289,301,32,32,32,32,42,42,42],"floor_reached":33,"playtime":1191,"items_purged":["Strike_R"],"score":530,"play_id":"2138f50f-d34f-45f2-aa32-629ff0a4edc6","local_time":"20190530153722","is_ascension_mode":true,"campfire_choices":[{"data":"Bash","floor":6.0,"key":"SMITH"},{"data":"Flame Barrier","floor":10.0,"key":"SMITH"},{"data":"Shockwave","floor":15.0,"key":"SMITH"},{"data":"Juggernaut","floor":23,"key":"SMITH"},{"data":"Metallicize","floor":28,"key":"SMITH"},{"floor":32,"key":"REST"}],"neow_cost":"NONE","seed_source_timestamp":1114391202714237,"circlet_count":0,"master_deck":["AscendersBane","Strike_R","Strike_R","Strike_R","Strike_R","Defend_R","Defend_R","Defend_R","Defend_R","Carnage","Flame Barrier+1","Cleave","Anger","Metallicize","Shrug It Off","Iron Wave","Pain","Clothesline","Shockwave+1","Twin Strike","Juggernaut+1","Rage","Metallicize+1","Decay"],"special_seed":0,"relics":["Orrery","Self Forming Clay","Du-Vu Doll","WarpedTongs","Bronze Scales","Eternal Feather","MawBank","Torii","Ornamental Fan","Letter Opener"],"potions_floor_usage":[24,33],"damage_taken":[{"damage":4.0,"enemies":"Jaw Worm","floor":1.0,"turns":3.0},{"damage":6.0,"enemies":"Cultist","floor":3.0,"turns":3.0},{"damage":8.0,"enemies":"Small Slimes","floor":4.0,"turns":3.0},{"damage":3.0,"enemies":"Gremlin Nob","floor":7.0,"turns":3.0},{"damage":3.0,"enemies":"Red Slaver","floor":11.0,"turns":3.0},{"damage":5.0,"enemies":"Exordium Thugs","floor":12.0,"turns":2.0},{"damage":5.0,"enemies":"Large Slime","floor":13.0,"turns":4.0},{"damage":5.0,"enemies":"Exordium Wildlife","floor":14.0,"turns":5.0},{"damage":36.0,"enemies":"The Guardian","floor":16.0,"turns":9.0},{"damage":9,"enemies":"Chosen","floor":18,"turns":4},{"damage":13,"enemies":"3 Byrds","floor":22,"turns":3},{"damage":33,"enemies":"Gremlin Leader","floor":24,"turns":6},{"damage":20,"enemies":"Snake Plant","floor":31,"turns":4},{"damage":86,"enemies":"Champ","floor":33,"turns":10}],"seed_played":"436930337638091471","potions_obtained":[{"floor":1.0,"key":"GamblersBrew"},{"floor":11.0,"key":"Regen Potion"},{"floor":16.0,"key":"Strength Potion"},{"floor":18,"key":"SneckoOil"},{"floor":31,"key":"AttackPotion"}],"is_trial":false,"path_per_floor":["M","?","M","M","$","R","E","?","T","R","M","M","M","M","R","B",null,"M","T","$","?","M","R","E","?","T","$","R","$","?","M","R","B"],"character_chosen":"IRONCLAD","items_purchased":["Shrug It Off","Letter Opener"],"campfire_rested":1,"item_purchase_floors":[5,27],"current_hp_per_floor":[64,64,58,50,50,50,47,47,47,47,44,39,34,29,29,8,58,49,49,49,49,36,48,15,30,30,30,42,42,42,22,56,0],"gold":42,"neow_bonus":"BOSS_RELIC","is_prod":false,"is_daily":false,"chose_seed":false,"campfire_upgraded":5,"win_rate":0,"timestamp":1559223442,"path_taken":["M","?","M","M","?","R","E","?","T","R","M","?","M","M","R","BOSS","M","?","?","?","?","R","E","?","T","$","R","$","?","M","R","BOSS"],"build_version":"2019-01-23","purchased_purges":1,"victory":false,"max_hp_per_floor":[75,75,75,75,75,75,75,75,75,75,75,75,75,75,75,75,75,75,75,75,75,75,75,75,75,75,75,75,75,75,75,75,75],"card_choices":[{"not_picked":["Pummel","Flex"],"picked":"Carnage","floor":0.0},{"not_picked":["Body Slam","Warcry"],"picked":"Flame Barrier","floor":0.0},{"not_picked":["Pummel","Heavy Blade"],"picked":"Cleave","floor":0.0},{"not_picked":["Power Through","Entrench"],"picked":"Anger","floor":0.0},{"not_picked":["Perfected Strike","Whirlwind","Hemokinesis"],"picked":"SKIP","floor":1.0},{"not_picked":["Dual Wield","Clothesline","Wild Strike"],"picked":"SKIP","floor":3.0},{"not_picked":["Cleave","Combust"],"picked":"Metallicize","floor":4.0},{"not_picked":["Uppercut","Corruption"],"picked":"Iron Wave","floor":7.0},{"not_picked":["Iron Wave","Wild Strike","Thunderclap"],"picked":"SKIP","floor":11.0},{"not_picked":["Pommel Strike","Shrug It Off"],"picked":"Clothesline","floor":12.0},{"not_picked":["Infernal Blade","Double Tap"],"picked":"Shockwave","floor":13.0},{"not_picked":["Wild Strike","Havoc"],"picked":"Twin Strike","floor":14.0},{"not_picked":["Limit Break","Feed"],"picked":"Juggernaut","floor":16.0},{"not_picked":["Wild Strike","Power Through+1","Searing Blow"],"picked":"SKIP","floor":18},{"not_picked":["Headbutt","Sentinel"],"picked":"Rage","floor":22},{"not_picked":["Fiend Fire","Perfected Strike"],"picked":"Metallicize","floor":24},{"not_picked":["Clothesline","Warcry","Perfected Strike"],"picked":"SKIP","floor":31}],"player_experience":463269,"relics_obtained":[{"floor":7.0,"key":"Du-Vu Doll"},{"floor":9.0,"key":"Bronze Scales"},{"floor":19,"key":"MawBank"},{"floor":24,"key":"Torii"},{"floor":26,"key":"Ornamental Fan"}],"event_choices":[{"damage_healed":0.0,"max_hp_gain":0.0,"max_hp_loss":0.0,"gold_gain":0.0,"event_name":"WeMeetAgain","player_choice":"Gave Potion","floor":2.0,"gold_loss":0.0,"damage_taken":0.0,"relics_obtained":["Self Forming Clay"]},{"damage_healed":0.0,"max_hp_gain":0.0,"max_hp_loss":0.0,"gold_gain":0.0,"event_name":"Accursed Blacksmith","player_choice":"Rummage","floor":8.0,"gold_loss":0.0,"damage_taken":0.0,"relics_obtained":["WarpedTongs"],"cards_obtained":["Pain"]},{"cards_removed":["Bash"],"damage_healed":0,"gold_gain":0,"player_choice":"Gave Gold","damage_taken":0,"max_hp_gain":0,"max_hp_loss":0,"event_name":"Beggar","floor":21,"gold_loss":75},{"damage_healed":15,"gold_gain":0,"player_choice":"Heal","damage_taken":0,"max_hp_gain":0,"max_hp_loss":0,"event_name":"The Library","floor":25,"gold_loss":0},{"damage_healed":0,"gold_gain":0,"player_choice":"Cursed","damage_taken":0,"max_hp_gain":0,"max_hp_loss":0,"event_name":"Wheel of Change","floor":30,"gold_loss":0,"cards_obtained":["Decay"]}],"is_beta":false,"boss_relics":[{"not_picked":["Lizard Tail","Black Star"],"picked":"Eternal Feather"}],"items_purged_floors":[5],"is_endless":false,"potions_floor_spawned":[1,11,16,18,31],"killed_by":"Champ","ascension_level":20}