{"gold_per_floor":[110,110,129,129,129,163,163,163,243,25,25,45,45,61,61,157,157,167,185,47,47,47,47,75,75,75,75,7,21,21,21,21,125,125,144,0,13,1012,478,478,478,494,494,514,529,539,539,549,549,549],"floor_reached":50,"playtime":9821,"items_purged":["Strike_G","Pain","Shame"],"score":483,"play_id":"0db47082-cb7d-4799-ae26-21849401f3dd","local_time":"20190525215403","is_ascension_mode":false,"campfire_choices":[{"floor":8,"key":"DIG"},{"floor":11,"key":"DIG"},{"floor":13,"key":"DIG"},{"floor":15,"key":"DIG"},{"floor":23,"key":"DIG"},{"floor":25,"key":"DIG"},{"floor":27,"key":"DIG"},{"floor":32,"key":"REST"},{"floor":40,"key":"DIG"},{"floor":47,"key":"REST"},{"floor":49,"key":"REST"}],"neow_cost":"NONE","seed_source_timestamp":2433745449691486,"circlet_count":0,"master_deck":["Defend_G+1","Defend_G+1","Defend_G+1","Defend_G+1","Defend_G+1","Strike_G+1","Strike_G+1","Strike_G+1","Strike_G+1","Survivor","Neutralize","Bouncing Flask","Flying Knee","All Out Attack","Accuracy+1","PiercingWail","Adrenaline","Dodge and Roll+1","Cloak And Dagger+1","Well Laid Plans+1","Dash","Poisoned Stab","Corpse Explosion","Blur","Bullet Time","Deadly Poison","Corpse Explosion","The Bomb","Eviscerate","Quick Slash+1","Doppelganger","Acrobatics","Escape Plan+1"],"relics":["White Beast Statue","WarpedTongs","Bottled Flame","Shovel","Strawberry","Letter Opener","Frozen Egg 2","Regal Pillow","Blood Vial","War Paint","Kunai","Fusion Hammer","Question Card","Omamori","Blue Candle","Darkstone Periapt","Dodecahedron","Boot","HoveringKite","Red Mask","Juzu Bracelet","Bottled Lightning","Peace Pipe"],"potions_floor_usage":[16,16,24,33,35,37,44,44,46],"damage_taken":[{"damage":0,"enemies":"Cultist","floor":1,"turns":5},{"damage":2,"enemies":"Small Slimes","floor":3,"turns":4},{"damage":34,"enemies":"Gremlin Nob","floor":6,"turns":5},{"damage":0,"enemies":"2 Louse","floor":12,"turns":2},{"damage":5,"enemies":"Looter","floor":14,"turns":4},{"damage":53,"enemies":"Slime Boss","floor":16,"turns":11},{"damage":8,"enemies":"Spheric Guardian","floor":18,"turns":4},{"damage":5,"enemies":"Shell Parasite","floor":19,"turns":7},{"damage":24,"enemies":"Slavers","floor":24,"turns":7},{"damage":0,"enemies":"Chosen and Byrds","floor":29,"turns":4},{"damage":12,"enemies":"Champ","floor":33,"turns":14},{"damage":2,"enemies":"Orb Walker","floor":35,"turns":4},{"damage":22,"enemies":"3 Darklings","floor":37,"turns":4},{"damage":3,"enemies":"Jaw Worm Horde","floor":42,"turns":2},{"damage":4,"enemies":"Transient","floor":44,"turns":5},{"damage":10,"enemies":"Maw","floor":45,"turns":7},{"damage":25,"enemies":"Spire Growth","floor":46,"turns":4},{"damage":5,"enemies":"4 Shapes","floor":48,"turns":2},{"damage":127,"enemies":"Time Eater","floor":50,"turns":10}],"seed_played":"1266567764353106999","potions_obtained":[{"floor":1,"key":"Weak Potion"},{"floor":3,"key":"Regen Potion"},{"floor":6,"key":"SteroidPotion"},{"floor":14,"key":"Explosive Potion"},{"floor":16,"key":"Strength Potion"},{"floor":18,"key":"Energy Potion"},{"floor":24,"key":"EssenceOfSteel"},{"floor":33,"key":"GamblersBrew"},{"floor":35,"key":"Weak Potion"},{"floor":37,"key":"Poison Potion"},{"floor":44,"key":"Strength Potion"},{"floor":45,"key":"Swift Potion"},{"floor":46,"key":"FairyPotion"},{"floor":48,"key":"FairyPotion"}],"is_trial":false,"path_per_floor":["M","?","M","T","?","E","?","R","T","$","R","M","R","M","R","B",null,"M","M","$","?","?","R","E","R","T","R","$","M","?","?","R","B",null,"M","?","M","?","$","R","?","M","T","M","M","M","R","M","R","B"],"character_chosen":"THE_SILENT","items_purchased":["Regal Pillow","Well Laid Plans+1","Corpse Explosion","Corpse Explosion","The Bomb","Juzu Bracelet"],"campfire_rested":3,"item_purchase_floors":[10,20,28,39,39,39],"current_hp_per_floor":[70,70,68,68,61,34,59,59,59,59,59,61,61,58,58,22,77,69,66,66,66,66,66,44,44,44,44,44,46,46,32,71,61,82,80,80,60,60,60,60,60,59,59,57,49,26,65,62,82,0],"gold":549,"neow_bonus":"BOSS_RELIC","is_prod":false,"is_daily":false,"chose_seed":false,"campfire_upgraded":0,"win_rate":0.0,"timestamp":1558835643,"path_taken":["M","?","?","?","?","E","?","R","T","?","R","M","R","M","R","BOSS","M","M","$","?","?","R","E","R","T","R","$","M","?","?","R","BOSS","M","?","M","?","$","R","?","M","T","M","M","M","R","M","R","BOSS"],"build_version":"2019-01-23","purchased_purges":3,"victory":false,"max_hp_per_floor":[70,70,70,70,70,77,77,77,77,77,77,77,77,77,77,77,77,77,77,77,77,77,77,77,77,77,77,77,77,77,82,82,82,82,82,82,82,82,82,82,82,82,82,82,82,82,82,82,82,82],"card_choices":[{"not_picked":["Eviscerate","Flying Knee"],"picked":"Bouncing Flask","floor":1},{"not_picked":["Infinite Blades","Dagger Throw"],"picked":"Flying Knee","floor":3},{"not_picked":["Deflect","Prepared"],"picked":"All Out Attack","floor":6},{"not_picked":["Noxious Fumes+1","Quick Slash"],"picked":"Accuracy+1","floor":12},{"not_picked":["Distraction","Deadly Poison"],"picked":"PiercingWail","floor":14},{"not_picked":["Burst","Die Die Die"],"picked":"Adrenaline","floor":16},{"not_picked":["Quick Slash","Dagger Spray+1"],"picked":"Dodge and Roll+1","floor":18},{"not_picked":["Choke","Predator"],"picked":"Cloak And Dagger+1","floor":19},{"not_picked":["Bane","Backflip","Deflect"],"picked":"Poisoned Stab","floor":24},{"not_picked":["Outmaneuver","Underhanded Strike","Sucker Punch"],"picked":"Blur","floor":29},{"not_picked":["Wraith Form v2+1","Burst","Doppelganger"],"picked":"Bullet Time","floor":33},{"not_picked":["Poisoned Stab+1","Sucker Punch+1","Deflect+1","Dagger Throw"],"picked":"SKIP","floor":35},{"not_picked":["Footwork+1","Bane","Flechettes"],"picked":"Deadly Poison","floor":37},{"not_picked":["Dodge and Roll+1","All Out Attack","Masterful Stab"],"picked":"Eviscerate","floor":42},{"not_picked":["Backstab","All Out Attack+1","Dagger Spray+1"],"picked":"Quick Slash+1","floor":44},{"not_picked":["Leg Sweep+1","Prepared","Flying Knee+1"],"picked":"Doppelganger","floor":45},{"not_picked":["Riddle With Holes+1","Outmaneuver+1","Dodge and Roll"],"picked":"Acrobatics","floor":46},{"not_picked":["Prepared+1","Finisher","Flying Knee"],"picked":"Escape Plan+1","floor":48}],"player_experience":935325,"relics_obtained":[{"floor":4,"key":"Bottled Flame"},{"floor":6,"key":"Strawberry"},{"floor":8,"key":"Letter Opener"},{"floor":9,"key":"Frozen Egg 2"},{"floor":11,"key":"Blood Vial"},{"floor":13,"key":"War Paint"},{"floor":15,"key":"Kunai"},{"floor":23,"key":"Omamori"},{"floor":24,"key":"Blue Candle"},{"floor":25,"key":"Darkstone Periapt"},{"floor":26,"key":"Dodecahedron"},{"floor":27,"key":"Boot"},{"floor":40,"key":"Bottled Lightning"},{"floor":43,"key":"Peace Pipe"}],"event_choices":[{"damage_healed":0,"gold_gain":0,"player_choice":"Rummage","damage_taken":0,"relics_obtained":["WarpedTongs"],"max_hp_gain":0,"max_hp_loss":0,"event_name":"Accursed Blacksmith","floor":2,"gold_loss":0,"cards_obtained":["Pain"]},{"damage_healed":0,"gold_gain":0,"player_choice":"Success","damage_taken":7,"relics_obtained":["Shovel"],"max_hp_gain":0,"max_hp_loss":0,"event_name":"Scrap Ooze","floor":5,"gold_loss":0},{"damage_healed":25,"gold_gain":0,"player_choice":"Banana","damage_taken":0,"max_hp_gain":0,"max_hp_loss":0,"event_name":"Big Fish","floor":7,"gold_loss":0},{"damage_healed":0,"gold_gain":0,"player_choice":"Stole Relic","damage_taken":0,"relics_obtained":["Question Card"],"max_hp_gain":0,"max_hp_loss":0,"event_name":"Addict","floor":21,"gold_loss":0,"cards_obtained":["Shame"]},{"damage_healed":0,"gold_gain":0,"player_choice":"Read","damage_taken":0,"max_hp_gain":0,"max_hp_loss":0,"event_name":"The Library","floor":22,"gold_loss":0,"cards_obtained":["Dash"]},{"damage_healed":0,"gold_gain":0,"player_choice":"Simplicity","damage_taken":0,"max_hp_gain":0,"max_hp_loss":0,"event_name":"Back to Basics","floor":30,"gold_loss":0,"cards_upgraded":["Defend_G","Defend_G","Defend_G","Strike_G","Strike_G","Strike_G","Strike_G"]},{"damage_healed":0,"gold_gain":0,"player_choice":"Shed Blood","damage_taken":19,"max_hp_gain":5,"max_hp_loss":0,"event_name":"Forgotten Altar","floor":31,"gold_loss":0},{"damage_healed":0,"gold_gain":0,"player_choice":"Paid","damage_taken":0,"relics_obtained":["Red Mask"],"max_hp_gain":0,"max_hp_loss":0,"event_name":"Tomb of Lord Red Mask","floor":36,"gold_loss":144},{"damage_healed":0,"gold_gain":999,"player_choice":"Gold","damage_taken":0,"max_hp_gain":0,"max_hp_loss":0,"event_name":"MindBloom","floor":38,"gold_loss":0,"cards_obtained":["Normality","Normality"]},{"damage_healed":0,"gold_gain":0,"player_choice":"Bought 0 Potions","damage_taken":0,"max_hp_gain":0,"max_hp_loss":0,"event_name":"The Woman in Blue","floor":41,"gold_loss":0}],"is_beta":false,"boss_relics":[{"not_picked":["Snecko Eye","Coffee Dripper"],"picked":"Fusion Hammer"},{"not_picked":["WristBlade","Sozu"],"picked":"HoveringKite"}],"items_purged_floors":[10,20,39],"is_endless":false,"potions_floor_spawned":[1,3,6,12,14,16,18,19,24,29,33,35,37,42,44,45,46,48],"killed_by":"Time Eater","ascension_level":0}