{"gold_per_floor":[218,14,26,39,53,53,88,88,88,108,127,32,51,51,51,174,174,189,212,21,37,60,60,75,75,129,129,148,163,163],"floor_reached":30,"playtime":1958,"items_purged":[],"score":262,"play_id":"a6ebcde6-0b57-472f-a1db-3577f0a1b41b","local_time":"20190412203538","is_ascension_mode":true,"campfire_choices":[{"data":"Flechettes","floor":6,"key":"SMITH"},{"data":"Blur","floor":8,"key":"SMITH"},{"floor":15,"key":"REST"},{"data":"Envenom","floor":23,"key":"SMITH"},{"floor":25,"key":"REST"},{"data":"Well Laid Plans","floor":27,"key":"SMITH"}],"neow_cost":"NONE","seed_source_timestamp":1149202415885800,"circlet_count":0,"master_deck":["Defend_G","Defend_G","Defend_G","Defend_G","Defend_G","Strike_G","Strike_G","Strike_G","Strike_G","Survivor","Neutralize","Flechettes+1","Sucker Punch","Noxious Fumes","Blur+1","Flechettes","Cloak And Dagger","Noxious Fumes","Impatience","Outmaneuver","Doppelganger","Blur+1","Prepared","Envenom+1","Backstab","Dagger Spray","Deflect+1","Well Laid Plans+1","Acrobatics","Noxious Fumes"],"relics":["Ring of the Snake","Chemical X","Question Card","Mummified Hand","Golden Idol","Empty Cage","Dream Catcher"],"potions_floor_usage":[3,7,22,28,30],"damage_taken":[{"damage":1,"enemies":"Jaw Worm","floor":1,"turns":6},{"damage":1,"enemies":"Cultist","floor":3,"turns":5},{"damage":0,"enemies":"Small Slimes","floor":4,"turns":2},{"damage":4,"enemies":"Blue Slaver","floor":5,"turns":6},{"damage":5,"enemies":"3 Sentries","floor":7,"turns":8},{"damage":7,"enemies":"Looter","floor":10,"turns":3},{"damage":11,"enemies":"Exordium Thugs","floor":11,"turns":5},{"damage":1,"enemies":"2 Fungi Beasts","floor":13,"turns":3},{"damage":44,"enemies":"Hexaghost","floor":16,"turns":11},{"damage":13,"enemies":"Shell Parasite","floor":18,"turns":6},{"damage":0,"enemies":"Chosen","floor":19,"turns":6},{"damage":0,"enemies":"Centurion and Healer","floor":21,"turns":6},{"damage":12,"enemies":"Snake Plant","floor":22,"turns":5},{"damage":15,"enemies":"Chosen and Byrds","floor":24,"turns":6},{"damage":26,"enemies":"Sentry and Sphere","floor":28,"turns":7},{"damage":10,"enemies":"Snecko","floor":29,"turns":5},{"damage":33,"enemies":"Gremlin Leader","floor":30,"turns":3}],"seed_played":"3400637105943863539","potions_obtained":[{"floor":1,"key":"PowerPotion"},{"floor":4,"key":"Energy Potion"},{"floor":11,"key":"SmokeBomb"},{"floor":16,"key":"Regen Potion"},{"floor":18,"key":"PowerPotion"},{"floor":22,"key":"LiquidBronze"},{"floor":24,"key":"Strength Potion"},{"floor":28,"key":"LiquidBronze"},{"floor":29,"key":"Weak Potion"}],"is_trial":false,"path_per_floor":["M","$","M","M","M","R","E","R","T","M","M","$","M","?","R","B",null,"M","M","$","M","M","R","M","R","T","R","M","M","E"],"character_chosen":"THE_SILENT","items_purchased":["Chemical X","Impatience","Envenom","Backstab"],"campfire_rested":2,"item_purchase_floors":[2,12,20,20],"current_hp_per_floor":[69,69,68,68,64,64,59,59,59,52,41,41,40,40,61,17,70,57,57,57,57,45,45,30,51,51,51,40,30,0],"gold":163,"neow_bonus":"HUNDRED_GOLD","is_prod":false,"is_daily":false,"chose_seed":false,"campfire_upgraded":4,"win_rate":0,"timestamp":1555126538,"path_taken":["M","$","M","M","M","R","E","R","T","M","M","$","M","?","R","BOSS","M","M","$","M","M","R","M","R","T","R","M","M","E"],"build_version":"2019-01-23","purchased_purges":0,"victory":false,"max_hp_per_floor":[70,70,70,70,70,70,70,70,70,70,70,70,70,70,70,70,70,70,70,70,70,70,70,70,70,70,70,70,70,70],"card_choices":[{"not_picked":["Catalyst","Backflip"],"picked":"Flechettes","floor":1},{"not_picked":["Acrobatics","Cloak And Dagger"],"picked":"Sucker Punch","floor":3},{"not_picked":["Riddle With Holes","Tactician"],"picked":"Noxious Fumes","floor":4},{"not_picked":["Deadly Poison","Expertise"],"picked":"Blur","floor":5},{"not_picked":["Slice","PiercingWail"],"picked":"Flechettes","floor":7},{"not_picked":["Tactician","Riddle With Holes","Slice"],"picked":"Cloak And Dagger","floor":10},{"not_picked":["Heel Hook","Finisher","Bouncing Flask"],"picked":"Noxious Fumes","floor":11},{"not_picked":["Catalyst","Choke","Expertise"],"picked":"Outmaneuver","floor":13},{"not_picked":["Phantasmal Killer","Die Die Die","Wraith Form v2"],"picked":"Doppelganger","floor":16},{"not_picked":["Prepared+1","Catalyst","Backflip"],"picked":"Blur+1","floor":18},{"not_picked":["Cloak And Dagger","Dodge and Roll","Poisoned Stab"],"picked":"Prepared","floor":19},{"not_picked":["Bullet Time","Dagger Throw+1","Outmaneuver"],"picked":"Dagger Spray","floor":21},{"not_picked":["All Out Attack","Dash","Quick Slash"],"picked":"Deflect+1","floor":22},{"not_picked":["Flying Knee","Dodge and Roll","Sucker Punch"],"picked":"Well Laid Plans","floor":24},{"not_picked":["Deflect","Night Terror","Flechettes"],"picked":"Acrobatics","floor":28},{"not_picked":["Acrobatics","Leg Sweep+1","Calculated Gamble"],"picked":"Noxious Fumes","floor":29}],"player_experience":206322,"relics_obtained":[{"floor":7,"key":"Question Card"},{"floor":9,"key":"Mummified Hand"},{"floor":26,"key":"Dream Catcher"}],"event_choices":[{"damage_healed":0,"gold_gain":0,"player_choice":"Take Wound","damage_taken":0,"relics_obtained":["Golden Idol"],"max_hp_gain":0,"max_hp_loss":0,"event_name":"Golden Idol","floor":14,"gold_loss":0,"cards_obtained":["Injury"]}],"is_beta":false,"boss_relics":[{"not_picked":["Calling Bell","Eternal Feather"],"picked":"Empty Cage"}],"items_purged_floors":[],"is_endless":false,"potions_floor_spawned":[1,4,11,16,18,22,24,28,29],"killed_by":"Gremlin Leader","ascension_level":2}