{"gold_per_floor":[119,129,109,0,0,0,28,28,52,84,102,102,130,142,142,214,214,214,214,214,134,134,134,134,134,134,59,59,59,59,59,59,59,59,59,59,59,59,59,59],"floor_reached":40,"playtime":2334,"items_purged":["Defend_R"],"score":1093,"play_id":"3d5d545b-51c9-4ff4-a2b0-a50a12be22ae","local_time":"20190612123225","is_ascension_mode":true,"campfire_choices":[{"data":"Bash","floor":6.0,"key":"SMITH"},{"data":"True Grit","floor":8.0,"key":"SMITH"},{"data":"Evolve","floor":15.0,"key":"SMITH"},{"data":"Battle Trance","floor":24.0,"key":"SMITH"},{"data":"Feel No Pain","floor":32.0,"key":"SMITH"}],"neow_cost":"NONE","seed_source_timestamp":154369617678944,"circlet_count":0,"master_deck":["AscendersBane","Defend_R","Defend_R","Defend_R","Bash+1","Feel No Pain+1","Battle Trance+1","True Grit+1","Pommel Strike","Sever Soul","Wild Strike","Seeing Red","Evolve+1","Juggernaut","True Grit","Bite","Bite","Bite","Bite","Bite","Whirlwind+1","Reckless Charge","Power Through","Demon Form"],"special_seed":0,"relics":["Burning Blood","NeowsBlessing","PreservedInsect","Red Skull","Strawberry","FaceOfCleric","Bronze Scales","Ectoplasm","Red Mask","Dodecahedron","Old Coin","Nunchaku","Singing Bowl","Blood Vial","Runic Dome","Incense Burner"],"potions_floor_usage":[33,40],"damage_taken":[{"damage":0.0,"enemies":"Small Slimes","floor":1.0,"turns":1.0},{"damage":0.0,"enemies":"Cultist","floor":2.0,"turns":1.0},{"damage":0.0,"enemies":"Gremlin Nob","floor":7.0,"turns":1.0},{"damage":21.0,"enemies":"3 Sentries","floor":10.0,"turns":8.0},{"damage":6.0,"enemies":"2 Louse","floor":11.0,"turns":3.0},{"damage":12.0,"enemies":"Lagavulin","floor":13.0,"turns":7.0},{"damage":7.0,"enemies":"Red Slaver","floor":14.0,"turns":5.0},{"damage":35.0,"enemies":"Slime Boss","floor":16.0,"turns":7.0},{"damage":26.0,"enemies":"Shell Parasite","floor":18.0,"turns":6.0},{"damage":19.0,"enemies":"Masked Bandits","floor":20.0,"turns":4.0},{"damage":19.0,"enemies":"2 Thieves","floor":21.0,"turns":5.0},{"damage":26.0,"enemies":"Centurion and Healer","floor":22.0,"turns":8.0},{"damage":28.0,"enemies":"Gremlin Leader","floor":23.0,"turns":4.0},{"damage":14.0,"enemies":"Slavers","floor":25.0,"turns":3.0},{"damage":24.0,"enemies":"Book of Stabbing","floor":28.0,"turns":4.0},{"damage":3.0,"enemies":"Snake Plant","floor":29.0,"turns":3.0},{"damage":0.0,"enemies":"Chosen and Byrds","floor":30.0,"turns":4.0},{"damage":0.0,"enemies":"Gremlin Leader","floor":31.0,"turns":5.0},{"damage":34,"enemies":"Champ","floor":33,"turns":16},{"damage":32,"enemies":"3 Darklings","floor":35,"turns":5},{"damage":0,"enemies":"3 Shapes","floor":36,"turns":6},{"damage":46,"enemies":"Jaw Worm Horde","floor":39,"turns":4},{"damage":80,"enemies":"Giant Head","floor":40,"turns":7}],"seed_played":"-8697121778609374471","potions_obtained":[{"floor":3.0,"key":"GamblersBrew"},{"floor":10.0,"key":"Weak Potion"},{"floor":13.0,"key":"GamblersBrew"},{"floor":18.0,"key":"Explosive Potion"},{"floor":28.0,"key":"PowerPotion"},{"floor":30.0,"key":"Regen Potion"},{"floor":31.0,"key":"Dexterity Potion"},{"floor":35,"key":"PowerPotion"}],"is_trial":false,"path_per_floor":["M","M","?","$","$","R","E","R","T","E","M","?","E","M","R","B",null,"M","?","?","M","M","E","R","E","T","$","E","M","M","E","R","B",null,"M","M","?","T","M","E"],"character_chosen":"IRONCLAD","items_purchased":["True Grit","Pommel Strike"],"campfire_rested":0,"item_purchase_floors":[4,4],"current_hp_per_floor":[74,75,75,75,75,75,75,75,75,67,67,67,62,62,62,34,72,53,53,49,51,60,49,49,46,46,46,39,51,72,75,75,63,73,62,82,82,82,51,0],"gold":59,"neow_bonus":"THREE_ENEMY_KILL","is_prod":false,"is_daily":false,"chose_seed":false,"campfire_upgraded":5,"win_rate":0,"timestamp":1560335545,"path_taken":["M","M","?","?","$","R","E","R","T","E","M","?","E","?","R","BOSS","M","?","?","M","?","E","R","E","T","$","E","?","M","E","R","BOSS","M","?","?","?","M","E"],"build_version":"2019-01-23","purchased_purges":1,"victory":false,"max_hp_per_floor":[75,75,75,75,75,75,75,75,75,82,82,82,83,84,84,85,85,86,60,61,62,63,64,64,65,65,65,66,69,72,75,75,76,76,79,82,82,82,85,85],"card_choices":[{"not_picked":["Warcry","Ghostly Armor"],"picked":"Feel No Pain","floor":1.0},{"not_picked":["Wild Strike","Hemokinesis"],"picked":"Battle Trance","floor":2.0},{"not_picked":["Pummel","Sentinel"],"picked":"Sever Soul","floor":7.0},{"not_picked":["Sever Soul","Sword Boomerang"],"picked":"Wild Strike","floor":10.0},{"not_picked":["Sword Boomerang","Shockwave"],"picked":"Seeing Red","floor":11.0},{"not_picked":["True Grit","Intimidate"],"picked":"Evolve","floor":13.0},{"not_picked":["Iron Wave","Heavy Blade","True Grit"],"picked":"SKIP","floor":14.0},{"not_picked":["Exhume","Impervious"],"picked":"Juggernaut","floor":16.0},{"not_picked":["Flex","Clash"],"picked":"True Grit","floor":18.0},{"not_picked":["Armaments","Headbutt"],"picked":"Whirlwind+1","floor":20.0},{"not_picked":["Perfected Strike","Anger+1","Warcry"],"picked":"SKIP","floor":21.0},{"not_picked":["Clash+1","Body Slam","Sword Boomerang"],"picked":"SKIP","floor":22.0},{"not_picked":["Inflame","Warcry","Reaper"],"picked":"SKIP","floor":23.0},{"not_picked":["Clash","Sentinel"],"picked":"Reckless Charge","floor":25.0},{"not_picked":["Clash","Shrug It Off"],"picked":"Power Through","floor":28.0},{"not_picked":["Infernal Blade+1","Twin Strike","Iron Wave"],"picked":"Singing Bowl","floor":29.0},{"not_picked":["Wild Strike","Armaments","Shrug It Off"],"picked":"Singing Bowl","floor":30.0},{"not_picked":["Shrug It Off","Pommel Strike","Carnage"],"picked":"Singing Bowl","floor":31.0},{"not_picked":["Juggernaut","Feed"],"picked":"Demon Form","floor":33},{"not_picked":["Perfected Strike","Blood for Blood+1","Clothesline"],"picked":"Singing Bowl","floor":35},{"not_picked":["Flame Barrier","Body Slam","Cleave+1"],"picked":"Singing Bowl","floor":36},{"not_picked":["True Grit","Iron Wave","Pommel Strike"],"picked":"Singing Bowl","floor":39}],"player_experience":560583,"relics_obtained":[{"floor":7.0,"key":"PreservedInsect"},{"floor":9.0,"key":"Red Skull"},{"floor":10.0,"key":"Strawberry"},{"floor":13.0,"key":"Bronze Scales"},{"floor":20.0,"key":"Red Mask"},{"floor":23.0,"key":"Dodecahedron"},{"floor":25.0,"key":"Old Coin"},{"floor":26.0,"key":"Nunchaku"},{"floor":28.0,"key":"Singing Bowl"},{"floor":31.0,"key":"Blood Vial"},{"floor":38,"key":"Incense Burner"}],"event_choices":[{"damage_healed":0.0,"max_hp_gain":0.0,"max_hp_loss":0.0,"gold_gain":0.0,"event_name":"The Woman in Blue","player_choice":"Bought 1 Potion","floor":3.0,"gold_loss":0.0,"damage_taken":0.0},{"damage_healed":0.0,"max_hp_gain":0.0,"max_hp_loss":0.0,"gold_gain":0.0,"event_name":"FaceTrader","player_choice":"Trade","floor":12.0,"gold_loss":0.0,"damage_taken":0.0,"relics_obtained":["FaceOfCleric"]},{"damage_healed":0.0,"max_hp_gain":0.0,"max_hp_loss":26.0,"gold_gain":0.0,"event_name":"Vampires","player_choice":"Became a vampire","floor":19.0,"gold_loss":0.0,"damage_taken":0.0,"cards_obtained":["Bite","Bite","Bite","Bite","Bite"]},{"damage_healed":0.0,"max_hp_gain":0.0,"max_hp_loss":0.0,"gold_gain":0.0,"event_name":"Masked Bandits","player_choice":"Fought Bandits","floor":20.0,"gold_loss":0.0,"damage_taken":0.0},{"damage_healed":0,"gold_gain":222,"player_choice":"Wore Mask","damage_taken":0,"max_hp_gain":0,"max_hp_loss":0,"event_name":"Tomb of Lord Red Mask","floor":37,"gold_loss":0}],"is_beta":false,"boss_relics":[{"not_picked":["Orrery","Eternal Feather"],"picked":"Ectoplasm"},{"not_picked":["Philosopher\u0027s Stone","Runic Cube"],"picked":"Runic Dome"}],"items_purged_floors":[27],"is_endless":false,"potions_floor_spawned":[10,13,18,28,30,31,35,39],"killed_by":"Giant Head","ascension_level":20}