{"gold_per_floor":[118,118,143,217,231,264,264,297,320,320,10,26,26,46,46,140,140,155,179,4,4,23,23,43,67,67,67,67,87,106,106,106,196,196,209,223,223,223,247,286,286,307,307,307],"floor_reached":44,"playtime":2307,"items_purged":[],"score":908,"play_id":"29f73b31-1c53-42c9-a74b-6f9720660abe","local_time":"20190628232629","is_ascension_mode":true,"campfire_choices":[{"floor":7.0,"key":"REST"},{"floor":10.0,"key":"REST"},{"data":"Disarm","floor":13.0,"key":"SMITH"},{"data":"Inflame","floor":15.0,"key":"SMITH"},{"floor":23.0,"key":"REST"},{"floor":27.0,"key":"REST"},{"floor":32.0,"key":"REST"},{"floor":41,"key":"REST"}],"neow_cost":"NONE","seed_source_timestamp":104806601631476,"circlet_count":0,"master_deck":["AscendersBane","Bash","Uppercut","Thunderclap","Pommel Strike","Inflame+1","Disarm+1","Offering","Twin Strike","Feel No Pain","Exhume","Sword Boomerang","Flex","Rage","Reckless Charge","Brutality","Barricade","Brutality","Inflame","Metallicize","True Grit+1","Rupture","Disarm","Disarm","Metallicize","Iron Wave+1","Berserk","Warcry+1","Ghostly Armor+1","Offering","Warcry+1"],"special_seed":0,"relics":["Burning Blood","Golden Idol","Vajra","Anchor","Oddly Smooth Stone","Membership Card","Pandora\u0027s Box","Mummified Hand","Paper Frog","Eternal Feather","Bottled Lightning"],"potions_floor_usage":[],"damage_taken":[{"damage":1.0,"enemies":"Cultist","floor":1.0,"turns":3.0},{"damage":7.0,"enemies":"Jaw Worm","floor":3.0,"turns":3.0},{"damage":7.0,"enemies":"2 Louse","floor":5.0,"turns":3.0},{"damage":20.0,"enemies":"Gremlin Nob","floor":6.0,"turns":4.0},{"damage":49.0,"enemies":"Lagavulin","floor":8.0,"turns":9.0},{"damage":0.0,"enemies":"Blue Slaver","floor":12.0,"turns":3.0},{"damage":0.0,"enemies":"Red Slaver","floor":14.0,"turns":2.0},{"damage":28.0,"enemies":"The Guardian","floor":16.0,"turns":15.0},{"damage":31.0,"enemies":"3 Byrds","floor":18.0,"turns":6.0},{"damage":17.0,"enemies":"Spheric Guardian","floor":19.0,"turns":4.0},{"damage":31.0,"enemies":"Shelled Parasite and Fungi","floor":22.0,"turns":3.0},{"damage":20.0,"enemies":"Centurion and Healer","floor":24.0,"turns":5.0},{"damage":5.0,"enemies":"Snecko","floor":25.0,"turns":5.0},{"damage":5.0,"enemies":"Snake Plant","floor":29.0,"turns":3.0},{"damage":27.0,"enemies":"Cultist and Chosen","floor":30.0,"turns":6.0},{"damage":71.0,"enemies":"Collector","floor":33.0,"turns":9.0},{"damage":6.0,"enemies":"3 Shapes","floor":35.0,"turns":4.0},{"damage":18.0,"enemies":"Orb Walker","floor":36.0,"turns":5.0},{"damage":0.0,"enemies":"Transient","floor":38.0,"turns":1.0},{"damage":13,"enemies":"Sphere and 2 Shapes","floor":39,"turns":7},{"damage":34,"enemies":"Giant Head","floor":40,"turns":5},{"damage":54,"enemies":"Writhing Mass","floor":42,"turns":5},{"damage":28,"enemies":"Reptomancer","floor":44,"turns":2}],"seed_played":"6421497046980333672","potions_obtained":[{"floor":5.0,"key":"Block Potion"},{"floor":8.0,"key":"SkillPotion"},{"floor":14.0,"key":"FairyPotion"},{"floor":24.0,"key":"FairyPotion"},{"floor":25.0,"key":"Regen Potion"},{"floor":28.0,"key":"BloodPotion"},{"floor":30.0,"key":"LiquidBronze"},{"floor":33.0,"key":"AttackPotion"},{"floor":35.0,"key":"SmokeBomb"},{"floor":40,"key":"Poison Potion"},{"floor":42,"key":"SpeedPotion"}],"is_trial":false,"path_per_floor":["M","?","M","?","M","E","R","E","T","R","$","M","R","M","R","B",null,"M","M","$","?","M","R","M","M","T","R","?","M","M","?","R","B",null,"M","M","?","M","M","E","R","M","T","E"],"character_chosen":"IRONCLAD","items_purchased":["Membership Card","Offering","Mummified Hand","Rupture"],"campfire_rested":6,"item_purchase_floors":[11,11,20,20],"current_hp_per_floor":[80,52,51,51,50,36,60,17,17,41,41,47,47,53,53,31,69,44,33,33,33,8,32,18,19,19,43,43,73,52,52,76,11,64,64,52,52,58,51,23,65,17,17,0],"gold":307,"neow_bonus":"TEN_PERCENT_HP_BONUS","is_prod":false,"is_daily":false,"chose_seed":false,"campfire_upgraded":2,"win_rate":0,"timestamp":1561789589,"path_taken":["M","?","M","?","M","E","R","E","T","R","$","M","R","M","R","BOSS","M","M","$","?","M","R","M","M","T","R","?","M","?","?","R","BOSS","M","M","?","M","?","E","R","M","T","E"],"build_version":"2019-06-28","purchased_purges":0,"victory":false,"max_hp_per_floor":[82,82,82,82,82,82,82,82,82,82,82,82,82,82,82,82,82,82,82,82,82,82,82,82,82,82,82,82,82,82,82,82,82,82,82,82,82,82,82,82,82,82,82,82],"card_choices":[{"not_picked":["Clothesline","Flex"],"picked":"Uppercut","floor":1.0},{"not_picked":["Body Slam","Searing Blow"],"picked":"Thunderclap","floor":3.0},{"not_picked":["Fire Breathing","Pummel"],"picked":"Pommel Strike","floor":5.0},{"not_picked":["Body Slam","Clash"],"picked":"Inflame","floor":6.0},{"not_picked":["Flex","Clash"],"picked":"Disarm","floor":8.0},{"not_picked":["Thunderclap","Inflame"],"picked":"Twin Strike","floor":12.0},{"not_picked":["Inflame","Clash"],"picked":"Feel No Pain","floor":14.0},{"not_picked":["Offering","Fiend Fire"],"picked":"Exhume","floor":16.0},{"not_picked":["Body Slam","Clothesline"],"picked":"Metallicize","floor":18.0},{"not_picked":["Thunderclap","Anger"],"picked":"True Grit+1","floor":19.0},{"not_picked":["Evolve","Intimidate"],"picked":"Disarm","floor":22.0},{"not_picked":["True Grit","Sentinel"],"picked":"Disarm","floor":24.0},{"not_picked":["Warcry","Wild Strike+1","Perfected Strike"],"picked":"SKIP","floor":25.0},{"not_picked":["Pommel Strike","Warcry"],"picked":"Metallicize","floor":29.0},{"not_picked":["Second Wind","Headbutt"],"picked":"Iron Wave+1","floor":30.0},{"not_picked":["Demon Form","Impervious"],"picked":"Berserk","floor":33.0},{"not_picked":["Flex+1","Thunderclap+1"],"picked":"Warcry+1","floor":35.0},{"not_picked":["Clash","Iron Wave"],"picked":"Ghostly Armor+1","floor":36.0},{"not_picked":["Rage","Iron Wave","Pommel Strike"],"picked":"SKIP","floor":39},{"not_picked":["Pommel Strike","Combust"],"picked":"Warcry+1","floor":40},{"not_picked":["Body Slam","Warcry","Flex+1"],"picked":"SKIP","floor":42}],"player_experience":1709453,"relics_obtained":[{"floor":6.0,"key":"Vajra"},{"floor":8.0,"key":"Anchor"},{"floor":9.0,"key":"Oddly Smooth Stone"},{"floor":26.0,"key":"Paper Frog"},{"floor":40,"key":"Bottled Lightning"}],"event_choices":[{"damage_healed":0.0,"max_hp_gain":0.0,"max_hp_loss":0.0,"gold_gain":0.0,"event_name":"Golden Idol","player_choice":"Take Damage","floor":2.0,"gold_loss":0.0,"damage_taken":28.0,"relics_obtained":["Golden Idol"]},{"damage_healed":0.0,"max_hp_gain":0.0,"max_hp_loss":0.0,"gold_gain":74.0,"event_name":"Golden Wing","player_choice":"Gained Gold","floor":4.0,"gold_loss":0.0,"damage_taken":0.0},{"cards_removed":["Barricade"],"damage_healed":0.0,"max_hp_gain":0.0,"max_hp_loss":0.0,"gold_gain":0.0,"event_name":"Back to Basics","player_choice":"Elegance","floor":21.0,"gold_loss":0.0,"damage_taken":0.0},{"damage_healed":0.0,"max_hp_gain":0.0,"max_hp_loss":0.0,"gold_gain":0.0,"event_name":"Lab","player_choice":"Got Potions","floor":28.0,"gold_loss":0.0,"damage_taken":0.0},{"damage_healed":0.0,"max_hp_gain":0.0,"max_hp_loss":0.0,"gold_gain":0.0,"event_name":"Vampires","player_choice":"Ignored","floor":31.0,"gold_loss":0.0,"damage_taken":0.0},{"damage_healed":0.0,"max_hp_gain":0.0,"max_hp_loss":0.0,"gold_gain":0.0,"event_name":"Duplicator","player_choice":"Copied","floor":37.0,"gold_loss":0.0,"damage_taken":0.0,"cards_obtained":["Offering"]}],"is_beta":true,"boss_relics":[{"not_picked":["Coffee Dripper","Ectoplasm"],"picked":"Pandora\u0027s Box"},{"not_picked":["White Beast Statue","Empty Cage"],"picked":"Eternal Feather"}],"items_purged_floors":[],"is_endless":false,"potions_floor_spawned":[5,8,14,24,25,30,33,35,40,42],"killed_by":"Reptomancer","ascension_level":20}