{"gold_per_floor":[119,119,135,60,79,79,110,110,136,136,86,106,120,195,195,289,289,309,325,356,301,41,41,41,60,60,78,119,119,40,40,40,40],"floor_reached":33,"playtime":1275,"items_purged":["Defend_R"],"score":434,"play_id":"c1706058-f228-48b5-a4ed-3b89d71d0b27","local_time":"20190509235456","is_ascension_mode":true,"campfire_choices":[{"data":"Thunderclap","floor":6.0,"key":"SMITH"},{"data":"Bash","floor":8.0,"key":"SMITH"},{"floor":15.0,"key":"REST"},{"floor":23,"key":"REST"},{"floor":29,"key":"REST"},{"floor":32,"key":"REST"}],"neow_cost":"TEN_PERCENT_HP_LOSS","seed_source_timestamp":1947726075540962,"circlet_count":0,"master_deck":["AscendersBane","Bash+1","Dropkick","Thunderclap+1","Sword Boomerang","Flex","Feel No Pain","Seeing Red","Metallicize","Uppercut","Dropkick"],"special_seed":0,"relics":["Burning Blood","Bag of Marbles","Potion Belt","Golden Idol","Pandora\u0027s Box","Red Mask","Tiny Chest","Gremlin Horn","Matryoshka","Ornamental Fan","Nloth\u0027s Gift"],"potions_floor_usage":[16,16,18,20,25,28],"damage_taken":[{"damage":2.0,"enemies":"Small Slimes","floor":1.0,"turns":5.0},{"damage":0.0,"enemies":"2 Louse","floor":3.0,"turns":3.0},{"damage":1.0,"enemies":"Jaw Worm","floor":5.0,"turns":3.0},{"damage":25.0,"enemies":"Lagavulin","floor":7.0,"turns":5.0},{"damage":6.0,"enemies":"2 Fungi Beasts","floor":12.0,"turns":2.0},{"damage":9.0,"enemies":"3 Louse","floor":13.0,"turns":2.0},{"damage":36,"enemies":"Slime Boss","floor":16,"turns":9},{"damage":2,"enemies":"Chosen","floor":18,"turns":3},{"damage":24,"enemies":"2 Thieves","floor":19,"turns":3},{"damage":27,"enemies":"Masked Bandits","floor":20,"turns":4},{"damage":16,"enemies":"Centurion and Healer","floor":25,"turns":4},{"damage":4,"enemies":"Cultist and Chosen","floor":27,"turns":4},{"damage":25,"enemies":"Slavers","floor":28,"turns":3},{"damage":66,"enemies":"Champ","floor":33,"turns":8}],"seed_played":"-3527533906250685180","potions_obtained":[{"floor":1.0,"key":"Fire Potion"},{"floor":3.0,"key":"Poison Potion"},{"floor":13.0,"key":"LiquidBronze"},{"floor":16,"key":"Weak Potion"},{"floor":18,"key":"Weak Potion"},{"floor":20,"key":"SteroidPotion"},{"floor":27,"key":"Explosive Potion"}],"is_trial":false,"path_per_floor":["M","?","M","$","M","R","E","R","T","?","?","M","M","?","R","B",null,"M","M","?","?","$","R","?","M","T","M","E","R","$","?","R","B"],"character_chosen":"IRONCLAD","items_purchased":["Gremlin Horn","Dropkick"],"campfire_rested":4,"item_purchase_floors":[22,30],"current_hp_per_floor":[72,72,72,72,72,72,53,53,53,35,35,35,32,21,42,12,57,61,43,22,22,22,43,43,33,33,35,16,37,37,37,58,0],"gold":40,"neow_bonus":"ONE_RARE_RELIC","is_prod":false,"is_daily":false,"chose_seed":false,"campfire_upgraded":2,"win_rate":0,"timestamp":1557438896,"path_taken":["M","?","M","$","M","R","E","R","T","?","?","M","?","?","R","BOSS","M","M","?","?","$","R","?","M","T","M","E","R","$","?","R","BOSS"],"build_version":"2019-01-23","purchased_purges":1,"victory":false,"max_hp_per_floor":[72,72,72,72,72,72,72,72,72,72,72,72,72,72,72,72,72,72,72,72,72,72,72,72,72,72,72,72,72,72,72,72,72],"card_choices":[{"not_picked":["Power Through","Inflame"],"picked":"Dropkick","floor":1.0},{"not_picked":["Perfected Strike","Armaments"],"picked":"Thunderclap","floor":3.0},{"not_picked":["Thunderclap","Flex","Anger"],"picked":"SKIP","floor":5.0},{"not_picked":["Rampage","Pommel Strike","Double Tap"],"picked":"SKIP","floor":7.0},{"not_picked":["Pummel","Anger","Corruption"],"picked":"SKIP","floor":12.0},{"not_picked":["Carnage","Heavy Blade","Combust"],"picked":"SKIP","floor":13.0},{"not_picked":["Anger","Bloodletting","Shrug It Off"],"picked":"SKIP","floor":18},{"not_picked":["Iron Wave","Armaments","Thunderclap"],"picked":"SKIP","floor":19},{"not_picked":["Blood for Blood","Iron Wave","Reckless Charge"],"picked":"SKIP","floor":25},{"not_picked":["Flex","Headbutt","Whirlwind"],"picked":"SKIP","floor":27},{"not_picked":["Flex","Heavy Blade","Havoc"],"picked":"SKIP","floor":28}],"player_experience":295481,"relics_obtained":[{"floor":7.0,"key":"Bag of Marbles"},{"floor":9.0,"key":"Potion Belt"},{"floor":20,"key":"Red Mask"},{"floor":26,"key":"Matryoshka"},{"floor":28,"key":"Ornamental Fan"}],"event_choices":[{"cards_removed":["Strike_R"],"damage_healed":0.0,"max_hp_gain":0.0,"max_hp_loss":0.0,"gold_gain":0.0,"event_name":"Living Wall","player_choice":"Forget","floor":2.0,"gold_loss":0.0,"damage_taken":0.0},{"damage_healed":0.0,"max_hp_gain":0.0,"max_hp_loss":0.0,"gold_gain":0.0,"event_name":"Golden Idol","player_choice":"Take Damage","floor":10.0,"gold_loss":0.0,"damage_taken":18.0,"relics_obtained":["Golden Idol"]},{"cards_removed":["Strike_R"],"damage_healed":0.0,"max_hp_gain":0.0,"max_hp_loss":0.0,"gold_gain":0.0,"event_name":"The Cleric","player_choice":"Card Removal","floor":11.0,"gold_loss":50.0,"damage_taken":0.0},{"damage_healed":0.0,"max_hp_gain":0.0,"max_hp_loss":0.0,"gold_gain":75.0,"event_name":"World of Goop","player_choice":"Gather Gold","floor":14.0,"gold_loss":0.0,"damage_taken":11.0},{"damage_healed":0,"gold_gain":0,"player_choice":"Fought Bandits","damage_taken":0,"max_hp_gain":0,"max_hp_loss":0,"event_name":"Masked Bandits","floor":20,"gold_loss":0},{"damage_healed":0,"gold_gain":0,"player_choice":"Obtained Relic","damage_taken":0,"relics_obtained":["Tiny Chest"],"max_hp_gain":0,"max_hp_loss":0,"event_name":"Addict","floor":21,"gold_loss":85},{"damage_healed":0,"gold_gain":0,"player_choice":"Ignored","damage_taken":0,"max_hp_gain":0,"max_hp_loss":0,"event_name":"Ghosts","floor":24,"gold_loss":0},{"damage_healed":0,"gold_gain":0,"player_choice":"Traded Relic","damage_taken":0,"relics_obtained":["Nloth\u0027s Gift"],"max_hp_gain":0,"max_hp_loss":0,"event_name":"N\u0027loth","floor":31,"relics_lost":["Torii"],"gold_loss":0}],"is_beta":false,"boss_relics":[{"not_picked":["Busted Crown","Snecko Eye"],"picked":"Pandora\u0027s Box"}],"items_purged_floors":[4],"is_endless":false,"potions_floor_spawned":[1,3,13,16,18,20,27],"killed_by":"Champ","ascension_level":13}