{"gold_per_floor":[209,209,37,57,57,88,108,136,136,136,161,175,186,201,201,298,298,317,317,417,65,65,92,92,102,102,102,102,116,215,241,253,363,375,400,423,435,462,349,349,382,382,428,528,538,388,388],"floor_reached":47,"playtime":1795,"items_purged":["Strike_R","Strike_R","Strike_R","Injury"],"score":766,"play_id":"2d2f633e-6501-40af-93e9-8ca09ee5d1e1","local_time":"20190323015302","is_ascension_mode":true,"campfire_choices":[{"data":"Bash","floor":10.0,"key":"SMITH"},{"data":"Fire Breathing","floor":15.0,"key":"SMITH"},{"floor":24.0,"key":"REST"},{"data":"Double Tap","floor":27.0,"key":"SMITH"},{"floor":32.0,"key":"REST"},{"data":"Disarm","floor":40.0,"key":"SMITH"},{"data":"Shrug It Off","floor":42.0,"key":"SMITH"}],"neow_cost":"NONE","seed_source_timestamp":173502465353140,"circlet_count":0,"master_deck":["Strike_R","Strike_R","Defend_R","Defend_R","Defend_R","Defend_R","Bash+1","Cleave","Rampage+1","Shrug It Off+1","Flex","Fire Breathing+1","Disarm+1","Thunderclap+1","Pommel Strike+1","Headbutt","Double Tap+1","Dropkick+1"],"special_seed":0,"relics":["Burning Blood","Pantograph","Meat on the Bone","Paper Frog","Self Forming Clay","Mummified Hand","Sozu","Thread and Needle","Mercury Hourglass","Gremlin Horn","Art of War","Bottled Flame","MawBank","Cursed Key","Whetstone","Bag of Marbles","Nunchaku"],"potions_floor_usage":[],"damage_taken":[{"damage":9.0,"enemies":"Jaw Worm","floor":1.0,"turns":3.0},{"damage":0.0,"enemies":"Small Slimes","floor":4.0,"turns":3.0},{"damage":38.0,"enemies":"Lagavulin","floor":6.0,"turns":10.0},{"damage":0.0,"enemies":"Cultist","floor":7.0,"turns":4.0},{"damage":12.0,"enemies":"3 Sentries","floor":8.0,"turns":6.0},{"damage":32.0,"enemies":"Lagavulin","floor":11.0,"turns":7.0},{"damage":5.0,"enemies":"Looter","floor":12.0,"turns":5.0},{"damage":4.0,"enemies":"Blue Slaver","floor":13.0,"turns":4.0},{"damage":13.0,"enemies":"3 Louse","floor":14.0,"turns":4.0},{"damage":64.0,"enemies":"Slime Boss","floor":16.0,"turns":13.0},{"damage":3.0,"enemies":"Chosen","floor":18.0,"turns":3.0},{"damage":19.0,"enemies":"Colosseum Slavers","floor":20.0,"turns":3.0},{"damage":32.0,"enemies":"Colosseum Nobs","floor":20.0,"turns":4.0},{"damage":24.0,"enemies":"Book of Stabbing","floor":23.0,"turns":5.0},{"damage":13.0,"enemies":"2 Thieves","floor":25.0,"turns":4.0},{"damage":0.0,"enemies":"Centurion and Healer","floor":29.0,"turns":4.0},{"damage":10.0,"enemies":"Slavers","floor":31.0,"turns":4.0},{"damage":76.0,"enemies":"Champ","floor":33.0,"turns":9.0},{"damage":11.0,"enemies":"Orb Walker","floor":35.0,"turns":3.0},{"damage":0.0,"enemies":"3 Shapes","floor":36.0,"turns":2.0},{"damage":22.0,"enemies":"3 Darklings","floor":38.0,"turns":4.0},{"damage":22.0,"enemies":"Reptomancer","floor":41.0,"turns":4.0},{"damage":0.0,"enemies":"Mind Bloom Boss Battle","floor":44.0,"turns":5.0},{"damage":33.0,"enemies":"Spire Growth","floor":45.0,"turns":4.0},{"damage":56,"enemies":"Nemesis","floor":47,"turns":5}],"seed_played":"-2184491419564299499","potions_obtained":[{"floor":1.0,"key":"LiquidBronze"},{"floor":6.0,"key":"PowerPotion"},{"floor":7.0,"key":"Weak Potion"},{"floor":13.0,"key":"SkillPotion"}],"is_trial":false,"path_per_floor":["M","?","$","M","?","E","M","E","T","R","E","M","M","M","R","B",null,"M","?","?","$","?","E","R","M","T","R","$","M","?","E","R","B",null,"M","M","?","M","$","R","E","R","T","?","M","$","E"],"character_chosen":"IRONCLAD","items_purchased":["Rampage","Shrug It Off","Gremlin Horn"],"campfire_rested":2,"item_purchase_floors":[3,3,21],"current_hp_per_floor":[69,57,57,63,63,31,49,55,55,55,41,54,56,49,49,28,67,70,55,40,40,40,34,59,52,52,52,52,58,58,54,79,27,71,66,72,72,56,56,56,52,52,52,83,56,56,0],"gold":388,"neow_bonus":"HUNDRED_GOLD","is_prod":false,"is_daily":false,"chose_seed":false,"campfire_upgraded":5,"win_rate":0,"timestamp":1553302382,"path_taken":["M","?","$","M","?","E","M","E","T","R","E","M","M","?","R","BOSS","M","?","?","$","?","E","R","M","T","R","$","M","?","E","R","BOSS","M","M","?","M","$","R","E","R","T","?","M","$","E"],"build_version":"2019-01-23","purchased_purges":4,"victory":false,"max_hp_per_floor":[80,80,80,80,80,80,80,80,80,80,80,80,80,80,80,80,80,80,85,85,85,85,85,85,85,85,85,85,85,85,85,85,85,85,85,85,85,85,85,85,85,85,85,85,85,85,85],"card_choices":[{"not_picked":["Uppercut","Infernal Blade"],"picked":"Cleave","floor":1.0},{"not_picked":["Ghostly Armor","Metallicize","Twin Strike"],"picked":"SKIP","floor":4.0},{"not_picked":["Havoc","Sword Boomerang"],"picked":"Flex","floor":6.0},{"not_picked":["Havoc","Feel No Pain","Body Slam"],"picked":"SKIP","floor":7.0},{"not_picked":["Searing Blow","Warcry"],"picked":"Fire Breathing","floor":8.0},{"not_picked":["Sword Boomerang","Cleave"],"picked":"Disarm","floor":11.0},{"not_picked":["Evolve","Shockwave"],"picked":"Thunderclap","floor":12.0},{"not_picked":["Iron Wave","Cleave"],"picked":"Pommel Strike","floor":13.0},{"not_picked":["Pummel","Rampage"],"picked":"Headbutt","floor":14.0},{"not_picked":["Dark Embrace","Impervious"],"picked":"Double Tap","floor":16.0},{"not_picked":["Second Wind+1","Anger","Power Through"],"picked":"SKIP","floor":18.0},{"not_picked":["Body Slam","Perfected Strike+1","Immolate"],"picked":"SKIP","floor":23.0},{"not_picked":["Ghostly Armor+1","Entrench","Twin Strike"],"picked":"SKIP","floor":25.0},{"not_picked":["Searing Blow","Warcry+1","Wild Strike"],"picked":"SKIP","floor":29.0},{"not_picked":["Body Slam","Sword Boomerang","Power Through+1"],"picked":"SKIP","floor":31.0},{"not_picked":["Intimidate","Armaments+1","Anger+1"],"picked":"SKIP","floor":35.0},{"not_picked":["Uppercut+1","Wild Strike"],"picked":"Dropkick+1","floor":36.0},{"not_picked":["Twin Strike","Wild Strike","Anger"],"picked":"SKIP","floor":38.0},{"not_picked":["Headbutt+1","Thunderclap+1","Wild Strike"],"picked":"SKIP","floor":41.0},{"not_picked":["Clothesline+1","Iron Wave","Power Through+1"],"picked":"SKIP","floor":45.0}],"player_experience":143404,"relics_obtained":[{"floor":6.0,"key":"Meat on the Bone"},{"floor":8.0,"key":"Paper Frog"},{"floor":9.0,"key":"Self Forming Clay"},{"floor":11.0,"key":"Mummified Hand"},{"floor":20.0,"key":"Thread and Needle"},{"floor":20.0,"key":"Mercury Hourglass"},{"floor":23.0,"key":"Art of War"},{"floor":26.0,"key":"Bottled Flame"},{"floor":31.0,"key":"MawBank"},{"floor":41.0,"key":"Whetstone"},{"floor":43.0,"key":"Bag of Marbles"},{"floor":44.0,"key":"Nunchaku"}],"event_choices":[{"damage_healed":0.0,"max_hp_gain":0.0,"max_hp_loss":0.0,"gold_gain":0.0,"event_name":"Scrap Ooze","player_choice":"Success","floor":2.0,"gold_loss":0.0,"damage_taken":12.0,"relics_obtained":["Pantograph"]},{"damage_healed":0.0,"max_hp_gain":0.0,"max_hp_loss":0.0,"gold_gain":0.0,"event_name":"Upgrade Shrine","player_choice":"Upgraded","floor":5.0,"gold_loss":0.0,"damage_taken":0.0,"cards_upgraded":["Rampage"]},{"damage_healed":0.0,"max_hp_gain":5.0,"max_hp_loss":0.0,"gold_gain":0.0,"event_name":"Forgotten Altar","player_choice":"Shed Blood","floor":19.0,"gold_loss":0.0,"damage_taken":20.0},{"damage_healed":0.0,"max_hp_gain":0.0,"max_hp_loss":0.0,"gold_gain":0.0,"event_name":"Colosseum","player_choice":"Fight","floor":20.0,"gold_loss":0.0,"damage_taken":0.0},{"damage_healed":0.0,"max_hp_gain":0.0,"max_hp_loss":0.0,"gold_gain":0.0,"event_name":"Colosseum","player_choice":"Fought Nobs","floor":20.0,"gold_loss":0.0,"damage_taken":0.0},{"damage_healed":0.0,"max_hp_gain":0.0,"max_hp_loss":0.0,"gold_gain":99.0,"event_name":"Nest","player_choice":"Stole From Cult","floor":30.0,"gold_loss":0.0,"damage_taken":0.0},{"damage_healed":0.0,"max_hp_gain":0.0,"max_hp_loss":0.0,"gold_gain":0.0,"event_name":"Tomb of Lord Red Mask","player_choice":"Ignored","floor":37.0,"gold_loss":0.0,"damage_taken":0.0},{"damage_healed":0.0,"max_hp_gain":0.0,"max_hp_loss":0.0,"gold_gain":0.0,"event_name":"MindBloom","player_choice":"Fight","floor":44.0,"gold_loss":0.0,"damage_taken":0.0}],"is_beta":false,"boss_relics":[{"not_picked":["Coffee Dripper","Mark of Pain"],"picked":"Sozu"},{"not_picked":["White Beast Statue","Calling Bell"],"picked":"Cursed Key"}],"items_purged_floors":[3,21,39,46],"is_endless":false,"potions_floor_spawned":[1,6,7,13,20,20,25,38,41,45],"killed_by":"Nemesis","ascension_level":9}