{"gold_per_floor":[115,37,37,187,9,34,34,62,62,74,85,104,118,145,145,221,221,221,121,46,46,46,46,46,46,46,46,46,46,46,46,46,46,46,46,46,46,0,0,0,0,0,0,0,0,0,0,0,0,0,0],"floor_reached":52,"playtime":3714,"items_purged":["Doubt"],"score":2069,"play_id":"f3b228a0-a944-470d-908c-65abcdd6a75c","local_time":"20190630202936","is_ascension_mode":true,"campfire_choices":[{"data":"Biased Cognition","floor":7.0,"key":"SMITH"},{"data":"Defragment","floor":15.0,"key":"SMITH"},{"floor":24.0,"key":"REST"},{"floor":32.0,"key":"REST"},{"data":"Fission","floor":40.0,"key":"SMITH"},{"floor":45.0,"key":"REST"},{"floor":49.0,"key":"REST"}],"neow_cost":"NONE","seed_source_timestamp":932761047968000,"circlet_count":0,"master_deck":["AscendersBane","Strike_B","Strike_B+1","Strike_B","Strike_B","Defend_B","Defend_B","Defend_B","Defend_B","Zap+1","Dualcast","Ball Lightning+1","Defragment+1","Biased Cognition+1","Undo","Glacier","Capacitor","Compile Driver","Recycle","Seek+1","Cold Snap","Glacier","Core Surge+1","Genetic Algorithm","Chill","Coolheaded","Ball Lightning+1","Chill+1","Biased Cognition","Doom and Gloom","Fission+1","Steam Power+1","Stack+1","Blizzard+1","Static Discharge","Coolheaded+1","Chaos+1","Biased Cognition","Compile Driver"],"special_seed":0,"relics":["Cracked Core","NeowsBlessing","Symbiotic Virus","Prayer Wheel","Torii","Omamori","Ectoplasm","Dodecahedron","Mummified Hand","Whetstone","Philosopher\u0027s Stone","Du-Vu Doll","Red Mask","MawBank","Lantern"],"potions_floor_usage":[51],"damage_taken":[{"damage":0.0,"enemies":"Small Slimes","floor":1.0,"turns":1.0},{"damage":0.0,"enemies":"3 Sentries","floor":6.0,"turns":1.0},{"damage":0.0,"enemies":"Gremlin Nob","floor":8.0,"turns":1.0},{"damage":1.0,"enemies":"2 Louse","floor":10.0,"turns":3.0},{"damage":1.0,"enemies":"Jaw Worm","floor":11.0,"turns":2.0},{"damage":0.0,"enemies":"Looter","floor":12.0,"turns":3.0},{"damage":13.0,"enemies":"Exordium Thugs","floor":13.0,"turns":4.0},{"damage":10.0,"enemies":"3 Sentries","floor":14.0,"turns":9.0},{"damage":3.0,"enemies":"Hexaghost","floor":16.0,"turns":8.0},{"damage":0.0,"enemies":"Chosen","floor":18.0,"turns":4.0},{"damage":8.0,"enemies":"2 Thieves","floor":19.0,"turns":5.0},{"damage":29.0,"enemies":"Slavers","floor":23.0,"turns":7.0},{"damage":0.0,"enemies":"Cultist and Chosen","floor":25.0,"turns":6.0},{"damage":6.0,"enemies":"Shelled Parasite and Fungi","floor":28.0,"turns":4.0},{"damage":22.0,"enemies":"Gremlin Leader","floor":29.0,"turns":6.0},{"damage":0.0,"enemies":"Colosseum Slavers","floor":30.0,"turns":3.0},{"damage":1.0,"enemies":"Centurion and Healer","floor":31.0,"turns":7.0},{"damage":2.0,"enemies":"Champ","floor":33.0,"turns":14.0},{"damage":0.0,"enemies":"3 Shapes","floor":35.0,"turns":3.0},{"damage":1.0,"enemies":"3 Darklings","floor":36.0,"turns":5.0},{"damage":21.0,"enemies":"2 Orb Walkers","floor":37.0,"turns":5.0},{"damage":1.0,"enemies":"Sphere and 2 Shapes","floor":39.0,"turns":5.0},{"damage":31.0,"enemies":"Nemesis","floor":41.0,"turns":7.0},{"damage":0.0,"enemies":"Transient","floor":44.0,"turns":6.0},{"damage":0.0,"enemies":"Jaw Worm Horde","floor":46.0,"turns":4.0},{"damage":0.0,"enemies":"3 Darklings","floor":47.0,"turns":4.0},{"damage":0.0,"enemies":"Reptomancer","floor":48.0,"turns":5.0},{"damage":39,"enemies":"Time Eater","floor":50,"turns":16},{"damage":12,"enemies":"Donu and Deca","floor":51,"turns":9}],"seed_played":"-1170398648986289322","potions_obtained":[{"floor":6.0,"key":"Block Potion"},{"floor":11.0,"key":"Poison Potion"},{"floor":12.0,"key":"SkillPotion"},{"floor":16.0,"key":"Ancient Potion"},{"floor":18.0,"key":"FocusPotion"},{"floor":31.0,"key":"Strength Potion"},{"floor":36.0,"key":"Weak Potion"},{"floor":37.0,"key":"FearPotion"},{"floor":39.0,"key":"EssenceOfSteel"},{"floor":42.0,"key":"FairyPotion"}],"is_trial":false,"path_per_floor":["M","$","?","?","$","E","R","E","T","M","M","M","M","E","R","B",null,"M","M","$","?","$","E","R","M","T","?","M","E","?","M","R","B",null,"M","M","?","?","M","R","E","?","T","M","R","M","M","E","R","B","B",null],"character_chosen":"DEFECT","items_purchased":["Defragment","Biased Cognition"],"campfire_rested":4,"item_purchase_floors":[2,5],"current_hp_per_floor":[64,64,43,43,43,43,43,43,43,42,41,41,28,18,18,15,57,57,49,49,49,49,20,41,41,41,41,35,13,13,12,33,31,61,61,60,39,39,38,38,7,7,7,7,28,28,28,28,49,10,7],"gold":0,"neow_bonus":"THREE_ENEMY_KILL","is_prod":false,"is_daily":false,"chose_seed":false,"campfire_upgraded":3,"win_rate":0,"timestamp":1561940976,"path_taken":["M","$","?","?","?","E","R","E","T","M","M","M","M","E","R","BOSS","M","M","$","?","?","E","R","?","T","?","M","E","?","M","R","BOSS","M","M","?","?","?","R","E","?","T","M","R","?","M","E","R","BOSS","BOSS"],"build_version":"2019-06-29","purchased_purges":1,"victory":true,"max_hp_per_floor":[71,71,71,71,71,71,71,71,71,71,71,71,71,71,71,71,71,71,71,71,71,71,71,71,71,71,71,71,71,71,71,71,71,71,71,71,71,71,71,71,71,71,71,71,71,71,71,71,71,71,71],"card_choices":[{"not_picked":["Rebound","Coolheaded"],"picked":"Ball Lightning","floor":1.0},{"not_picked":["Gash","Steam"],"picked":"Undo","floor":6.0},{"not_picked":["Steam","Barrage"],"picked":"Glacier","floor":8.0},{"not_picked":["Compile Driver","Leap"],"picked":"Capacitor","floor":10.0},{"not_picked":["Streamline","Rebound"],"picked":"Compile Driver","floor":10.0},{"not_picked":["Steam Power","Gash"],"picked":"Recycle","floor":11.0},{"not_picked":["Loop","Streamline","Leap"],"picked":"SKIP","floor":11.0},{"not_picked":["Streamline","Sweeping Beam"],"picked":"Seek","floor":12.0},{"not_picked":["Hologram","Loop"],"picked":"Cold Snap","floor":12.0},{"not_picked":["Hyperbeam","FTL"],"picked":"Glacier","floor":13.0},{"not_picked":["Redo","Ball Lightning","Skim"],"picked":"SKIP","floor":13.0},{"not_picked":["Barrage","Ball Lightning","Turbo"],"picked":"SKIP","floor":14.0},{"not_picked":["Multi-Cast","Echo Form"],"picked":"Core Surge","floor":16.0},{"not_picked":["BootSequence","Stack"],"picked":"Genetic Algorithm","floor":18.0},{"not_picked":["Compile Driver","Rebound","Redo"],"picked":"SKIP","floor":18.0},{"not_picked":["Defragment","Chaos"],"picked":"Chill","floor":19.0},{"not_picked":["Steam","Machine Learning"],"picked":"Coolheaded","floor":19.0},{"not_picked":["Loop","Cold Snap"],"picked":"Ball Lightning+1","floor":23.0},{"not_picked":["Rebound","Sunder"],"picked":"Chill+1","floor":25.0},{"not_picked":["Redo","Ball Lightning","Rebound"],"picked":"SKIP","floor":25.0},{"not_picked":["Meteor Strike","Cold Snap","Leap"],"picked":"SKIP","floor":28.0},{"not_picked":["Compile Driver","Chill","Turbo"],"picked":"SKIP","floor":28.0},{"not_picked":["Beam Cell","Rebound"],"picked":"Doom and Gloom","floor":29.0},{"not_picked":["Fusion+1","Capacitor","Tempest"],"picked":"SKIP","floor":31.0},{"not_picked":["Rebound+1","Amplify","Ball Lightning"],"picked":"SKIP","floor":31.0},{"not_picked":["Creative AI","Machine Learning"],"picked":"Fission","floor":33.0},{"not_picked":["Steam","Gash"],"picked":"Steam Power+1","floor":35.0},{"not_picked":["Barrage","Steam","Recycle"],"picked":"SKIP","floor":35.0},{"not_picked":["Go for the Eyes","Coolheaded"],"picked":"Stack+1","floor":36.0},{"not_picked":["FTL","Sweeping Beam","Capacitor"],"picked":"SKIP","floor":36.0},{"not_picked":["Auto Shields","Aggregate"],"picked":"Blizzard+1","floor":39.0},{"not_picked":["Conserve Battery+1","Electrodynamics"],"picked":"Static Discharge","floor":39.0},{"not_picked":["Go for the Eyes","Scrape","Conserve Battery+1"],"picked":"SKIP","floor":41.0},{"not_picked":["Recycle+1","Rebound"],"picked":"Coolheaded+1","floor":44.0},{"not_picked":["Melter","Redo","Steam"],"picked":"SKIP","floor":44.0},{"not_picked":["Beam Cell","Sunder"],"picked":"Chaos+1","floor":46.0},{"not_picked":["Fusion","Undo","Coolheaded"],"picked":"SKIP","floor":46.0},{"not_picked":["Conserve Battery","Steam Power+1"],"picked":"Biased Cognition","floor":47.0},{"not_picked":["Redo","Tempest+1"],"picked":"Compile Driver","floor":47.0},{"not_picked":["Rebound","Auto Shields+1","Go for the Eyes"],"picked":"SKIP","floor":48.0}],"player_experience":517753,"relics_obtained":[{"floor":6.0,"key":"Symbiotic Virus"},{"floor":8.0,"key":"Prayer Wheel"},{"floor":9.0,"key":"Torii"},{"floor":14.0,"key":"Omamori"},{"floor":23.0,"key":"Dodecahedron"},{"floor":26.0,"key":"Mummified Hand"},{"floor":29.0,"key":"Whetstone"},{"floor":37.0,"key":"Du-Vu Doll"},{"floor":41.0,"key":"MawBank"},{"floor":48.0,"key":"Lantern"}],"event_choices":[{"damage_healed":0.0,"max_hp_gain":0.0,"max_hp_loss":0.0,"gold_gain":0.0,"event_name":"Shining Light","player_choice":"Entered Light","floor":3.0,"gold_loss":0.0,"damage_taken":21.0,"cards_upgraded":["Ball Lightning","Zap"]},{"damage_healed":0.0,"max_hp_gain":0.0,"max_hp_loss":0.0,"gold_gain":150.0,"event_name":"Liars Game","player_choice":"AGREE","floor":4.0,"gold_loss":0.0,"damage_taken":0.0,"cards_obtained":["Doubt"]},{"damage_healed":0.0,"max_hp_gain":0.0,"max_hp_loss":0.0,"gold_gain":0.0,"event_name":"Upgrade Shrine","player_choice":"Upgraded","floor":21.0,"gold_loss":0.0,"damage_taken":0.0,"cards_upgraded":["Seek"]},{"damage_healed":0.0,"max_hp_gain":0.0,"max_hp_loss":0.0,"gold_gain":0.0,"event_name":"The Library","player_choice":"Read","floor":27.0,"gold_loss":0.0,"damage_taken":0.0,"cards_obtained":["Biased Cognition"]},{"damage_healed":0.0,"max_hp_gain":0.0,"max_hp_loss":0.0,"gold_gain":0.0,"event_name":"Colosseum","player_choice":"Fight","floor":30.0,"gold_loss":0.0,"damage_taken":0.0},{"damage_healed":0.0,"max_hp_gain":0.0,"max_hp_loss":0.0,"gold_gain":0.0,"event_name":"Colosseum","player_choice":"Fled From Nobs","floor":30.0,"gold_loss":0.0,"damage_taken":0.0},{"damage_healed":0.0,"max_hp_gain":0.0,"max_hp_loss":0.0,"gold_gain":0.0,"event_name":"Mysterious Sphere","player_choice":"Fight","floor":37.0,"gold_loss":0.0,"damage_taken":0.0},{"damage_healed":0.0,"max_hp_gain":0.0,"max_hp_loss":0.0,"gold_gain":0.0,"event_name":"Tomb of Lord Red Mask","player_choice":"Paid","floor":38.0,"gold_loss":46.0,"damage_taken":0.0,"relics_obtained":["Red Mask"]},{"damage_healed":0.0,"max_hp_gain":0.0,"max_hp_loss":0.0,"gold_gain":0.0,"event_name":"Lab","player_choice":"Got Potions","floor":42.0,"gold_loss":0.0,"damage_taken":0.0}],"is_beta":true,"boss_relics":[{"not_picked":["Orrery","Black Star"],"picked":"Ectoplasm"},{"not_picked":["Pandora\u0027s Box","Velvet Choker"],"picked":"Philosopher\u0027s Stone"}],"items_purged_floors":[20],"is_endless":false,"potions_floor_spawned":[6,11,12,16,18,19,30,31,36,37,39,46,47],"ascension_level":20}