{"gold_per_floor":[118,118,48,59,59,59,92,92,92,126,140,187,187,207,207,306,306,316,366,216,234,261,289,289,189,189,189,204,204,229,229,229,330,330,344,344,444,444,456,456,469,469,469,469,483,7,21,21,21,21],"floor_reached":51,"playtime":9840,"items_purged":["Strike_G","Strike_G","Strike_G"],"score":719,"play_id":"95dbc16b-e9da-4fac-bf44-b91b27aa8682","local_time":"20190625202659","is_ascension_mode":false,"campfire_choices":[{"data":"Footwork","floor":6,"key":"SMITH"},{"data":"Burst","floor":15,"key":"SMITH"},{"data":"Noxious Fumes","floor":24,"key":"SMITH"},{"data":"Neutralize","floor":27,"key":"SMITH"},{"data":"Tools of the Trade","floor":29,"key":"SMITH"},{"floor":32,"key":"REST"},{"data":"Malaise","floor":40,"key":"SMITH"},{"data":"Mayhem","floor":42,"key":"SMITH"},{"data":"Expertise","floor":44,"key":"SMITH"},{"data":"Panache","floor":49,"key":"SMITH"}],"neow_cost":"NONE","seed_source_timestamp":21763983363500,"circlet_count":0,"master_deck":["Defend_G","Defend_G","Defend_G","Defend_G","Strike_G+1","Survivor+1","Neutralize+1","Footwork+1","Dagger Throw","Dagger Throw","Burst+1","Dagger Throw","Tools of the Trade+1","Well Laid Plans+1","Noxious Fumes+1","Dash","Malaise+1","Acrobatics+1","Finesse","Panache+1","Mayhem+1","Expertise+1","Backflip","Infinite Blades+1"],"relics":["Ring of the Snake","NeowsBlessing","Dream Catcher","Gremlin Horn","Dodecahedron","Regal Pillow","Runic Dome","Red Mask","Shuriken","Oddly Smooth Stone","Centennial Puzzle","Philosopher\u0027s Stone","StoneCalendar","Bronze Scales","Lee\u0027s Waffle","Ancient Tea Set"],"potions_floor_usage":[10,16,33,39,50,50,50],"damage_taken":[{"damage":0,"enemies":"2 Louse","floor":1,"turns":1},{"damage":0,"enemies":"Cultist","floor":4,"turns":1},{"damage":0,"enemies":"Lagavulin","floor":7,"turns":1},{"damage":12,"enemies":"3 Sentries","floor":10,"turns":11},{"damage":0,"enemies":"Small Slimes","floor":11,"turns":4},{"damage":0,"enemies":"Looter","floor":14,"turns":3},{"damage":48,"enemies":"Hexaghost","floor":16,"turns":13},{"damage":8,"enemies":"Spheric Guardian","floor":18,"turns":4},{"damage":0,"enemies":"Chosen","floor":21,"turns":5},{"damage":24,"enemies":"Masked Bandits","floor":22,"turns":7},{"damage":6,"enemies":"Book of Stabbing","floor":23,"turns":10},{"damage":7,"enemies":"3 Cultists","floor":28,"turns":6},{"damage":16,"enemies":"Automaton","floor":33,"turns":9},{"damage":0,"enemies":"Orb Walker","floor":35,"turns":4},{"damage":0,"enemies":"Mind Bloom Boss Battle","floor":37,"turns":6},{"damage":0,"enemies":"3 Shapes","floor":39,"turns":3},{"damage":23,"enemies":"Jaw Worm Horde","floor":41,"turns":4},{"damage":0,"enemies":"Spire Growth","floor":45,"turns":6},{"damage":0,"enemies":"3 Darklings","floor":47,"turns":4},{"damage":0,"enemies":"Donu and Deca","floor":50,"turns":7}],"seed_played":"-7949597833373234396","potions_obtained":[{"floor":1,"key":"LiquidBronze"},{"floor":4,"key":"Block Potion"},{"floor":7,"key":"Explosive Potion"},{"floor":16,"key":"GamblersBrew"},{"floor":18,"key":"GamblersBrew"},{"floor":28,"key":"PowerPotion"},{"floor":35,"key":"FearPotion"},{"floor":37,"key":"LiquidBronze"},{"floor":41,"key":"SpeedPotion"}],"is_trial":false,"path_per_floor":["M","?","$","M","?","R","E","?","T","E","M","T","?","M","R","B",null,"M","?","$","M","?","E","R","$","T","R","M","R","T","?","R","B",null,"M","?","?","?","M","R","M","R","T","R","M","$","M","$","R","B",null],"character_chosen":"THE_SILENT","items_purchased":["Footwork","Noxious Fumes","Lee\u0027s Waffle","Ancient Tea Set"],"campfire_rested":1,"item_purchase_floors":[3,20,46,46],"current_hp_per_floor":[70,70,70,70,56,56,56,56,56,44,44,44,49,49,49,1,75,67,67,67,67,43,37,37,37,37,37,30,30,30,30,67,51,75,75,75,75,65,65,65,42,42,42,42,42,82,82,82,82,82],"gold":21,"neow_bonus":"THREE_ENEMY_KILL","is_prod":false,"is_daily":false,"chose_seed":false,"campfire_upgraded":9,"win_rate":0.0,"timestamp":1561508819,"path_taken":["M","?","$","?","?","R","E","?","T","E","?","?","?","M","R","BOSS","M","?","?","?","?","E","R","$","T","R","M","R","?","?","R","BOSS","M","?","?","?","M","R","M","R","T","R","M","$","M","?","R","BOSS"],"build_version":"2019-01-23","purchased_purges":3,"victory":true,"max_hp_per_floor":[70,70,70,70,70,70,70,70,70,70,70,70,75,75,75,75,75,75,75,75,75,75,75,75,75,75,75,75,75,75,75,75,75,75,75,75,75,75,75,75,75,75,75,75,75,82,82,82,82,82],"card_choices":[{"not_picked":["Finisher","Underhanded Strike","Acrobatics"],"picked":"SKIP","floor":1},{"not_picked":["Deadly Poison","Infinite Blades"],"picked":"Dagger Throw","floor":4},{"not_picked":["Eviscerate","Distraction"],"picked":"Dagger Throw","floor":7},{"not_picked":["Tactician","Phantasmal Killer"],"picked":"Burst","floor":10},{"not_picked":["Eviscerate","Deadly Poison"],"picked":"Dagger Throw","floor":11},{"not_picked":["Poisoned Stab","Prepared","Flying Knee"],"picked":"SKIP","floor":14},{"not_picked":["Unload","Wraith Form v2"],"picked":"Tools of the Trade","floor":16},{"not_picked":["Poisoned Stab","Eviscerate"],"picked":"Well Laid Plans+1","floor":18},{"not_picked":["Deadly Poison","PiercingWail+1","Choke"],"picked":"SKIP","floor":21},{"not_picked":["Distraction","Underhanded Strike","Predator+1"],"picked":"SKIP","floor":23},{"not_picked":["Dagger Throw","Poisoned Stab","Dagger Spray"],"picked":"SKIP","floor":28},{"not_picked":["Dodge and Roll","Slice"],"picked":"Dash","floor":32},{"not_picked":["Burst","Doppelganger"],"picked":"Malaise","floor":33},{"not_picked":["Endless Agony+1","Sucker Punch"],"picked":"Acrobatics+1","floor":35},{"not_picked":["Panacea","Blind"],"picked":"Finesse","floor":38},{"not_picked":["PanicButton","Trip"],"picked":"Panache","floor":38},{"not_picked":["Violence","Good Instincts"],"picked":"Mayhem","floor":38},{"not_picked":["Distraction+1","Deflect"],"picked":"Expertise","floor":39},{"not_picked":["Sucker Punch","Terror"],"picked":"Backflip","floor":41},{"not_picked":["Quick Slash","Distraction"],"picked":"Infinite Blades+1","floor":45},{"not_picked":["PiercingWail+1","Eviscerate","Poisoned Stab"],"picked":"SKIP","floor":47}],"player_experience":7059,"relics_obtained":[{"floor":7,"key":"Dream Catcher"},{"floor":9,"key":"Gremlin Horn"},{"floor":10,"key":"Dodecahedron"},{"floor":12,"key":"Regal Pillow"},{"floor":22,"key":"Red Mask"},{"floor":23,"key":"Shuriken"},{"floor":26,"key":"Oddly Smooth Stone"},{"floor":30,"key":"Centennial Puzzle"},{"floor":37,"key":"StoneCalendar"},{"floor":43,"key":"Bronze Scales"}],"event_choices":[{"damage_healed":0,"gold_gain":0,"player_choice":"Bought 0 Potions","damage_taken":0,"max_hp_gain":0,"max_hp_loss":0,"event_name":"The Woman in Blue","floor":2,"gold_loss":0},{"damage_healed":0,"gold_gain":0,"player_choice":"Entered Light","damage_taken":14,"max_hp_gain":0,"max_hp_loss":0,"event_name":"Shining Light","floor":5,"gold_loss":0,"cards_upgraded":["Survivor","Strike_G"]},{"cards_removed":["Strike_G"],"damage_healed":0,"gold_gain":0,"player_choice":"Offered Basic","damage_taken":0,"max_hp_gain":0,"max_hp_loss":0,"event_name":"Bonfire Elementals","floor":8,"gold_loss":0},{"damage_healed":0,"gold_gain":0,"player_choice":"Donut","damage_taken":0,"max_hp_gain":5,"max_hp_loss":0,"event_name":"Big Fish","floor":13,"gold_loss":0},{"damage_healed":0,"gold_gain":100,"player_choice":"Bet on Murderer","damage_taken":0,"max_hp_gain":0,"max_hp_loss":0,"event_name":"The Joust","floor":19,"gold_loss":50},{"damage_healed":0,"gold_gain":0,"player_choice":"Fought Bandits","damage_taken":0,"max_hp_gain":0,"max_hp_loss":0,"event_name":"Masked Bandits","floor":22,"gold_loss":0},{"damage_healed":0,"gold_gain":0,"player_choice":"Ignored","damage_taken":0,"max_hp_gain":0,"max_hp_loss":0,"event_name":"The Mausoleum","floor":31,"gold_loss":0},{"cards_removed":["Defend_G"],"damage_healed":0,"gold_gain":0,"player_choice":"Removed Skill","damage_taken":0,"max_hp_gain":0,"max_hp_loss":0,"event_name":"Falling","floor":36,"gold_loss":0},{"damage_healed":0,"gold_gain":0,"player_choice":"Fight","damage_taken":0,"max_hp_gain":0,"max_hp_loss":0,"event_name":"MindBloom","floor":37,"gold_loss":0},{"damage_healed":0,"gold_gain":0,"player_choice":"Memory 3","damage_taken":10,"max_hp_gain":0,"max_hp_loss":0,"event_name":"SensoryStone","floor":38,"gold_loss":0}],"is_beta":false,"boss_relics":[{"not_picked":["Ring of the Serpent","Busted Crown"],"picked":"Runic Dome"},{"not_picked":["Empty Cage","Fusion Hammer"],"picked":"Philosopher\u0027s Stone"}],"items_purged_floors":[20,25,46],"is_endless":false,"potions_floor_spawned":[1,4,7,16,18,28,35,37,41,45],"ascension_level":0}