{"gold_per_floor":[99,99,99,99,99,99,99,99,99,99,54,54,54,19,19,19,19,19,19,19,19,19,19],"floor_reached":23,"playtime":3466,"items_purged":[],"score":215,"play_id":"68bf7b6d-e2ce-4611-9e65-f3732bbef230","local_time":"20190522213007","is_ascension_mode":false,"campfire_choices":[{"floor":13,"key":"REST"},{"floor":15,"key":"REST"}],"neow_cost":"NONE","seed_source_timestamp":2179469554861712,"circlet_count":0,"master_deck":["Strike_B","Defend_B","Defend_B","Defend_B","Defend_B","Zap","Dualcast","Turbo","Sunder","Chill","Buffer","Redo","White Noise","Chaos","Sunder","All For One","Go for the Eyes","Writhe","Rebound","FTL+1"],"relics":["Ectoplasm","Bag of Preparation","Cables","Pantograph","Gremlin Horn","Gambling Chip","Empty Cage","Dream Catcher"],"potions_floor_usage":[6,10,21,23,23],"damage_taken":[{"damage":0,"enemies":"Small Slimes","floor":1,"turns":2},{"damage":3,"enemies":"Jaw Worm","floor":3,"turns":3},{"damage":2,"enemies":"2 Louse","floor":4,"turns":2},{"damage":0,"enemies":"Large Slime","floor":5,"turns":4},{"damage":17,"enemies":"Lagavulin","floor":6,"turns":6},{"damage":0,"enemies":"Exordium Wildlife","floor":7,"turns":3},{"damage":21,"enemies":"Gremlin Nob","floor":10,"turns":4},{"damage":0,"enemies":"Looter","floor":11,"turns":4},{"damage":2,"enemies":"3 Sentries","floor":12,"turns":8},{"damage":24,"enemies":"The Guardian","floor":16,"turns":8},{"damage":15,"enemies":"Shell Parasite","floor":18,"turns":7},{"damage":11,"enemies":"3 Byrds","floor":19,"turns":5},{"damage":0,"enemies":"Snake Plant","floor":21,"turns":3},{"damage":13,"enemies":"Centurion and Healer","floor":22,"turns":6},{"damage":37,"enemies":"Book of Stabbing","floor":23,"turns":5}],"seed_played":"-4308520327890088758","potions_obtained":[{"floor":1,"key":"GamblersBrew"},{"floor":3,"key":"Fire Potion"},{"floor":7,"key":"Strength Potion"},{"floor":11,"key":"SpeedPotion"},{"floor":19,"key":"Fire Potion"}],"is_trial":false,"path_per_floor":["M","?","M","M","M","E","M","?","T","E","M","E","R","?","R","B",null,"M","M","?","M","M","E"],"character_chosen":"DEFECT","items_purchased":[],"campfire_rested":2,"item_purchase_floors":[],"current_hp_per_floor":[75,68,65,63,63,46,46,34,34,13,13,11,33,51,73,51,75,60,49,49,49,36,0],"gold":19,"neow_bonus":"BOSS_RELIC","is_prod":false,"is_daily":false,"chose_seed":false,"campfire_upgraded":0,"win_rate":0.0,"timestamp":1558575007,"path_taken":["M","?","M","M","M","E","M","?","T","E","?","E","R","?","R","BOSS","M","M","?","M","M","E"],"build_version":"2019-01-23","purchased_purges":0,"victory":false,"max_hp_per_floor":[75,75,75,75,75,75,75,75,75,75,75,75,75,75,75,75,75,75,75,75,75,75,75],"card_choices":[{"not_picked":["Recycle","Compile Driver"],"picked":"Turbo","floor":1},{"not_picked":["Sweeping Beam","Streamline"],"picked":"Sunder","floor":3},{"not_picked":["Hologram","Sweeping Beam"],"picked":"Chill","floor":4},{"not_picked":["Compile Driver","Stack"],"picked":"Buffer","floor":5},{"not_picked":["Aggregate","Reboot"],"picked":"Redo","floor":6},{"not_picked":["Rebound","Recycle"],"picked":"White Noise","floor":7},{"not_picked":["Beam Cell","Consume"],"picked":"Chaos","floor":10},{"not_picked":["Stack","Barrage","Turbo"],"picked":"SKIP","floor":11},{"not_picked":["Turbo","Fusion"],"picked":"Sunder","floor":12},{"not_picked":["Core Surge","Seek"],"picked":"All For One","floor":16},{"not_picked":["Cold Snap","Hologram","Heatsinks"],"picked":"SKIP","floor":18},{"not_picked":["Conserve Battery","Ball Lightning"],"picked":"Go for the Eyes","floor":19},{"not_picked":["Stack+1","Redo+1"],"picked":"Rebound","floor":21},{"not_picked":["Turbo","Barrage"],"picked":"FTL+1","floor":22}],"player_experience":906351,"relics_obtained":[{"floor":6,"key":"Bag of Preparation"},{"floor":9,"key":"Pantograph"},{"floor":10,"key":"Gremlin Horn"},{"floor":12,"key":"Gambling Chip"}],"event_choices":[{"cards_removed":["Strike_B"],"damage_healed":0,"gold_gain":0,"player_choice":"Card Removal","damage_taken":7,"max_hp_gain":0,"max_hp_loss":0,"event_name":"Golden Wing","floor":2,"gold_loss":0},{"damage_healed":0,"gold_gain":0,"player_choice":"Success","damage_taken":12,"relics_obtained":["Cables"],"max_hp_gain":0,"max_hp_loss":0,"event_name":"Scrap Ooze","floor":8,"gold_loss":0},{"damage_healed":18,"gold_gain":0,"player_choice":"Healed","damage_taken":0,"max_hp_gain":0,"max_hp_loss":0,"event_name":"The Cleric","floor":14,"gold_loss":35},{"damage_healed":0,"gold_gain":0,"player_choice":"Opened","damage_taken":0,"relics_obtained":["Dream Catcher"],"max_hp_gain":0,"max_hp_loss":0,"event_name":"The Mausoleum","floor":20,"gold_loss":0,"cards_obtained":["Writhe"]}],"is_beta":false,"boss_relics":[{"not_picked":["Runic Dome","Busted Crown"],"picked":"Empty Cage"}],"items_purged_floors":[],"is_endless":false,"potions_floor_spawned":[1,3,7,11,19],"killed_by":"Book of Stabbing","ascension_level":0}