{"gold_per_floor":[117,130,143,68,68,98,98,110,110,110,129,129,145,161,161,161],"floor_reached":16,"playtime":983,"items_purged":["Strike_G"],"score":192,"play_id":"c682e098-4204-4019-80a0-f5c1b956b6cf","local_time":"20190629204322","is_ascension_mode":true,"campfire_choices":[{"data":"Neutralize","floor":7.0,"key":"SMITH"},{"data":"Escape Plan","floor":10.0,"key":"SMITH"},{"data":"Poisoned Stab","floor":12.0,"key":"SMITH"},{"data":"Backflip","floor":15.0,"key":"SMITH"}],"neow_cost":"NONE","seed_source_timestamp":0,"circlet_count":0,"master_deck":["AscendersBane","Defend_G","Defend_G","Defend_G","Defend_G","Defend_G","Strike_G","Strike_G","Strike_G","Strike_G","Survivor","Neutralize+1","Poisoned Stab","Escape Plan+1","Poisoned Stab+1","Backflip+1"],"special_seed":0,"relics":["Philosopher\u0027s Stone","Lantern","Orichalcum","Pantograph"],"potions_floor_usage":[16,16],"damage_taken":[{"damage":2.0,"enemies":"Cultist","floor":1.0,"turns":5.0},{"damage":13.0,"enemies":"Jaw Worm","floor":2.0,"turns":6.0},{"damage":0.0,"enemies":"Small Slimes","floor":3.0,"turns":3.0},{"damage":21.0,"enemies":"Lagavulin","floor":6.0,"turns":8.0},{"damage":4.0,"enemies":"Blue Slaver","floor":8.0,"turns":4.0},{"damage":0.0,"enemies":"3 Louse","floor":11.0,"turns":2.0},{"damage":0.0,"enemies":"Exordium Wildlife","floor":13.0,"turns":4.0},{"damage":4.0,"enemies":"Large Slime","floor":14.0,"turns":5.0},{"damage":45,"enemies":"Slime Boss","floor":16,"turns":11}],"seed_played":"4376692859048604170","potions_obtained":[{"floor":2.0,"key":"Poison Potion"},{"floor":6.0,"key":"Explosive Potion"},{"floor":8.0,"key":"EssenceOfSteel"},{"floor":11.0,"key":"Swift Potion"}],"is_trial":false,"path_per_floor":["M","M","M","$","T","E","R","M","T","R","M","R","M","M","R","B"],"character_chosen":"THE_SILENT","items_purchased":[],"campfire_rested":0,"item_purchase_floors":[],"current_hp_per_floor":[57,44,44,44,44,23,23,19,19,19,19,19,19,15,15,0],"gold":161,"neow_bonus":"BOSS_RELIC","is_prod":false,"is_daily":false,"chose_seed":false,"campfire_upgraded":4,"win_rate":0,"timestamp":1561855402,"path_taken":["M","?","M","$","?","E","R","M","T","R","M","R","?","M","R","BOSS"],"build_version":"2019-01-23","purchased_purges":1,"victory":false,"max_hp_per_floor":[66,66,66,66,66,66,66,66,66,66,66,66,66,66,66,66],"card_choices":[{"not_picked":["Sucker Punch","Setup","Deflect"],"picked":"SKIP","floor":1.0},{"not_picked":["Riddle With Holes","Sucker Punch"],"picked":"Poisoned Stab","floor":2.0},{"not_picked":["Slice","Crippling Poison"],"picked":"Escape Plan","floor":3.0},{"not_picked":["Cloak And Dagger","Prepared","Deflect"],"picked":"SKIP","floor":6.0},{"not_picked":["Tactician","Acrobatics"],"picked":"Poisoned Stab","floor":8.0},{"not_picked":["Flying Knee","Poisoned Stab","Dagger Throw"],"picked":"SKIP","floor":11.0},{"not_picked":["Dodge and Roll","Dagger Spray"],"picked":"Backflip","floor":13.0},{"not_picked":["Expertise","Flying Knee","Sucker Punch"],"picked":"SKIP","floor":14.0}],"player_experience":172991,"relics_obtained":[{"floor":5.0,"key":"Lantern"},{"floor":6.0,"key":"Orichalcum"},{"floor":9.0,"key":"Pantograph"}],"event_choices":[],"is_beta":false,"boss_relics":[],"items_purged_floors":[4],"is_endless":false,"potions_floor_spawned":[2,6,8,11],"killed_by":"Slime Boss","ascension_level":17}