{"gold_per_floor":[110,185,135,146,156,156,168,168,168,19,39,72,72,95,95,195,195,211,221,221,0,14,47,66,66],"floor_reached":25,"playtime":700,"items_purged":[],"score":346,"play_id":"ae6cd1ec-091a-43bc-89fc-95f5390c0049","local_time":"20190505234216","is_ascension_mode":true,"campfire_choices":[{"data":"Doom and Gloom","floor":6,"key":"SMITH"},{"data":"Zap","floor":8,"key":"SMITH"},{"data":"Redo","floor":15,"key":"SMITH"}],"neow_cost":"NONE","seed_source_timestamp":1602231159132527,"circlet_count":0,"master_deck":["AscendersBane","Strike_B","Strike_B","Defend_B","Defend_B","Defend_B","Defend_B+1","Zap+1","Dualcast","Redo+1","Undo","Doom and Gloom+1","Chaos+1","Reboot","Defragment","Capacitor","Loop","Loop"],"relics":["Cracked Core","NeowsBlessing","Meat on the Bone","DataDisk","Kunai","Regal Pillow","Velvet Choker","War Paint","Darkstone Periapt"],"potions_floor_usage":[12,12,16,19],"damage_taken":[{"damage":0,"enemies":"2 Louse","floor":1,"turns":1},{"damage":0,"enemies":"Small Slimes","floor":4,"turns":1},{"damage":0,"enemies":"Cultist","floor":5,"turns":1},{"damage":15,"enemies":"Looter","floor":7,"turns":4},{"damage":1,"enemies":"Red Slaver","floor":11,"turns":3},{"damage":15,"enemies":"Lagavulin","floor":12,"turns":4},{"damage":36,"enemies":"Hexaghost","floor":16,"turns":7},{"damage":5,"enemies":"Spheric Guardian","floor":18,"turns":3},{"damage":6,"enemies":"2 Thieves","floor":19,"turns":5},{"damage":13,"enemies":"3 Cultists","floor":22,"turns":3},{"damage":31,"enemies":"Book of Stabbing","floor":23,"turns":6},{"damage":4,"enemies":"Cultist and Chosen","floor":24,"turns":6},{"damage":31,"enemies":"Slavers","floor":25,"turns":2}],"seed_played":"113957119192807527","potions_obtained":[{"floor":7,"key":"Weak Potion"},{"floor":11,"key":"Poison Potion"},{"floor":12,"key":"SkillPotion"},{"floor":16,"key":"SkillPotion"},{"floor":22,"key":"FearPotion"}],"is_trial":false,"path_per_floor":["M","?","?","M","M","R","M","R","T","$","M","E","?","T","R","B",null,"M","M","?","$","M","E","M","E"],"character_chosen":"DEFECT","items_purchased":["DataDisk","Loop","War Paint"],"campfire_rested":0,"item_purchase_floors":[10,21,21],"current_hp_per_floor":[68,57,57,57,57,57,42,42,42,42,41,38,63,63,63,39,66,61,55,55,55,42,23,31,0],"gold":66,"neow_bonus":"THREE_ENEMY_KILL","is_prod":false,"is_daily":false,"chose_seed":false,"campfire_upgraded":3,"win_rate":0,"timestamp":1557092536,"path_taken":["M","?","?","M","M","R","M","R","T","$","M","E","?","?","R","BOSS","M","M","?","$","M","E","M","E"],"build_version":"2019-01-23","purchased_purges":0,"victory":false,"max_hp_per_floor":[75,75,75,75,75,75,75,75,75,75,75,75,75,75,75,75,75,75,75,75,75,75,75,75,75],"card_choices":[{"not_picked":["Coolheaded","Stack"],"picked":"Redo","floor":1},{"not_picked":["Compile Driver","Stack"],"picked":"Undo","floor":4},{"not_picked":["Sweeping Beam","Conserve Battery"],"picked":"Doom and Gloom","floor":5},{"not_picked":["Undo","Gash","Force Field"],"picked":"SKIP","floor":7},{"not_picked":["Beam Cell","Go for the Eyes"],"picked":"Chaos","floor":11},{"not_picked":["Coolheaded","All For One","Streamline"],"picked":"SKIP","floor":12},{"not_picked":["Rainbow","Core Surge"],"picked":"Reboot","floor":16},{"not_picked":["FTL","Sweeping Beam"],"picked":"Defragment","floor":18},{"not_picked":["FTL","Conserve Battery","Coolheaded"],"picked":"SKIP","floor":19},{"not_picked":["Compile Driver+1","Hologram","Leap"],"picked":"SKIP","floor":22},{"not_picked":["Aggregate+1","Sunder+1","Cold Snap+1"],"picked":"SKIP","floor":23},{"not_picked":["Reprogram","Chaos"],"picked":"Loop","floor":24}],"player_experience":252525,"relics_obtained":[{"floor":9,"key":"Meat on the Bone"},{"floor":12,"key":"Kunai"},{"floor":14,"key":"Regal Pillow"},{"floor":23,"key":"Darkstone Periapt"}],"event_choices":[{"damage_healed":0,"gold_gain":75,"player_choice":"Gather Gold","damage_taken":11,"max_hp_gain":0,"max_hp_loss":0,"event_name":"World of Goop","floor":2,"gold_loss":0},{"cards_removed":["Strike_B"],"damage_healed":0,"gold_gain":0,"player_choice":"Card Removal","damage_taken":0,"max_hp_gain":0,"max_hp_loss":0,"event_name":"The Cleric","floor":3,"gold_loss":50},{"damage_healed":25,"gold_gain":0,"player_choice":"Banana","damage_taken":0,"max_hp_gain":0,"max_hp_loss":0,"event_name":"Big Fish","floor":13,"gold_loss":0},{"damage_healed":0,"gold_gain":0,"cards_transformed":["Strike_B"],"player_choice":"Transformed","damage_taken":0,"max_hp_gain":0,"max_hp_loss":0,"event_name":"Transmorgrifier","floor":20,"gold_loss":0,"cards_obtained":["Capacitor"]}],"is_beta":false,"boss_relics":[{"not_picked":["Orrery","Snecko Eye"],"picked":"Velvet Choker"}],"items_purged_floors":[],"is_endless":false,"potions_floor_spawned":[7,11,12,16,22],"killed_by":"Slavers","ascension_level":11}