{"gold_per_floor":[115,127,146,23,23,48,66,86,111,128,158,188,188,215,215,319,319,330,330,77,97,114,114,148,148,148,176,176,1,33,46,46,46],"floor_reached":33,"playtime":1715,"items_purged":["Writhe"],"score":368,"play_id":"106bab70-4624-4ec1-bb09-fe257c5ed9c0","local_time":"20190426200740","is_ascension_mode":true,"campfire_choices":[{"data":"Metallicize","floor":13,"key":"SMITH"},{"data":"Evolve","floor":15,"key":"SMITH"},{"data":"Dark Embrace","floor":23,"key":"SMITH"},{"data":"Body Slam","floor":28,"key":"SMITH"},{"floor":32,"key":"REST"}],"neow_cost":"NONE","seed_source_timestamp":181377223003400,"circlet_count":0,"master_deck":["Strike_R","Strike_R","Strike_R+1","Strike_R","Strike_R","Defend_R","Defend_R","Defend_R","Defend_R","Bash","Wild Strike","Clothesline","Pommel Strike","Evolve+1","True Grit","Metallicize+1","Immolate","Whirlwind+1","Warcry","Wild Strike","Dark Embrace+1","Rage+1","Second Wind","Body Slam+1","Feel No Pain+1","Shockwave","Metallicize+1","HandOfGreed","Immolate"],"relics":["Burning Blood","Orichalcum","Strawberry","Bag of Marbles","Odd Mushroom","Art of War","Whetstone","Philosopher\u0027s Stone","Torii","Blood Vial","Regal Pillow","Matryoshka","Centennial Puzzle"],"potions_floor_usage":[22,24,33],"damage_taken":[{"damage":4,"enemies":"2 Louse","floor":1,"turns":3},{"damage":0,"enemies":"Cultist","floor":2,"turns":3},{"damage":2,"enemies":"Jaw Worm","floor":3,"turns":3},{"damage":36,"enemies":"Lagavulin","floor":6,"turns":8},{"damage":13,"enemies":"Lots of Slimes","floor":7,"turns":4},{"damage":8,"enemies":"Red Slaver","floor":8,"turns":3},{"damage":0,"enemies":"3 Louse","floor":10,"turns":1},{"damage":0,"enemies":"The Mushroom Lair","floor":11,"turns":1},{"damage":1,"enemies":"Gremlin Nob","floor":12,"turns":4},{"damage":15,"enemies":"3 Sentries","floor":14,"turns":5},{"damage":42,"enemies":"Hexaghost","floor":16,"turns":11},{"damage":0,"enemies":"3 Byrds","floor":18,"turns":2},{"damage":27,"enemies":"Spheric Guardian","floor":21,"turns":6},{"damage":17,"enemies":"Centurion and Healer","floor":22,"turns":7},{"damage":27,"enemies":"Gremlin Leader","floor":24,"turns":8},{"damage":13,"enemies":"Book of Stabbing","floor":27,"turns":5},{"damage":12,"enemies":"Shelled Parasite and Fungi","floor":30,"turns":6},{"damage":23,"enemies":"Snake Plant","floor":31,"turns":5},{"damage":77,"enemies":"Collector","floor":33,"turns":7}],"seed_played":"1509874739151712457","potions_obtained":[{"floor":3,"key":"SpeedPotion"},{"floor":5,"key":"EntropicBrew"},{"floor":5,"key":"EssenceOfSteel"},{"floor":6,"key":"Dexterity Potion"},{"floor":8,"key":"Regen Potion"},{"floor":27,"key":"Swift Potion"},{"floor":30,"key":"Strength Potion"}],"is_trial":false,"path_per_floor":["M","M","M","$","?","E","M","M","T","M","?","E","R","E","R","B",null,"M","?","$","M","M","R","E","?","T","E","R","$","M","M","R","B"],"character_chosen":"IRONCLAD","items_purchased":["Evolve","True Grit","Second Wind","Blood Vial","HandOfGreed"],"campfire_rested":1,"item_purchase_floors":[4,4,20,20,29],"current_hp_per_floor":[80,80,80,80,80,57,50,48,48,54,60,65,65,56,56,20,87,87,87,87,66,57,57,53,53,53,48,48,48,44,29,70,0],"gold":46,"neow_bonus":"RANDOM_COMMON_RELIC","is_prod":false,"is_daily":false,"chose_seed":false,"campfire_upgraded":4,"win_rate":0,"timestamp":1556334460,"path_taken":["M","M","M","$","?","E","M","?","T","M","?","E","R","E","R","BOSS","M","?","$","M","M","R","E","?","T","E","R","$","?","M","R","BOSS"],"build_version":"2019-01-23","purchased_purges":1,"victory":false,"max_hp_per_floor":[80,80,80,80,80,87,87,87,87,87,87,87,87,87,87,87,87,87,87,87,87,87,87,87,87,87,87,87,87,87,87,87,87],"card_choices":[{"not_picked":["Clothesline","Armaments"],"picked":"Wild Strike","floor":1},{"not_picked":["Disarm","Blood for Blood"],"picked":"Clothesline","floor":2},{"not_picked":["Entrench","Anger"],"picked":"Pommel Strike","floor":3},{"not_picked":["Havoc","Blood for Blood"],"picked":"Metallicize","floor":6},{"not_picked":["Headbutt","Iron Wave"],"picked":"Immolate","floor":7},{"not_picked":["Hemokinesis","Ghostly Armor"],"picked":"Whirlwind","floor":8},{"not_picked":["Armaments","Body Slam","Twin Strike"],"picked":"SKIP","floor":10},{"not_picked":["Demon Form","Rampage"],"picked":"Warcry","floor":11},{"not_picked":["Iron Wave","Clash"],"picked":"Wild Strike","floor":12},{"not_picked":["Warcry","Iron Wave","Pommel Strike"],"picked":"SKIP","floor":14},{"not_picked":["Reaper","Brutality"],"picked":"Dark Embrace","floor":16},{"not_picked":["Havoc","Sentinel+1"],"picked":"Rage+1","floor":18},{"not_picked":["Perfected Strike+1","Clothesline"],"picked":"Body Slam","floor":21},{"not_picked":["Whirlwind","Sword Boomerang"],"picked":"Feel No Pain+1","floor":22},{"not_picked":["Iron Wave+1","Armaments"],"picked":"Shockwave","floor":24},{"not_picked":["Cleave","Entrench","Havoc"],"picked":"SKIP","floor":27},{"not_picked":["Shrug It Off","Thunderclap","Clothesline+1"],"picked":"SKIP","floor":30},{"not_picked":["Shrug It Off","Carnage+1"],"picked":"Immolate","floor":31}],"player_experience":250450,"relics_obtained":[{"floor":6,"key":"Strawberry"},{"floor":9,"key":"Bag of Marbles"},{"floor":11,"key":"Odd Mushroom"},{"floor":12,"key":"Art of War"},{"floor":14,"key":"Whetstone"},{"floor":24,"key":"Regal Pillow"},{"floor":26,"key":"Matryoshka"},{"floor":27,"key":"Centennial Puzzle"}],"event_choices":[{"damage_healed":0,"gold_gain":0,"player_choice":"Got Potions","damage_taken":0,"max_hp_gain":0,"max_hp_loss":0,"event_name":"Lab","floor":5,"gold_loss":0},{"damage_healed":0,"gold_gain":0,"player_choice":"Fought Mushrooms","damage_taken":0,"max_hp_gain":0,"max_hp_loss":0,"event_name":"Mushrooms","floor":11,"gold_loss":0},{"damage_healed":0,"gold_gain":0,"player_choice":"Opened","damage_taken":0,"relics_obtained":["Torii"],"max_hp_gain":0,"max_hp_loss":0,"event_name":"The Mausoleum","floor":19,"gold_loss":0,"cards_obtained":["Writhe"]},{"damage_healed":0,"gold_gain":0,"player_choice":"Copied","damage_taken":0,"max_hp_gain":0,"max_hp_loss":0,"event_name":"Duplicator","floor":25,"gold_loss":0,"cards_obtained":["Metallicize"]}],"is_beta":false,"boss_relics":[{"not_picked":["White Beast Statue","Ectoplasm"],"picked":"Philosopher\u0027s Stone"}],"items_purged_floors":[20],"is_endless":false,"potions_floor_spawned":[3,6,8,10,27,30,31],"killed_by":"Collector","ascension_level":4}