{"gold_per_floor":[109,32,32,32,49,49,49,81,132,149,159,188,220,244,256,268],"floor_reached":16,"playtime":1732,"items_purged":[],"score":118,"play_id":"4697af45-7ed1-41f9-aa87-1eb0e947f3e2","local_time":"20190621233758","is_ascension_mode":true,"campfire_choices":[{"data":"Bloodletting","floor":6,"key":"SMITH"},{"floor":15,"key":"REST"}],"neow_cost":"NONE","seed_source_timestamp":1141083494112406,"circlet_count":0,"master_deck":["Strike_R","Strike_R","Strike_R","Strike_R","Defend_R","Defend_R","Defend_R","Defend_R","Bash","Bloodletting+1","Evolve+1","Wild Strike","Immolate","Cleave","Dropkick","Double Tap","Cleave"],"relics":["Mark of Pain","Vajra","Regal Pillow","MawBank"],"potions_floor_usage":[12,12,16],"damage_taken":[{"damage":3,"enemies":"Jaw Worm","floor":1,"turns":4},{"damage":1,"enemies":"2 Louse","floor":5,"turns":3},{"damage":31,"enemies":"Gremlin Nob","floor":8,"turns":4},{"damage":0,"enemies":"Small Slimes","floor":10,"turns":2},{"damage":5,"enemies":"Looter","floor":11,"turns":2},{"damage":7,"enemies":"3 Sentries","floor":12,"turns":3},{"damage":0,"enemies":"Exordium Wildlife","floor":13,"turns":2},{"damage":3,"enemies":"Large Slime","floor":14,"turns":4},{"damage":66,"enemies":"The Guardian","floor":16,"turns":6}],"seed_played":"6924315554073643203","potions_obtained":[{"floor":10,"key":"AttackPotion"},{"floor":11,"key":"LiquidBronze"},{"floor":14,"key":"GamblersBrew"}],"is_trial":false,"path_per_floor":["M","$","?","?","M","R","?","E","T","M","M","E","M","M","R","B"],"character_chosen":"IRONCLAD","items_purchased":["Evolve"],"campfire_rested":1,"item_purchase_floors":[2],"current_hp_per_floor":[77,77,77,77,76,76,69,38,38,38,33,26,26,23,62,0],"gold":268,"neow_bonus":"BOSS_RELIC","is_prod":false,"is_daily":false,"chose_seed":false,"campfire_upgraded":1,"win_rate":0,"timestamp":1561174678,"path_taken":["M","$","?","?","M","R","?","E","T","M","M","E","M","M","R","BOSS"],"build_version":"2019-01-23","purchased_purges":0,"victory":false,"max_hp_per_floor":[80,80,80,80,80,80,80,80,80,80,80,80,80,80,80,80],"card_choices":[{"not_picked":["Pommel Strike","Body Slam"],"picked":"Bloodletting","floor":1},{"not_picked":["Havoc","Sword Boomerang"],"picked":"Wild Strike","floor":5},{"not_picked":["Headbutt","Second Wind"],"picked":"Immolate","floor":8},{"not_picked":["Thunderclap","Anger"],"picked":"Cleave","floor":10},{"not_picked":["Thunderclap","True Grit","Havoc"],"picked":"SKIP","floor":11},{"not_picked":["Iron Wave","Pommel Strike"],"picked":"Dropkick","floor":12},{"not_picked":["Body Slam","Feel No Pain"],"picked":"Double Tap","floor":13},{"not_picked":["Shrug It Off","Blood for Blood"],"picked":"Cleave","floor":14}],"player_experience":1186355,"relics_obtained":[{"floor":8,"key":"Vajra"},{"floor":9,"key":"Regal Pillow"},{"floor":12,"key":"MawBank"}],"event_choices":[{"damage_healed":0,"gold_gain":0,"player_choice":"Ignored","damage_taken":0,"max_hp_gain":0,"max_hp_loss":0,"event_name":"Liars Game","floor":3,"gold_loss":0},{"damage_healed":0,"gold_gain":0,"player_choice":"Grow","damage_taken":0,"max_hp_gain":0,"max_hp_loss":0,"event_name":"Living Wall","floor":4,"gold_loss":0,"cards_upgraded":["Evolve"]},{"cards_removed":["Strike_R"],"damage_healed":0,"gold_gain":0,"player_choice":"Card Removal","damage_taken":7,"max_hp_gain":0,"max_hp_loss":0,"event_name":"Golden Wing","floor":7,"gold_loss":0}],"is_beta":false,"boss_relics":[],"items_purged_floors":[],"is_endless":false,"potions_floor_spawned":[10,11,14],"killed_by":"The Guardian","ascension_level":1}