{"gold_per_floor":[111,129,146,158,47,47,80,80,131,186,202,217,242,259,259,358,358,375,391,402,5,23,23,55,55],"floor_reached":25,"playtime":1295,"items_purged":["Writhe","Strike_R"],"score":284,"play_id":"959ed81a-cb65-4d8b-9604-edcdffb213d8","local_time":"20190629182011","is_ascension_mode":true,"campfire_choices":[{"data":"Sword Boomerang","floor":6.0,"key":"SMITH"},{"data":"Cleave","floor":8.0,"key":"SMITH"},{"floor":15.0,"key":"REST"},{"data":"Flame Barrier","floor":23,"key":"SMITH"}],"neow_cost":"CURSE","seed_source_timestamp":1266990411931846,"circlet_count":0,"master_deck":["Strike_R","Strike_R","Strike_R","Strike_R","Defend_R","Defend_R","Defend_R","Defend_R","Bash","Demon Form","Sword Boomerang+1","Flame Barrier+1","Shockwave","Anger","Ghostly Armor","Cleave+1","Seeing Red","Rage","Pummel","Feed","Cleave+1","Spot Weakness+1","Shrug It Off","Pommel Strike+1"],"special_seed":0,"relics":["Burning Blood","Paper Frog","Ancient Tea Set","Orichalcum","Gambling Chip","Coffee Dripper","Membership Card","Frozen Egg 2","Smiling Mask"],"potions_floor_usage":[16,16,19,25],"damage_taken":[{"damage":6.0,"enemies":"Cultist","floor":1.0,"turns":3.0},{"damage":19.0,"enemies":"Jaw Worm","floor":2.0,"turns":4.0},{"damage":0.0,"enemies":"2 Louse","floor":3.0,"turns":2.0},{"damage":11.0,"enemies":"Looter","floor":4.0,"turns":4.0},{"damage":20.0,"enemies":"Lagavulin","floor":7.0,"turns":7.0},{"damage":35.0,"enemies":"Lagavulin Event","floor":10.0,"turns":7.0},{"damage":13.0,"enemies":"Exordium Thugs","floor":11.0,"turns":5.0},{"damage":0.0,"enemies":"2 Fungi Beasts","floor":12.0,"turns":4.0},{"damage":10.0,"enemies":"3 Sentries","floor":13.0,"turns":6.0},{"damage":0.0,"enemies":"Large Slime","floor":14.0,"turns":4.0},{"damage":17,"enemies":"Hexaghost","floor":16,"turns":5},{"damage":27,"enemies":"Spheric Guardian","floor":18,"turns":5},{"damage":0,"enemies":"Chosen","floor":19,"turns":4},{"damage":28,"enemies":"Snake Plant","floor":20,"turns":5},{"damage":7,"enemies":"Centurion and Healer","floor":22,"turns":4},{"damage":19,"enemies":"Gremlin Leader","floor":24,"turns":5},{"damage":35,"enemies":"Sentry and Sphere","floor":25,"turns":5}],"seed_played":"5874904977900335718","potions_obtained":[{"floor":3.0,"key":"Regen Potion"},{"floor":10.0,"key":"LiquidBronze"},{"floor":12.0,"key":"SpeedPotion"},{"floor":13.0,"key":"LiquidBronze"},{"floor":14.0,"key":"Dexterity Potion"},{"floor":18,"key":"Strength Potion"},{"floor":22,"key":"LiquidBronze"},{"floor":24,"key":"FearPotion"}],"is_trial":false,"path_per_floor":["M","M","M","M","$","R","E","R","T","?","M","M","E","M","R","B",null,"M","M","M","$","M","R","E","M"],"character_chosen":"IRONCLAD","items_purchased":["Ghostly Armor","Membership Card","Shrug It Off","Frozen Egg 2"],"campfire_rested":1,"item_purchase_floors":[5,21,21,21],"current_hp_per_floor":[80,67,73,68,68,68,68,68,68,39,32,38,34,40,64,53,80,59,65,43,43,42,42,29,0],"gold":55,"neow_bonus":"THREE_RARE_CARDS","is_prod":false,"is_daily":false,"chose_seed":false,"campfire_upgraded":3,"win_rate":0,"timestamp":1561857611,"path_taken":["M","M","?","M","$","R","E","R","T","?","M","M","E","M","R","BOSS","M","M","M","$","M","R","E","M"],"build_version":"2019-01-23","purchased_purges":2,"victory":false,"max_hp_per_floor":[80,80,80,80,80,80,80,80,80,80,80,80,80,80,80,80,80,80,80,80,80,80,80,80,83],"card_choices":[{"not_picked":["Barricade","Reaper"],"picked":"Demon Form","floor":0.0},{"not_picked":["Havoc","Perfected Strike"],"picked":"Sword Boomerang","floor":1.0},{"not_picked":["Fire Breathing","Shrug It Off"],"picked":"Flame Barrier","floor":2.0},{"not_picked":["Perfected Strike","Thunderclap"],"picked":"Shockwave","floor":3.0},{"not_picked":["Burning Pact","Shockwave"],"picked":"Anger","floor":4.0},{"not_picked":["Armaments","Feel No Pain"],"picked":"Cleave","floor":7.0},{"not_picked":["Perfected Strike","Dual Wield"],"picked":"Seeing Red","floor":11.0},{"not_picked":["Perfected Strike","Berserk"],"picked":"Rage","floor":12.0},{"not_picked":["Reckless Charge","Entrench"],"picked":"Pummel","floor":13.0},{"not_picked":["Heavy Blade","Entrench","Bloodletting"],"picked":"SKIP","floor":14.0},{"not_picked":["Juggernaut","Bludgeon"],"picked":"Feed","floor":16},{"not_picked":["Thunderclap","Inflame"],"picked":"Cleave+1","floor":18},{"not_picked":["Inflame","Twin Strike"],"picked":"Spot Weakness+1","floor":19},{"not_picked":["Entrench","Searing Blow+1","Offering"],"picked":"SKIP","floor":20},{"not_picked":["Corruption+1","Combust+1"],"picked":"Pommel Strike+1","floor":22},{"not_picked":["Offering","Dropkick","Feel No Pain+1"],"picked":"SKIP","floor":24}],"player_experience":513848,"relics_obtained":[{"floor":7.0,"key":"Paper Frog"},{"floor":9.0,"key":"Ancient Tea Set"},{"floor":10.0,"key":"Orichalcum"},{"floor":13.0,"key":"Gambling Chip"},{"floor":24,"key":"Smiling Mask"}],"event_choices":[{"damage_healed":0.0,"max_hp_gain":0.0,"max_hp_loss":0.0,"gold_gain":30.0,"event_name":"Dead Adventurer","player_choice":"Searched \u00273\u0027 times","floor":10.0,"gold_loss":0.0,"damage_taken":0.0}],"is_beta":false,"boss_relics":[{"not_picked":["Empty Cage","Runic Pyramid"],"picked":"Coffee Dripper"}],"items_purged_floors":[5,21],"is_endless":false,"potions_floor_spawned":[3,10,12,13,14,18,22,24],"killed_by":"Sentry and Sphere","ascension_level":4}