{"gold_per_floor":[109,119,119,132,150,180,180,214,239,250,260,286,361,371,371,470,470,480,440,145,157,4,35,35,67,67,67,84,9,9,42,42,142,142,162,174,174,192,117,142,155,206,284,298,324,424,424,451,451,451],"floor_reached":51,"playtime":3799,"items_purged":["Defend_R"],"score":1015,"play_id":"2c606678-7ee5-4a22-b0f9-eb5e11d9c435","local_time":"20190306174821","is_ascension_mode":false,"campfire_choices":[{"data":"Rage","floor":7.0,"key":"SMITH"},{"data":"Body Slam","floor":15,"key":"SMITH"},{"data":"Rage","floor":24,"key":"SMITH"},{"data":"Barricade","floor":30,"key":"SMITH"},{"data":"Metallicize","floor":32,"key":"SMITH"},{"floor":47,"key":"REST"},{"floor":49,"key":"REST"}],"neow_cost":"NONE","seed_source_timestamp":409225297986860,"circlet_count":0,"master_deck":["Strike_R","Strike_R","Defend_R+1","Defend_R","Defend_R+1","Bash","Demon Form","Pummel+1","Cleave","Shrug It Off","Battle Trance","Rage+1","Body Slam+1","Shrug It Off+1","Barricade+1","Anger+1","Metallicize+1","Rage+1","Flame Barrier+1","Entrench+1","Disarm+1","Juggernaut","Iron Wave+1","Madness+1","Madness+1","Shrug It Off+1","Parasite","Body Slam+1"],"special_seed":0,"relics":["Burning Blood","Kunai","War Paint","Bag of Preparation","Anchor","Philosopher\u0027s Stone","Molten Egg 2","PreservedInsect","Happy Flower","Toxic Egg 2","Ornamental Fan","Red Skull","Empty Cage","Bottled Lightning","Charon\u0027s Ashes","Mummified Hand","Lantern","Torii","Question Card"],"potions_floor_usage":[16,31,38,42,42,50,50,50],"damage_taken":[{"damage":6.0,"enemies":"2 Louse","floor":1.0,"turns":4.0},{"damage":4.0,"enemies":"Cultist","floor":2.0,"turns":4.0},{"damage":4.0,"enemies":"Small Slimes","floor":4.0,"turns":4.0},{"damage":20.0,"enemies":"Exordium Thugs","floor":5.0,"turns":6.0},{"damage":27.0,"enemies":"3 Sentries","floor":6.0,"turns":8.0},{"damage":22.0,"enemies":"Gremlin Nob","floor":8.0,"turns":4.0},{"damage":0.0,"enemies":"Blue Slaver","floor":10.0,"turns":3.0},{"damage":6.0,"enemies":"3 Louse","floor":11.0,"turns":4.0},{"damage":16.0,"enemies":"3 Sentries","floor":12.0,"turns":6.0},{"damage":2,"enemies":"Exordium Thugs","floor":14,"turns":5},{"damage":30,"enemies":"Slime Boss","floor":16,"turns":8},{"damage":3,"enemies":"Chosen","floor":18,"turns":5},{"damage":4,"enemies":"2 Thieves","floor":21,"turns":4},{"damage":4,"enemies":"Gremlin Leader","floor":23,"turns":6},{"damage":8,"enemies":"Slavers","floor":25,"turns":4},{"damage":0,"enemies":"Snake Plant","floor":28,"turns":4},{"damage":0,"enemies":"Book of Stabbing","floor":31,"turns":2},{"damage":0,"enemies":"Champ","floor":33,"turns":7},{"damage":14,"enemies":"3 Shapes","floor":35,"turns":5},{"damage":0,"enemies":"Orb Walker","floor":36,"turns":5},{"damage":19,"enemies":"Sphere and 2 Shapes","floor":38,"turns":5},{"damage":0,"enemies":"Nemesis","floor":40,"turns":9},{"damage":19,"enemies":"Writhing Mass","floor":41,"turns":5},{"damage":35,"enemies":"2 Orb Walkers","floor":42,"turns":7},{"damage":4,"enemies":"3 Darklings","floor":44,"turns":4},{"damage":0,"enemies":"Reptomancer","floor":45,"turns":3},{"damage":0,"enemies":"Mind Bloom Boss Battle","floor":46,"turns":5},{"damage":0,"enemies":"Nemesis","floor":48,"turns":5},{"damage":0,"enemies":"Awakened One","floor":50,"turns":11}],"seed_played":"-7447667436577490015","potions_obtained":[{"floor":2.0,"key":"Regen Potion"},{"floor":5.0,"key":"Swift Potion"},{"floor":8.0,"key":"LiquidBronze"},{"floor":10.0,"key":"Energy Potion"},{"floor":14,"key":"Strength Potion"},{"floor":16,"key":"EssenceOfSteel"},{"floor":21,"key":"Strength Potion"},{"floor":25,"key":"LiquidBronze"},{"floor":31,"key":"Weak Potion"},{"floor":41,"key":"Block Potion"},{"floor":42,"key":"Strength Potion"},{"floor":46,"key":"EssenceOfSteel"}],"is_trial":false,"path_per_floor":["M","M","?","M","M","E","R","E","T","M","M","E","?","M","R","B",null,"M","?","$","M","$","E","R","E","T","?","M","$","R","E","R","B",null,"M","M","?","M","$","E","M","?","T","M","E","?","R","E","R","B",null],"character_chosen":"IRONCLAD","items_purchased":["Molten Egg 2","Anger+1","PreservedInsect","Disarm+1"],"campfire_rested":2,"item_purchase_floors":[20,20,22,29],"current_hp_per_floor":[80,80,80,80,66,45,45,29,29,35,35,40,29,33,33,9,80,80,80,80,80,80,80,80,78,78,78,80,80,80,80,80,80,80,72,78,68,55,55,61,48,19,19,21,27,33,57,63,80,80],"gold":451,"neow_bonus":"ONE_RANDOM_RARE_CARD","is_prod":false,"is_daily":false,"chose_seed":false,"campfire_upgraded":5,"win_rate":0.0,"timestamp":1551890901,"path_taken":["M","M","?","M","M","E","R","E","T","?","M","E","?","M","R","BOSS","M","?","?","M","$","E","R","E","T","?","M","$","R","E","R","BOSS","M","M","?","M","$","E","M","?","T","M","E","?","R","E","R","BOSS"],"build_version":"2019-01-23","purchased_purges":1,"victory":true,"max_hp_per_floor":[80,80,80,80,80,80,80,80,80,80,80,80,80,80,80,80,80,80,80,80,80,80,80,80,80,80,80,80,80,80,80,80,80,80,80,80,80,80,80,80,80,80,80,80,80,80,80,80,80,80],"card_choices":[{"not_picked":["Thunderclap","Clothesline"],"picked":"Pummel","floor":1.0},{"not_picked":["Warcry","Sword Boomerang"],"picked":"Cleave","floor":2.0},{"not_picked":["Uppercut","Feel No Pain"],"picked":"Shrug It Off","floor":4.0},{"not_picked":["Uppercut","Perfected Strike"],"picked":"Battle Trance","floor":5.0},{"not_picked":["Seeing Red","Pommel Strike"],"picked":"Rage","floor":6.0},{"not_picked":["Feel No Pain","Offering"],"picked":"Body Slam","floor":8.0},{"not_picked":["Perfected Strike","Hemokinesis","Carnage"],"picked":"SKIP","floor":10.0},{"not_picked":["Rampage","Intimidate","Cleave"],"picked":"SKIP","floor":11.0},{"not_picked":["Reckless Charge","Carnage"],"picked":"Shrug It Off","floor":12.0},{"not_picked":["Thunderclap","Fire Breathing","Infernal Blade"],"picked":"SKIP","floor":14},{"not_picked":["Berserk","Double Tap"],"picked":"Barricade","floor":16},{"not_picked":["Headbutt+1","Dual Wield","Second Wind"],"picked":"SKIP","floor":18},{"not_picked":["Armaments","Disarm"],"picked":"Metallicize","floor":21},{"not_picked":["Ghostly Armor","Corruption"],"picked":"Rage","floor":23},{"not_picked":["Double Tap","Clothesline+1"],"picked":"Flame Barrier","floor":25},{"not_picked":["Disarm+1","Clothesline+1"],"picked":"Entrench+1","floor":28},{"not_picked":["Cleave+1","Impervious+1"],"picked":"Juggernaut","floor":31},{"not_picked":["Thunderclap+1","Warcry+1"],"picked":"Iron Wave+1","floor":35},{"not_picked":["Clothesline+1","Warcry+1","Corruption"],"picked":"SKIP","floor":36},{"not_picked":["Flex+1","Sword Boomerang+1"],"picked":"Shrug It Off+1","floor":38},{"not_picked":["Cleave+1","Bloodletting+1","Anger+1"],"picked":"SKIP","floor":40},{"not_picked":["Cleave+1","Bloodletting+1","Anger+1"],"picked":"SKIP","floor":40},{"not_picked":["Demon Form","Second Wind+1","Pommel Strike+1"],"picked":"SKIP","floor":41},{"not_picked":["Headbutt+1","Reckless Charge+1","Fire Breathing"],"picked":"SKIP","floor":44},{"not_picked":["Flame Barrier+1","Anger+1","Barricade"],"picked":"SKIP","floor":45},{"not_picked":["Perfected Strike+1","Pommel Strike+1"],"picked":"Body Slam+1","floor":46},{"not_picked":["Flex+1","Offering+1","Sword Boomerang+1"],"picked":"SKIP","floor":48}],"player_experience":1552,"relics_obtained":[{"floor":6.0,"key":"Kunai"},{"floor":8.0,"key":"War Paint"},{"floor":9.0,"key":"Bag of Preparation"},{"floor":12.0,"key":"Anchor"},{"floor":23,"key":"Happy Flower"},{"floor":25,"key":"Toxic Egg 2"},{"floor":26,"key":"Ornamental Fan"},{"floor":31,"key":"Red Skull"},{"floor":40,"key":"Bottled Lightning"},{"floor":42,"key":"Charon\u0027s Ashes"},{"floor":43,"key":"Mummified Hand"},{"floor":45,"key":"Lantern"},{"floor":46,"key":"Torii"},{"floor":48,"key":"Question Card"}],"event_choices":[{"cards_removed":["Strike_R"],"damage_healed":0.0,"max_hp_gain":0.0,"max_hp_loss":0.0,"gold_gain":0.0,"event_name":"Bonfire Elementals","player_choice":"Offered Basic","floor":3.0,"gold_loss":0.0,"damage_taken":0.0},{"damage_healed":0.0,"max_hp_gain":0.0,"max_hp_loss":0.0,"gold_gain":75.0,"event_name":"World of Goop","player_choice":"Gather Gold","floor":13.0,"gold_loss":0.0,"damage_taken":11.0},{"damage_healed":0,"gold_gain":0,"player_choice":"Upgraded Two","damage_taken":0,"max_hp_gain":0,"max_hp_loss":0,"event_name":"Designer","floor":19,"gold_loss":40,"cards_upgraded":["Pummel","Shrug It Off"]},{"damage_healed":0,"gold_gain":0,"player_choice":"Ignored","damage_taken":0,"max_hp_gain":0,"max_hp_loss":0,"event_name":"Vampires","floor":27,"gold_loss":0},{"damage_healed":0,"gold_gain":0,"player_choice":"Embrace Madness","damage_taken":10,"max_hp_gain":0,"max_hp_loss":0,"event_name":"Winding Halls","floor":37,"gold_loss":0,"cards_obtained":["Madness","Madness"]},{"damage_healed":0,"gold_gain":0,"player_choice":"Fight","damage_taken":0,"max_hp_gain":0,"max_hp_loss":0,"event_name":"Mysterious Sphere","floor":42,"gold_loss":0},{"damage_healed":0,"gold_gain":0,"player_choice":"Fight","damage_taken":0,"max_hp_gain":0,"max_hp_loss":0,"event_name":"MindBloom","floor":46,"gold_loss":0}],"is_beta":false,"boss_relics":[{"not_picked":["Coffee Dripper","Runic Cube"],"picked":"Philosopher\u0027s Stone"},{"not_picked":["Mark of Pain","Fusion Hammer"],"picked":"Empty Cage"}],"items_purged_floors":[39],"is_endless":false,"potions_floor_spawned":[2,5,8,10,14,16,21,25,28,31,35,41,42,46],"ascension_level":0}