{"gold_per_floor":[118,130,130,130,143,174,193,29,29,104,64],"floor_reached":11,"playtime":286,"items_purged":["Strike_G"],"score":135,"play_id":"a4582258-a856-4a63-bd79-0390bbebc5aa","local_time":"20190530230445","is_ascension_mode":true,"campfire_choices":[],"neow_cost":"NONE","seed_source_timestamp":1142160379552382,"circlet_count":0,"master_deck":["AscendersBane","Defend_G","Defend_G","Defend_G","Defend_G","Defend_G","Strike_G","Strike_G","Strike_G","Survivor","Neutralize","Skewer","Poisoned Stab","Infinite Blades","Terror"],"relics":["Ring of the Snake","NeowsBlessing","Art of War","Blue Candle"],"potions_floor_usage":[6,6],"damage_taken":[{"damage":0,"enemies":"Cultist","floor":1,"turns":1},{"damage":0,"enemies":"Small Slimes","floor":2,"turns":1},{"damage":0,"enemies":"2 Louse","floor":5,"turns":1},{"damage":31,"enemies":"Gremlin Nob","floor":6,"turns":5},{"damage":21,"enemies":"Large Slime","floor":7,"turns":11},{"damage":8,"enemies":"Looter","floor":11,"turns":2}],"seed_played":"-8299059845908138362","potions_obtained":[{"floor":2,"key":"Regen Potion"},{"floor":4,"key":"Poison Potion"}],"is_trial":false,"path_per_floor":["M","M","?","?","M","E","M","$","T","?","M"],"character_chosen":"THE_SILENT","items_purchased":["Terror"],"campfire_rested":0,"item_purchase_floors":[8],"current_hp_per_floor":[59,59,52,52,52,35,14,14,14,3,0],"gold":64,"neow_bonus":"THREE_ENEMY_KILL","is_prod":false,"is_daily":false,"chose_seed":false,"campfire_upgraded":0,"win_rate":0,"timestamp":1559250285,"path_taken":["M","?","?","?","M","E","?","?","T","?","M"],"build_version":"2019-01-23","purchased_purges":1,"victory":false,"max_hp_per_floor":[66,66,66,66,66,66,66,66,66,66,66],"card_choices":[{"not_picked":["PiercingWail","Deadly Poison"],"picked":"Skewer","floor":1},{"not_picked":["Concentrate","Dodge and Roll","Poisoned Stab"],"picked":"SKIP","floor":2},{"not_picked":["Bane","Dodge and Roll"],"picked":"Poisoned Stab","floor":5},{"not_picked":["Poisoned Stab","Dash","Underhanded Strike"],"picked":"SKIP","floor":6},{"not_picked":["Dagger Spray","Riddle With Holes"],"picked":"Infinite Blades","floor":7}],"player_experience":475848,"relics_obtained":[{"floor":6,"key":"Art of War"},{"floor":9,"key":"Blue Candle"}],"event_choices":[{"cards_removed":["Strike_G"],"damage_healed":0,"gold_gain":0,"player_choice":"Card Removal","damage_taken":7,"max_hp_gain":0,"max_hp_loss":0,"event_name":"Golden Wing","floor":3,"gold_loss":0},{"damage_healed":0,"gold_gain":0,"player_choice":"Got Potions","damage_taken":0,"max_hp_gain":0,"max_hp_loss":0,"event_name":"Lab","floor":4,"gold_loss":0},{"damage_healed":0,"gold_gain":75,"player_choice":"Gather Gold","damage_taken":11,"max_hp_gain":0,"max_hp_loss":0,"event_name":"World of Goop","floor":10,"gold_loss":0}],"is_beta":false,"boss_relics":[],"items_purged_floors":[8],"is_endless":false,"potions_floor_spawned":[2],"killed_by":"Looter","ascension_level":17}