{"gold_per_floor":[117,127,127,77,41,74,74,93,120,141,185,185,210,11,11,135,135,150,175,193,211,58,96,96,96,123,123,146,171,171,187,187,187],"floor_reached":33,"playtime":665,"items_purged":[],"score":329,"play_id":"6d2f215f-357b-4753-b27c-c06f2a7ddcd0","local_time":"20190526134723","is_ascension_mode":false,"campfire_choices":[{"floor":7,"key":"REST"},{"floor":15,"key":"REST"},{"floor":24,"key":"REST"},{"floor":30,"key":"RECALL"},{"floor":32,"key":"REST"}],"neow_cost":"NONE","seed_source_timestamp":762699339337888,"circlet_count":0,"master_deck":["Strike_R","Strike_R","Defend_R","Defend_R","Defend_R","Defend_R","Bash","Inflame","Battle Trance","Whirlwind","Whirlwind","Whirlwind","Reaper"],"relics":["Fusion Hammer","Golden Idol","Anchor","Strawberry","Question Card","Brimstone","Busted Crown","Pen Nib","Kunai","MutagenicStrength","Boot"],"potions_floor_usage":[11,20,20,23,23],"damage_taken":[{"damage":3,"enemies":"Jaw Worm","floor":1,"turns":3},{"damage":2,"enemies":"2 Louse","floor":2,"turns":4},{"damage":39,"enemies":"Lagavulin","floor":6,"turns":7},{"damage":6,"enemies":"Cultist","floor":8,"turns":3},{"damage":0,"enemies":"Lots of Slimes","floor":10,"turns":1},{"damage":9,"enemies":"3 Sentries","floor":11,"turns":3},{"damage":19,"enemies":"Exordium Thugs","floor":13,"turns":3},{"damage":0,"enemies":"Slime Boss","floor":16,"turns":5},{"damage":16,"enemies":"Shell Parasite","floor":18,"turns":3},{"damage":0,"enemies":"3 Byrds","floor":19,"turns":2},{"damage":11,"enemies":"Snake Plant","floor":20,"turns":3},{"damage":0,"enemies":"3 Cultists","floor":21,"turns":2},{"damage":51,"enemies":"Book of Stabbing","floor":23,"turns":5},{"damage":17,"enemies":"Snecko","floor":28,"turns":3},{"damage":0,"enemies":"Centurion and Healer","floor":29,"turns":2},{"damage":2,"enemies":"Chosen and Byrds","floor":31,"turns":2},{"damage":115,"enemies":"Champ","floor":33,"turns":6}],"seed_played":"6529555932096404247","potions_obtained":[{"floor":2,"key":"Block Potion"},{"floor":6,"key":"Block Potion"},{"floor":11,"key":"EssenceOfSteel"},{"floor":18,"key":"AttackPotion"},{"floor":20,"key":"Block Potion"}],"is_trial":false,"path_per_floor":["M","M","?","?","$","E","R","M","T","M","E","?","M","$","R","B",null,"M","M","M","M","$","E","R","?","T","?","M","M","R","M","R","B"],"character_chosen":"IRONCLAD","items_purchased":["Whirlwind","Brimstone","Pen Nib"],"campfire_rested":4,"item_purchase_floors":[5,14,22],"current_hp_per_floor":[77,75,55,55,55,16,40,34,41,41,32,32,13,13,39,39,87,74,74,72,87,87,52,78,78,78,78,70,87,87,85,87,0],"gold":187,"neow_bonus":"BOSS_RELIC","is_prod":false,"is_daily":false,"chose_seed":false,"campfire_upgraded":0,"win_rate":0,"timestamp":1558871243,"path_taken":["M","M","?","?","$","E","R","M","T","M","E","?","?","$","R","BOSS","M","M","?","M","$","E","R","?","T","?","M","M","R","M","R","BOSS"],"build_version":"2019-01-23","purchased_purges":0,"victory":false,"max_hp_per_floor":[80,80,80,80,80,80,80,80,87,87,87,87,87,87,87,87,87,87,87,87,87,87,87,87,87,87,87,87,87,87,87,87,87],"card_choices":[{"not_picked":["Warcry","Sentinel"],"picked":"Inflame","floor":1},{"not_picked":["Shrug It Off","Dual Wield"],"picked":"Battle Trance","floor":2},{"not_picked":["Fire Breathing","Uppercut"],"picked":"Whirlwind","floor":6},{"not_picked":["Perfected Strike","Body Slam","Headbutt"],"picked":"SKIP","floor":8},{"not_picked":["Sword Boomerang","Pommel Strike"],"picked":"Whirlwind","floor":10},{"not_picked":["Entrench","Shockwave","Combust"],"picked":"SKIP","floor":11},{"not_picked":["Iron Wave","Infernal Blade","Perfected Strike","Wild Strike"],"picked":"SKIP","floor":13},{"not_picked":["Exhume","Impervious","Brutality"],"picked":"Reaper","floor":16},{"not_picked":["Metallicize","Perfected Strike"],"picked":"SKIP","floor":18},{"not_picked":["Pommel Strike","Infernal Blade+1"],"picked":"SKIP","floor":19},{"not_picked":["True Grit","Wild Strike"],"picked":"SKIP","floor":20},{"not_picked":["Twin Strike","Battle Trance"],"picked":"SKIP","floor":21},{"not_picked":["Thunderclap","Armaments"],"picked":"SKIP","floor":23},{"not_picked":["Anger","Body Slam"],"picked":"SKIP","floor":28},{"not_picked":["Combust","Shrug It Off"],"picked":"SKIP","floor":29},{"not_picked":["Sentinel+1","Berserk"],"picked":"SKIP","floor":31}],"player_experience":419793,"relics_obtained":[{"floor":6,"key":"Anchor"},{"floor":9,"key":"Strawberry"},{"floor":11,"key":"Question Card"},{"floor":23,"key":"Kunai"},{"floor":26,"key":"Boot"}],"event_choices":[{"damage_healed":0,"gold_gain":0,"player_choice":"Take Damage","damage_taken":20,"relics_obtained":["Golden Idol"],"max_hp_gain":0,"max_hp_loss":0,"event_name":"Golden Idol","floor":3,"gold_loss":0},{"cards_removed":["Strike_R"],"damage_healed":0,"gold_gain":0,"player_choice":"Card Removal","damage_taken":0,"max_hp_gain":0,"max_hp_loss":0,"event_name":"The Cleric","floor":4,"gold_loss":50},{"cards_removed":["Strike_R"],"damage_healed":0,"gold_gain":0,"player_choice":"Purged","damage_taken":0,"max_hp_gain":0,"max_hp_loss":0,"event_name":"Purifier","floor":12,"gold_loss":0},{"damage_healed":0,"gold_gain":0,"player_choice":"Inject Mutagens","damage_taken":0,"relics_obtained":["MutagenicStrength"],"max_hp_gain":0,"max_hp_loss":0,"event_name":"Drug Dealer","floor":25,"gold_loss":0},{"cards_removed":["Strike_R"],"damage_healed":0,"gold_gain":0,"player_choice":"Purged","damage_taken":0,"max_hp_gain":0,"max_hp_loss":0,"event_name":"Purifier","floor":27,"gold_loss":0}],"is_beta":false,"boss_relics":[{"not_picked":["Calling Bell","Orrery"],"picked":"Busted Crown"}],"items_purged_floors":[],"is_endless":false,"potions_floor_spawned":[2,6,11,18,20],"killed_by":"Champ","ascension_level":0}