{"gold_per_floor":[119,119,130,92,104,104,130,160,160,160,173,173,173,204,204,204],"floor_reached":16,"playtime":698,"items_purged":[],"score":216,"play_id":"6e17878f-a59f-49c1-8acd-f76ca6af4a5e","local_time":"20190630123045","is_ascension_mode":true,"campfire_choices":[{"data":"Zap","floor":6,"key":"SMITH"},{"data":"Glacier","floor":10,"key":"SMITH"},{"floor":13,"key":"REST"},{"data":"Blizzard","floor":15,"key":"SMITH"}],"neow_cost":"NONE","seed_source_timestamp":420501264841297,"circlet_count":0,"master_deck":["AscendersBane","Strike_B","Strike_B","Strike_B","Defend_B","Defend_B","Defend_B","Defend_B","Zap+1","Dualcast","Streamline+1","Glacier+1","Cold Snap","Rebound","Blizzard+1","White Noise"],"relics":["Cracked Core","Turnip","Frozen Egg 2","Omamori"],"potions_floor_usage":[7],"damage_taken":[{"damage":8,"enemies":"Small Slimes","floor":1,"turns":4},{"damage":8,"enemies":"2 Louse","floor":3,"turns":2},{"damage":0,"enemies":"Cultist","floor":5,"turns":3},{"damage":18,"enemies":"Lagavulin","floor":7,"turns":7},{"damage":1,"enemies":"Blue Slaver","floor":11,"turns":3},{"damage":11,"enemies":"3 Sentries","floor":14,"turns":8},{"damage":44,"enemies":"Hexaghost","floor":16,"turns":10}],"seed_played":"-4169999951537132617","potions_obtained":[{"floor":1,"key":"Dexterity Potion"},{"floor":5,"key":"SmokeBomb"}],"is_trial":false,"path_per_floor":["M","?","M","?","M","R","E","?","T","R","M","?","R","E","R","B"],"character_chosen":"DEFECT","items_purchased":[],"campfire_rested":1,"item_purchase_floors":[],"current_hp_per_floor":[63,63,55,55,55,55,37,37,37,37,36,29,52,41,41,0],"gold":204,"neow_bonus":"TEN_PERCENT_HP_BONUS","is_prod":false,"is_daily":false,"chose_seed":false,"campfire_upgraded":3,"win_rate":0,"timestamp":1561890645,"path_taken":["M","?","M","?","M","R","E","?","T","R","M","?","R","E","R","BOSS"],"build_version":"2019-01-23","purchased_purges":0,"victory":false,"max_hp_per_floor":[78,78,78,78,78,78,78,78,78,78,78,78,78,78,78,78],"card_choices":[{"not_picked":["Stack","Turbo"],"picked":"Streamline","floor":1},{"not_picked":["Stack","Consume"],"picked":"Glacier","floor":3},{"not_picked":["Steam","Chaos"],"picked":"Cold Snap","floor":5},{"not_picked":["Seek","Stack"],"picked":"Rebound","floor":7},{"not_picked":["Streamline","Turbo"],"picked":"Blizzard","floor":11},{"not_picked":["Multi-Cast","Auto Shields"],"picked":"White Noise","floor":14}],"player_experience":686433,"relics_obtained":[{"floor":7,"key":"Turnip"},{"floor":9,"key":"Frozen Egg 2"},{"floor":14,"key":"Omamori"}],"event_choices":[{"damage_healed":0,"gold_gain":0,"player_choice":"Grow","damage_taken":0,"max_hp_gain":0,"max_hp_loss":0,"event_name":"Living Wall","floor":2,"gold_loss":0,"cards_upgraded":["Streamline"]},{"damage_healed":0,"gold_gain":0,"player_choice":"Left Gold","damage_taken":0,"max_hp_gain":0,"max_hp_loss":0,"event_name":"World of Goop","floor":4,"gold_loss":38},{"damage_healed":0,"gold_gain":30,"player_choice":"Searched \u00271\u0027 times","damage_taken":0,"max_hp_gain":0,"max_hp_loss":0,"event_name":"Dead Adventurer","floor":8,"gold_loss":0},{"cards_removed":["Strike_B"],"damage_healed":0,"gold_gain":0,"player_choice":"Card Removal","damage_taken":7,"max_hp_gain":0,"max_hp_loss":0,"event_name":"Golden Wing","floor":12,"gold_loss":0}],"is_beta":false,"boss_relics":[],"items_purged_floors":[],"is_endless":false,"potions_floor_spawned":[1,5],"killed_by":"Hexaghost","ascension_level":20}