{"gold_per_floor":[115,78,78,153,163,163,195,195,195,208,208,229,249,97,97,220,220,235,219,219,134,152,152,183,183,208,208],"floor_reached":27,"playtime":878,"items_purged":[],"score":358,"play_id":"921d91af-8c8e-4a99-bee4-af8ad3545f1d","local_time":"20190615222616","is_ascension_mode":true,"campfire_choices":[{"floor":6,"key":"REST"},{"floor":8,"key":"REST"},{"data":"Demon Form","floor":15,"key":"SMITH"},{"floor":23,"key":"REST"},{"floor":25,"key":"REST"}],"neow_cost":"TEN_PERCENT_HP_LOSS","seed_source_timestamp":349753704269488,"circlet_count":0,"master_deck":["Strike_R","Strike_R","Strike_R","Strike_R","Strike_R","Defend_R","Defend_R","Defend_R","Defend_R","Bash","Twin Strike","Shockwave","Feel No Pain","Uppercut","Rage","Demon Form+1","Heavy Blade","Barricade","Shrug It Off","Rampage"],"relics":["Burning Blood","Unceasing Top","Singing Bowl","Du-Vu Doll","Golden Idol","Vajra","Mark of Pain","Incense Burner","Self Forming Clay","Ancient Tea Set"],"potions_floor_usage":[13,16,19,24],"damage_taken":[{"damage":20,"enemies":"Small Slimes","floor":1,"turns":4},{"damage":14,"enemies":"2 Louse","floor":5,"turns":4},{"damage":51,"enemies":"Gremlin Nob","floor":7,"turns":6},{"damage":4,"enemies":"Jaw Worm","floor":10,"turns":4},{"damage":8,"enemies":"3 Louse","floor":12,"turns":4},{"damage":10,"enemies":"Exordium Wildlife","floor":13,"turns":4},{"damage":27,"enemies":"Hexaghost","floor":16,"turns":9},{"damage":22,"enemies":"Shell Parasite","floor":18,"turns":5},{"damage":13,"enemies":"2 Thieves","floor":19,"turns":4},{"damage":26,"enemies":"Chosen and Byrds","floor":22,"turns":5},{"damage":34,"enemies":"Gremlin Leader","floor":24,"turns":5},{"damage":31,"enemies":"Snake Plant","floor":27,"turns":4}],"seed_played":"71492935197033299","potions_obtained":[{"floor":7,"key":"GamblersBrew"},{"floor":12,"key":"SkillPotion"},{"floor":13,"key":"Regen Potion"},{"floor":18,"key":"Poison Potion"}],"is_trial":false,"path_per_floor":["M","$","?","?","M","R","E","R","T","M","?","M","M","$","R","B",null,"M","M","$","?","M","R","E","R","T","M"],"character_chosen":"IRONCLAD","items_purchased":["Shockwave","Vajra"],"campfire_rested":4,"item_purchase_floors":[2,14],"current_hp_per_floor":[58,58,58,47,39,60,15,36,36,38,38,36,32,32,32,26,57,41,34,34,34,16,36,10,31,31,0],"gold":208,"neow_bonus":"ONE_RARE_RELIC","is_prod":false,"is_daily":false,"chose_seed":false,"campfire_upgraded":1,"win_rate":0,"timestamp":1560655576,"path_taken":["M","$","?","?","M","R","E","R","T","M","?","M","M","$","R","BOSS","M","M","$","?","M","R","E","R","T","M"],"build_version":"2019-01-23","purchased_purges":0,"victory":false,"max_hp_per_floor":[72,72,72,72,72,72,72,72,72,72,67,67,67,67,67,67,67,67,67,67,67,69,69,71,71,71,71],"card_choices":[{"not_picked":["Dropkick","Iron Wave"],"picked":"Twin Strike","floor":1},{"not_picked":["Power Through","Clash"],"picked":"Feel No Pain","floor":5},{"not_picked":["Heavy Blade","Shrug It Off"],"picked":"Uppercut","floor":7},{"not_picked":["Shockwave","Warcry"],"picked":"Rage","floor":10},{"not_picked":["Iron Wave","Power Through"],"picked":"Demon Form","floor":12},{"not_picked":["Cleave","Wild Strike"],"picked":"Heavy Blade","floor":13},{"not_picked":["Impervious","Juggernaut"],"picked":"Barricade","floor":16},{"not_picked":["Infernal Blade","Shockwave"],"picked":"Shrug It Off","floor":18},{"not_picked":["Second Wind+1","Dropkick"],"picked":"Rampage","floor":19},{"not_picked":["Heavy Blade","Clash","Combust"],"picked":"Singing Bowl","floor":22},{"not_picked":["Spot Weakness+1","Twin Strike","Perfected Strike+1"],"picked":"Singing Bowl","floor":24}],"player_experience":198916,"relics_obtained":[{"floor":7,"key":"Singing Bowl"},{"floor":9,"key":"Du-Vu Doll"},{"floor":24,"key":"Self Forming Clay"},{"floor":26,"key":"Ancient Tea Set"}],"event_choices":[{"damage_healed":0,"gold_gain":0,"player_choice":"Ignored","damage_taken":0,"max_hp_gain":0,"max_hp_loss":0,"event_name":"Golden Wing","floor":3,"gold_loss":0},{"damage_healed":0,"gold_gain":75,"player_choice":"Gather Gold","damage_taken":11,"max_hp_gain":0,"max_hp_loss":0,"event_name":"World of Goop","floor":4,"gold_loss":0},{"damage_healed":0,"gold_gain":0,"player_choice":"Lose Max HP","damage_taken":0,"relics_obtained":["Golden Idol"],"max_hp_gain":0,"max_hp_loss":5,"event_name":"Golden Idol","floor":11,"gold_loss":0},{"damage_healed":0,"gold_gain":0,"player_choice":"Obtained Relic","damage_taken":0,"relics_obtained":["Incense Burner"],"max_hp_gain":0,"max_hp_loss":0,"event_name":"Addict","floor":21,"gold_loss":85}],"is_beta":false,"boss_relics":[{"not_picked":["Tiny House","Sozu"],"picked":"Mark of Pain"}],"items_purged_floors":[],"is_endless":false,"potions_floor_spawned":[7,12,13,18],"killed_by":"Snake Plant","ascension_level":8}