{"gold_per_floor":[110,110,120,120,137,137,150,12,12,12,35,46,46,61,61,157,157,175,186,203,92,105,105,105,105],"floor_reached":25,"playtime":772,"items_purged":["Strike_G"],"score":220,"play_id":"3f57f979-d81e-473f-8ffb-e2064539a757","local_time":"20190607170558","is_ascension_mode":false,"campfire_choices":[{"data":"Dagger Spray","floor":6,"key":"SMITH"},{"data":"Dagger Spray","floor":15,"key":"SMITH"},{"data":"Footwork","floor":23,"key":"SMITH"}],"neow_cost":"NONE","seed_source_timestamp":236494910124665,"circlet_count":0,"master_deck":["Defend_G","Defend_G","Defend_G","Defend_G","Defend_G","Strike_G","Strike_G","Strike_G","Survivor","Neutralize","Quick Slash","Dagger Spray+1","Grand Finale","Dagger Spray+1","PiercingWail","Corpse Explosion+1","Well Laid Plans+1","Terror+1","Calculated Gamble+1","Footwork+1","Escape Plan"],"relics":["Coffee Dripper"],"potions_floor_usage":[16,18],"damage_taken":[{"damage":5,"enemies":"Jaw Worm","floor":1,"turns":5},{"damage":0,"enemies":"Cultist","floor":3,"turns":4},{"damage":0,"enemies":"Small Slimes","floor":5,"turns":3},{"damage":8,"enemies":"Exordium Wildlife","floor":7,"turns":5},{"damage":4,"enemies":"Blue Slaver","floor":12,"turns":4},{"damage":0,"enemies":"Red Slaver","floor":14,"turns":3},{"damage":24,"enemies":"Slime Boss","floor":16,"turns":9},{"damage":15,"enemies":"Spheric Guardian","floor":18,"turns":6},{"damage":12,"enemies":"2 Thieves","floor":19,"turns":3},{"damage":35,"enemies":"Snecko","floor":20,"turns":8},{"damage":7,"enemies":"Centurion and Healer","floor":22,"turns":5},{"damage":10,"enemies":"Sentry and Sphere","floor":25,"turns":3}],"seed_played":"1897814752190130547","potions_obtained":[{"floor":5,"key":"SpeedPotion"},{"floor":14,"key":"Poison Potion"},{"floor":20,"key":"Dexterity Potion"},{"floor":22,"key":"Weak Potion"}],"is_trial":false,"path_per_floor":["M","?","M","?","M","R","M","$","T","$","T","M","?","M","R","B",null,"M","M","M","$","M","R","?","M"],"character_chosen":"THE_SILENT","items_purchased":["Grand Finale","Footwork"],"campfire_rested":0,"item_purchase_floors":[8,21],"current_hp_per_floor":[65,65,65,65,65,65,57,57,57,57,57,53,53,53,53,29,70,55,43,8,8,1,1,1,0],"gold":105,"neow_bonus":"BOSS_RELIC","is_prod":false,"is_daily":false,"chose_seed":false,"campfire_upgraded":3,"win_rate":0,"timestamp":1559919958,"path_taken":["M","?","?","?","M","R","M","$","T","?","?","?","?","M","R","BOSS","M","M","M","$","M","R","?","M"],"build_version":"2019-01-23","purchased_purges":1,"victory":false,"max_hp_per_floor":[70,70,70,70,70,70,70,70,70,70,70,70,70,70,70,70,70,70,70,70,70,70,70,70,70],"card_choices":[{"not_picked":["Concentrate","Flying Knee"],"picked":"Quick Slash","floor":1},{"not_picked":["Backstab","Tactician"],"picked":"Dagger Spray","floor":3},{"not_picked":["Slice","Flechettes","Poisoned Stab"],"picked":"SKIP","floor":5},{"not_picked":["Tactician","Slice","Prepared"],"picked":"SKIP","floor":7},{"not_picked":["Cloak And Dagger","Slice"],"picked":"Dagger Spray","floor":12},{"not_picked":["Catalyst","Storm of Steel"],"picked":"PiercingWail","floor":14},{"not_picked":["Venomology","Grand Finale"],"picked":"Corpse Explosion","floor":16},{"not_picked":["Bane","Blade Dance"],"picked":"Well Laid Plans+1","floor":18},{"not_picked":["Crippling Poison","Dagger Throw+1"],"picked":"Terror+1","floor":19},{"not_picked":["Flechettes+1","Catalyst+1"],"picked":"Calculated Gamble+1","floor":20},{"not_picked":["Flying Knee","Poisoned Stab"],"picked":"Escape Plan","floor":22}],"player_experience":541377,"relics_obtained":[],"event_choices":[{"damage_healed":0,"gold_gain":0,"player_choice":"Ignored","damage_taken":0,"max_hp_gain":0,"max_hp_loss":0,"event_name":"WeMeetAgain","floor":2,"gold_loss":0},{"cards_removed":["Strike_G"],"damage_healed":0,"gold_gain":0,"player_choice":"Forget","damage_taken":0,"max_hp_gain":0,"max_hp_loss":0,"event_name":"Living Wall","floor":4,"gold_loss":0},{"damage_healed":0,"gold_gain":0,"player_choice":"Searched \u00270\u0027 times","damage_taken":0,"max_hp_gain":0,"max_hp_loss":0,"event_name":"Dead Adventurer","floor":13,"gold_loss":0},{"damage_healed":0,"gold_gain":0,"player_choice":"Upgraded","damage_taken":0,"max_hp_gain":0,"max_hp_loss":0,"event_name":"Upgrade Shrine","floor":24,"gold_loss":0,"cards_upgraded":["Corpse Explosion"]}],"is_beta":false,"boss_relics":[{"not_picked":["Tiny House","Runic Pyramid","Fusion Hammer"]}],"items_purged_floors":[21],"is_endless":false,"potions_floor_spawned":[5,14,20,22],"killed_by":"Sentry and Sphere","ascension_level":0}