{"gold_per_floor":[114,114,130,130,190,190,223,223,271,290,306,306],"floor_reached":12,"playtime":37462,"items_purged":[],"score":80,"play_id":"1b88955b-c4eb-48cc-8e6f-56a33b9bf0a9","local_time":"20190504082248","is_ascension_mode":false,"campfire_choices":[{"data":"Searing Blow","floor":6,"key":"SMITH"},{"data":"Armaments","floor":8,"key":"SMITH"}],"neow_cost":"NONE","seed_source_timestamp":542893808123996,"circlet_count":0,"master_deck":["Strike_R","Strike_R","Strike_R","Strike_R","Strike_R","Defend_R","Defend_R","Defend_R","Defend_R","Bash","Anger","Offering","Anger","Searing Blow+1","Combust","Rupture","Seeing Red","Bludgeon","Armaments+1","Offering"],"relics":["Orrery","SsserpentHead","Boot","Dream Catcher"],"potions_floor_usage":[],"damage_taken":[{"damage":8,"enemies":"Jaw Worm","floor":1,"turns":3},{"damage":0,"enemies":"Small Slimes","floor":3,"turns":2},{"damage":1,"enemies":"Cultist","floor":5,"turns":3},{"damage":35,"enemies":"Gremlin Nob","floor":7,"turns":5},{"damage":13,"enemies":"Exordium Thugs","floor":10,"turns":4},{"damage":9,"enemies":"Large Slime","floor":11,"turns":4},{"damage":21,"enemies":"Gremlin Gang","floor":12,"turns":3}],"seed_played":"-7586749914690983099","potions_obtained":[{"floor":1,"key":"Poison Potion"},{"floor":3,"key":"Weak Potion"}],"is_trial":false,"path_per_floor":["M","?","M","?","M","R","E","R","T","M","M","M"],"character_chosen":"IRONCLAD","items_purchased":[],"campfire_rested":0,"item_purchase_floors":[],"current_hp_per_floor":[72,77,77,77,76,76,41,41,41,28,19,0],"gold":306,"neow_bonus":"BOSS_RELIC","is_prod":false,"is_daily":false,"chose_seed":false,"campfire_upgraded":2,"win_rate":0.0,"timestamp":1556972568,"path_taken":["M","?","M","?","?","R","E","R","T","M","M","M"],"build_version":"2019-01-23","purchased_purges":0,"victory":false,"max_hp_per_floor":[80,85,85,85,85,85,85,85,85,85,85,85],"card_choices":[{"not_picked":["Carnage","Flex"],"picked":"Anger","floor":0},{"not_picked":["Corruption","Iron Wave"],"picked":"Offering","floor":0},{"not_picked":["Entrench","Wild Strike"],"picked":"Anger","floor":0},{"not_picked":["Sword Boomerang","Battle Trance"],"picked":"Searing Blow","floor":0},{"not_picked":["Shrug It Off","Warcry"],"picked":"Combust","floor":0},{"not_picked":["Thunderclap","Cleave"],"picked":"Rupture","floor":1},{"not_picked":["Sword Boomerang","Sever Soul"],"picked":"Seeing Red","floor":3},{"not_picked":["Thunderclap","Headbutt"],"picked":"Bludgeon","floor":5},{"not_picked":["Sentinel","Heavy Blade"],"picked":"Armaments","floor":7},{"not_picked":["Seeing Red","Thunderclap","Twin Strike"],"picked":"SKIP","floor":10},{"not_picked":["Power Through","Clothesline"],"picked":"Offering","floor":11}],"player_experience":141477,"relics_obtained":[{"floor":7,"key":"Boot"},{"floor":9,"key":"Dream Catcher"}],"event_choices":[{"damage_healed":0,"gold_gain":0,"player_choice":"Donut","damage_taken":0,"max_hp_gain":5,"max_hp_loss":0,"event_name":"Big Fish","floor":2,"gold_loss":0},{"damage_healed":0,"gold_gain":0,"player_choice":"Trade","damage_taken":0,"relics_obtained":["SsserpentHead"],"max_hp_gain":0,"max_hp_loss":0,"event_name":"FaceTrader","floor":4,"gold_loss":0}],"is_beta":false,"boss_relics":[],"items_purged_floors":[],"is_endless":false,"potions_floor_spawned":[1,3],"killed_by":"Gremlin Gang","ascension_level":0}