{"gold_per_floor":[119,138,88,100,110,110,120,149,199,209,209,224,2,27,27,130,130,145,70,82,94,94,129,129],"floor_reached":24,"playtime":1134,"items_purged":["Strike_G"],"score":324,"play_id":"8ab47e0c-1b5a-47c1-b8fa-08017e8bb319","local_time":"20190320171012","is_ascension_mode":true,"campfire_choices":[{"data":"Deadly Poison","floor":6.0,"key":"SMITH"},{"data":"Dash","floor":11.0,"key":"SMITH"},{"data":"Dash","floor":15.0,"key":"SMITH"}],"neow_cost":"NONE","seed_source_timestamp":540709347368794,"circlet_count":0,"master_deck":["Defend_G+1","Defend_G","Defend_G","Defend_G","Survivor","Neutralize","Dodge and Roll","Escape Plan","Deadly Poison+1","Deadly Poison+1","Dash+1","Dash+1","PiercingWail","Corpse Explosion","Shame","Noxious Fumes","Bite+1","Bite+1","Bite+1","Bite+1","Bite+1","Dagger Spray+1"],"special_seed":0,"relics":["Ring of the Snake","Regal Pillow","Bottled Flame","Omamori","War Paint","Mummified Hand","Calling Bell","Oddly Smooth Stone","Molten Egg 2","Gambling Chip","Juzu Bracelet"],"potions_floor_usage":[23,23],"damage_taken":[{"damage":0.0,"enemies":"2 Louse","floor":1.0,"turns":2.0},{"damage":4.0,"enemies":"Small Slimes","floor":2.0,"turns":4.0},{"damage":0.0,"enemies":"Cultist","floor":4.0,"turns":4.0},{"damage":1.0,"enemies":"Blue Slaver","floor":5.0,"turns":4.0},{"damage":0.0,"enemies":"Exordium Wildlife","floor":7.0,"turns":4.0},{"damage":31.0,"enemies":"Lagavulin","floor":8.0,"turns":9.0},{"damage":7.0,"enemies":"2 Fungi Beasts","floor":10.0,"turns":4.0},{"damage":0.0,"enemies":"Lots of Slimes","floor":12.0,"turns":4.0},{"damage":6.0,"enemies":"Gremlin Nob","floor":14.0,"turns":4.0},{"damage":6.0,"enemies":"The Guardian","floor":16.0,"turns":8.0},{"damage":0,"enemies":"3 Byrds","floor":18,"turns":2},{"damage":0,"enemies":"Shell Parasite","floor":20,"turns":5},{"damage":13,"enemies":"Snecko","floor":21,"turns":5},{"damage":48,"enemies":"Book of Stabbing","floor":23,"turns":6},{"damage":20,"enemies":"Shelled Parasite and Fungi","floor":24,"turns":3}],"seed_played":"3146089078611270995","potions_obtained":[{"floor":2.0,"key":"Dexterity Potion"},{"floor":8.0,"key":"Energy Potion"},{"floor":10.0,"key":"AttackPotion"},{"floor":14.0,"key":"LiquidBronze"},{"floor":16.0,"key":"SteroidPotion"},{"floor":20,"key":"FearPotion"},{"floor":21,"key":"SkillPotion"},{"floor":23,"key":"LiquidBronze"}],"is_trial":false,"path_per_floor":["M","M","?","M","M","R","M","E","T","M","R","M","$","E","R","B",null,"M","?","M","M","?","E","M"],"character_chosen":"THE_SILENT","items_purchased":["War Paint"],"campfire_rested":0,"item_purchase_floors":[13],"current_hp_per_floor":[63,59,59,59,58,58,58,27,27,20,20,20,20,14,14,8,55,55,55,55,42,42,11,0],"gold":129,"neow_bonus":"RANDOM_COMMON_RELIC","is_prod":false,"is_daily":false,"chose_seed":false,"campfire_upgraded":3,"win_rate":0,"timestamp":1553098212,"path_taken":["M","M","?","M","M","R","M","E","T","M","R","M","$","E","R","BOSS","M","?","M","M","?","E","M"],"build_version":"2019-01-23","purchased_purges":1,"victory":false,"max_hp_per_floor":[70,70,70,70,70,70,70,70,70,70,70,70,70,70,70,70,70,70,70,70,70,49,49,49],"card_choices":[{"not_picked":["Dagger Throw","Slice"],"picked":"Dodge and Roll","floor":1.0},{"not_picked":["Masterful Stab","Acrobatics"],"picked":"Escape Plan","floor":2.0},{"not_picked":["Blur","Catalyst"],"picked":"Deadly Poison","floor":4.0},{"not_picked":["Caltrops","Storm of Steel"],"picked":"Deadly Poison","floor":5.0},{"not_picked":["Infinite Blades","Dagger Spray"],"picked":"Dash","floor":7.0},{"not_picked":["Tactician","Masterful Stab"],"picked":"Dash","floor":8.0},{"not_picked":["Choke","Outmaneuver"],"picked":"PiercingWail","floor":10.0},{"not_picked":["Quick Slash","Acrobatics","Outmaneuver"],"picked":"SKIP","floor":12.0},{"not_picked":["Reflex","Dagger Spray"],"picked":"Corpse Explosion","floor":14.0},{"not_picked":["Underhanded Strike+1","Outmaneuver+1"],"picked":"Noxious Fumes","floor":18},{"not_picked":["Outmaneuver","Poisoned Stab+1","Prepared"],"picked":"SKIP","floor":20},{"not_picked":["Deflect","Poisoned Stab+1","Outmaneuver"],"picked":"SKIP","floor":21},{"not_picked":["Glass Knife+1","Deflect"],"picked":"Dagger Spray+1","floor":23}],"player_experience":108016,"relics_obtained":[{"floor":8.0,"key":"Bottled Flame"},{"floor":9.0,"key":"Omamori"},{"floor":14.0,"key":"Mummified Hand"},{"floor":17.0,"key":"Oddly Smooth Stone"},{"floor":17.0,"key":"Molten Egg 2"},{"floor":17.0,"key":"Gambling Chip"},{"floor":23,"key":"Juzu Bracelet"}],"event_choices":[{"cards_removed":["Defend_G"],"damage_healed":0.0,"max_hp_gain":0.0,"max_hp_loss":0.0,"gold_gain":0.0,"event_name":"The Cleric","player_choice":"Card Removal","floor":3.0,"gold_loss":50.0,"damage_taken":0.0},{"cards_removed":["Strike_G"],"damage_healed":0,"gold_gain":0,"player_choice":"Gave Gold","damage_taken":0,"max_hp_gain":0,"max_hp_loss":0,"event_name":"Beggar","floor":19,"gold_loss":75},{"damage_healed":0,"gold_gain":0,"player_choice":"Became a vampire","damage_taken":0,"max_hp_gain":0,"max_hp_loss":21,"event_name":"Vampires","floor":22,"gold_loss":0,"cards_obtained":["Bite","Bite","Bite","Bite","Bite"]}],"is_beta":false,"boss_relics":[{"not_picked":["Philosopher\u0027s Stone","Tiny House"],"picked":"Calling Bell"}],"items_purged_floors":[13],"is_endless":false,"potions_floor_spawned":[2,8,10,14,16,20,21,23],"killed_by":"Shelled Parasite and Fungi","ascension_level":6}