{"gold_per_floor":[118,133,83,95,48,73,73,83,83,117,117,117,97,113,113,213,213,233,233,233,62,79,108,108,123,148,165,165,175,175,190,190,290,290,305,332,31,41,51,81,81,94,94,94],"floor_reached":44,"playtime":5774,"items_purged":[],"score":519,"play_id":"a12b340a-a7c8-40ba-9b89-b82e82c3a073","local_time":"20190619225738","is_ascension_mode":true,"campfire_choices":[{"data":"Anger","floor":7,"key":"SMITH"},{"floor":12,"key":"REST"},{"data":"Flex","floor":15,"key":"SMITH"},{"data":"Demon Form","floor":24,"key":"SMITH"},{"floor":30,"key":"REST"},{"floor":32,"key":"REST"},{"floor":41,"key":"REST"}],"neow_cost":"NONE","seed_source_timestamp":961821934335159,"circlet_count":0,"master_deck":["Strike_R+1","Strike_R+1","Strike_R+1","Strike_R+1","Strike_R+1","Defend_R+1","Defend_R+1","Defend_R+1","Bash","Anger+1","Clash","Battle Trance","Anger","Sever Soul","Flex+1","Reckless Charge","Demon Form+1","Decay","Parasite","Regret","Clash","Bash","Rupture","Flash of Steel","Cleave+1","Battle Trance","Second Wind","Flex","Chrysalis","Anger+1"],"relics":["Burning Blood","NeowsBlessing","Pear","Self Forming Clay","Singing Bowl","Mummified Hand","Calling Bell","Bag of Preparation","Ornamental Fan","Pocketwatch","Red Skull","Oddly Smooth Stone","Nunchaku","Fusion Hammer","Blood Vial","Kunai","Ice Cream"],"potions_floor_usage":[10,14,16,22,25,33,38,39,39,40],"damage_taken":[{"damage":0,"enemies":"2 Louse","floor":1,"turns":1},{"damage":0,"enemies":"Jaw Worm","floor":2,"turns":1},{"damage":0,"enemies":"Cultist","floor":4,"turns":1},{"damage":30,"enemies":"Gremlin Nob","floor":6,"turns":4},{"damage":16,"enemies":"3 Louse","floor":8,"turns":2},{"damage":28,"enemies":"Lagavulin","floor":10,"turns":4},{"damage":0,"enemies":"2 Fungi Beasts","floor":14,"turns":2},{"damage":46,"enemies":"Hexaghost","floor":16,"turns":6},{"damage":21,"enemies":"Shell Parasite","floor":18,"turns":4},{"damage":2,"enemies":"2 Thieves","floor":22,"turns":4},{"damage":17,"enemies":"Slavers","floor":23,"turns":6},{"damage":10,"enemies":"3 Cultists","floor":25,"turns":4},{"damage":25,"enemies":"Snecko","floor":27,"turns":5},{"damage":15,"enemies":"Centurion and Healer","floor":29,"turns":4},{"damage":19,"enemies":"Snake Plant","floor":31,"turns":4},{"damage":21,"enemies":"Champ","floor":33,"turns":8},{"damage":48,"enemies":"3 Shapes","floor":35,"turns":3},{"damage":6,"enemies":"Orb Walker","floor":38,"turns":3},{"damage":20,"enemies":"Jaw Worm Horde","floor":39,"turns":3},{"damage":54,"enemies":"Giant Head","floor":40,"turns":7},{"damage":29,"enemies":"Spire Growth","floor":42,"turns":3},{"damage":30,"enemies":"Reptomancer","floor":44,"turns":4}],"seed_played":"-5578934363473171727","potions_obtained":[{"floor":2,"key":"Fire Potion"},{"floor":6,"key":"Energy Potion"},{"floor":8,"key":"Weak Potion"},{"floor":13,"key":"PowerPotion"},{"floor":18,"key":"Fire Potion"},{"floor":22,"key":"SteroidPotion"},{"floor":29,"key":"Regen Potion"},{"floor":35,"key":"SpeedPotion"},{"floor":38,"key":"Ancient Potion"},{"floor":42,"key":"FearPotion"}],"is_trial":false,"path_per_floor":["M","M","?","M","$","E","R","M","T","E","T","R","?","M","R","B",null,"M","?","?","$","M","E","R","M","T","M","?","M","R","M","R","B",null,"M","T","$","M","M","E","R","M","T","E"],"character_chosen":"IRONCLAD","items_purchased":["Anger","Flash of Steel","Regen Potion","Flex","Chrysalis","Block Potion"],"campfire_rested":4,"item_purchase_floors":[5,21,21,37,37,37],"current_hp_per_floor":[80,80,80,80,80,66,66,56,56,36,36,63,63,69,69,29,92,77,77,77,77,83,72,72,68,68,51,51,44,73,60,89,91,100,60,60,60,62,57,13,44,25,25,0],"gold":94,"neow_bonus":"THREE_ENEMY_KILL","is_prod":false,"is_daily":false,"chose_seed":false,"campfire_upgraded":3,"win_rate":0,"timestamp":1560999458,"path_taken":["M","M","?","M","$","E","R","M","T","E","?","R","?","?","R","BOSS","M","?","?","$","M","E","R","M","T","?","?","?","R","M","R","BOSS","M","?","$","M","M","E","R","M","T","E"],"build_version":"2019-01-23","purchased_purges":0,"victory":false,"max_hp_per_floor":[80,80,80,80,80,90,90,90,90,92,92,92,92,92,92,92,92,92,92,92,92,94,94,94,94,94,96,96,98,98,98,98,100,100,102,102,102,102,104,106,106,108,108,108],"card_choices":[{"not_picked":["Iron Wave","Sword Boomerang"],"picked":"Anger","floor":1},{"not_picked":["True Grit","Wild Strike"],"picked":"Clash","floor":2},{"not_picked":["Second Wind","Sever Soul"],"picked":"Battle Trance","floor":4},{"not_picked":["Iron Wave","Whirlwind"],"picked":"Sever Soul","floor":6},{"not_picked":["Anger","Clash"],"picked":"Flex","floor":8},{"not_picked":["Cleave","Sword Boomerang","Thunderclap"],"picked":"Singing Bowl","floor":10},{"not_picked":["Havoc","Sentinel"],"picked":"Reckless Charge","floor":14},{"not_picked":["Bludgeon","Feed"],"picked":"Demon Form","floor":16},{"not_picked":["Whirlwind","Pommel Strike"],"picked":"Clash","floor":18},{"not_picked":["Second Wind","Ghostly Armor","Shrug It Off"],"picked":"Singing Bowl","floor":22},{"not_picked":["Wild Strike","Infernal Blade"],"picked":"Cleave+1","floor":23},{"not_picked":["Wild Strike","Fire Breathing"],"picked":"Battle Trance","floor":25},{"not_picked":["Headbutt","Thunderclap","Shockwave"],"picked":"Singing Bowl","floor":27},{"not_picked":["Body Slam+1","Wild Strike","Clothesline"],"picked":"Singing Bowl","floor":29},{"not_picked":["Body Slam","Shrug It Off+1"],"picked":"Second Wind","floor":31},{"not_picked":["Exhume","Impervious","Barricade"],"picked":"Singing Bowl","floor":33},{"not_picked":["Twin Strike","Pommel Strike","Shrug It Off+1"],"picked":"Singing Bowl","floor":35},{"not_picked":["Clash","True Grit"],"picked":"Anger+1","floor":38},{"not_picked":["Second Wind","Warcry+1","Corruption+1"],"picked":"Singing Bowl","floor":39},{"not_picked":["Power Through","Cleave+1","Shrug It Off"],"picked":"Singing Bowl","floor":40},{"not_picked":["Cleave","Shrug It Off+1","Power Through+1"],"picked":"Singing Bowl","floor":42}],"player_experience":1176638,"relics_obtained":[{"floor":6,"key":"Pear"},{"floor":9,"key":"Self Forming Clay"},{"floor":10,"key":"Singing Bowl"},{"floor":11,"key":"Mummified Hand"},{"floor":17,"key":"Bag of Preparation"},{"floor":17,"key":"Ornamental Fan"},{"floor":17,"key":"Pocketwatch"},{"floor":23,"key":"Red Skull"},{"floor":26,"key":"Oddly Smooth Stone"},{"floor":36,"key":"Blood Vial"},{"floor":40,"key":"Kunai"},{"floor":43,"key":"Ice Cream"}],"event_choices":[{"cards_removed":["Defend_R"],"damage_healed":0,"gold_gain":0,"player_choice":"Card Removal","damage_taken":0,"max_hp_gain":0,"max_hp_loss":0,"event_name":"The Cleric","floor":3,"gold_loss":50},{"damage_healed":0,"gold_gain":0,"player_choice":"Bought 1 Potion","damage_taken":0,"max_hp_gain":0,"max_hp_loss":0,"event_name":"The Woman in Blue","floor":13,"gold_loss":0},{"damage_healed":0,"gold_gain":0,"player_choice":"Simplicity","damage_taken":0,"max_hp_gain":0,"max_hp_loss":0,"event_name":"Back to Basics","floor":19,"gold_loss":0,"cards_upgraded":["Strike_R","Strike_R","Strike_R","Strike_R","Strike_R","Defend_R","Defend_R","Defend_R"]},{"damage_healed":0,"gold_gain":0,"player_choice":"2 cards matched","damage_taken":0,"max_hp_gain":0,"max_hp_loss":0,"event_name":"Match and Keep!","floor":20,"gold_loss":0,"cards_obtained":["Bash","Rupture"]},{"damage_healed":0,"gold_gain":0,"player_choice":"Gave Potion","damage_taken":0,"relics_obtained":["Nunchaku"],"max_hp_gain":0,"max_hp_loss":0,"event_name":"WeMeetAgain","floor":28,"gold_loss":0}],"is_beta":false,"boss_relics":[{"not_picked":["Velvet Choker","Coffee Dripper"],"picked":"Calling Bell"},{"not_picked":["Runic Pyramid","Snecko Eye"],"picked":"Fusion Hammer"}],"items_purged_floors":[],"is_endless":false,"potions_floor_spawned":[2,6,8,18,22,29,35,38,42],"killed_by":"Reptomancer","ascension_level":1}