{"gold_per_floor":[116,66,66,86,102,102,102,27,27,27,41,41,41,51,51,156,156,166,66,66,76,76,76,22,41,41,41,41,41,41,58,58,153,153,172,172,185,185,185,185,203,78,103,114,134,134,134,167,167,167],"floor_reached":51,"playtime":1848,"items_purged":["Defend_B","BootSequence","Defend_B+1"],"score":740,"play_id":"e62a2b3b-275a-4dc0-9108-d1604b6e7103","local_time":"20190627044512","is_ascension_mode":false,"campfire_choices":[{"data":"Zap","floor":6,"key":"SMITH"},{"floor":10,"key":"REST"},{"data":"Dualcast","floor":13,"key":"SMITH"},{"data":"Defend_B","floor":15,"key":"SMITH"},{"data":"Echo Form","floor":23,"key":"SMITH"},{"floor":27,"key":"REST"},{"data":"Glacier","floor":30,"key":"SMITH"},{"data":"Capacitor","floor":32,"key":"SMITH"},{"floor":40,"key":"REST"},{"floor":49,"key":"REST"}],"neow_cost":"PERCENT_DAMAGE","seed_source_timestamp":85622290991578,"circlet_count":0,"master_deck":["Defend_B+1","Zap+1","Dualcast+1","Consume+1","Ball Lightning","Gash","Gash","Glacier+1","Capacitor+1","Ball Lightning+1","Lockon+1","Hologram+1","Ball Lightning+1"],"relics":["Cracked Core","Ice Cream","Kunai","Meat on the Bone","Empty Cage","Enchiridion","Dream Catcher","Fusion Hammer","Bag of Marbles","Darkstone Periapt"],"potions_floor_usage":[21,36,41,50,50],"damage_taken":[{"damage":1,"enemies":"Cultist","floor":1,"turns":4},{"damage":2,"enemies":"2 Louse","floor":4,"turns":2},{"damage":1,"enemies":"Jaw Worm","floor":5,"turns":4},{"damage":4,"enemies":"2 Fungi Beasts","floor":11,"turns":2},{"damage":18,"enemies":"Exordium Thugs","floor":14,"turns":4},{"damage":14,"enemies":"Hexaghost","floor":16,"turns":8},{"damage":17,"enemies":"3 Byrds","floor":18,"turns":4},{"damage":24,"enemies":"2 Thieves","floor":21,"turns":3},{"damage":21,"enemies":"Snake Plant","floor":25,"turns":3},{"damage":7,"enemies":"3 Cultists","floor":31,"turns":5},{"damage":43,"enemies":"Collector","floor":33,"turns":9},{"damage":2,"enemies":"3 Darklings","floor":35,"turns":6},{"damage":0,"enemies":"3 Shapes","floor":36,"turns":3},{"damage":33,"enemies":"3 Darklings","floor":37,"turns":5},{"damage":9,"enemies":"4 Shapes","floor":41,"turns":4},{"damage":21,"enemies":"Jaw Worm Horde","floor":44,"turns":5},{"damage":0,"enemies":"Sphere and 2 Shapes","floor":45,"turns":4},{"damage":0,"enemies":"Giant Head","floor":48,"turns":7},{"damage":66,"enemies":"Donu and Deca","floor":50,"turns":10}],"seed_played":"-1971217758977411361","potions_obtained":[{"floor":1,"key":"SpeedPotion"},{"floor":11,"key":"Ancient Potion"},{"floor":14,"key":"Poison Potion"},{"floor":25,"key":"SmokeBomb"},{"floor":33,"key":"Swift Potion"},{"floor":37,"key":"Fire Potion"},{"floor":39,"key":"FairyPotion"},{"floor":39,"key":"Regen Potion"},{"floor":41,"key":"EssenceOfSteel"}],"is_trial":false,"path_per_floor":["M","?","?","M","M","R","?","$","T","R","M","?","R","M","R","B",null,"M","$","?","M","?","R","$","M","T","R","$","$","R","M","R","B",null,"M","M","M","?","?","R","M","$","T","M","M","?","$","E","R","B",null],"character_chosen":"DEFECT","items_purchased":["Gash"],"campfire_rested":4,"item_purchase_floors":[24],"current_hp_per_floor":[53,53,35,33,32,32,17,17,17,39,35,35,35,29,29,27,75,58,58,58,46,30,30,30,21,21,43,43,43,43,48,48,17,75,73,73,40,40,40,62,53,53,53,44,44,44,44,44,66,24],"gold":167,"neow_bonus":"REMOVE_TWO","is_prod":false,"is_daily":false,"chose_seed":false,"campfire_upgraded":6,"win_rate":0,"timestamp":1561632312,"path_taken":["M","?","?","?","M","R","?","?","T","R","M","?","R","M","R","BOSS","M","?","?","M","?","R","$","M","T","R","?","$","R","M","R","BOSS","M","M","M","?","?","R","?","$","T","M","M","?","$","E","R","BOSS"],"build_version":"2019-01-23","purchased_purges":3,"victory":true,"max_hp_per_floor":[75,75,75,75,75,75,75,75,75,75,75,75,75,75,75,75,75,75,75,75,75,75,75,75,75,75,75,75,75,75,75,75,75,75,75,75,75,75,75,75,75,75,75,75,75,75,75,75,75,75],"card_choices":[{"not_picked":["Double Energy","Recycle","Gash"],"picked":"SKIP","floor":1},{"not_picked":["Turbo","Stack"],"picked":"Consume","floor":4},{"not_picked":["Defragment","Undo"],"picked":"Ball Lightning","floor":5},{"not_picked":["Steam","BootSequence","Hello World"],"picked":"SKIP","floor":11},{"not_picked":["Steam","Storm"],"picked":"BootSequence","floor":14},{"not_picked":["Machine Learning","Core Surge"],"picked":"Echo Form","floor":16},{"not_picked":["Sweeping Beam+1","Self Repair+1"],"picked":"Gash","floor":18},{"not_picked":["Glacier","Hologram+1","Steam+1"],"picked":"SKIP","floor":21},{"not_picked":["Sweeping Beam","Streamline","Redo"],"picked":"SKIP","floor":25},{"not_picked":["Reinforced Body","Go for the Eyes"],"picked":"Glacier","floor":27},{"not_picked":["White Noise","Hologram"],"picked":"Capacitor","floor":31},{"not_picked":["Hologram","Streamline+1","Storm"],"picked":"SKIP","floor":35},{"not_picked":["Sweeping Beam+1","Turbo+1","Double Energy"],"picked":"SKIP","floor":37},{"not_picked":["Heatsinks+1","Self Repair","Echo Form"],"picked":"SKIP","floor":41},{"not_picked":["Compile Driver+1","Rebound+1"],"picked":"Ball Lightning+1","floor":44},{"not_picked":["Coolheaded+1","Sweeping Beam+1"],"picked":"Lockon+1","floor":45},{"not_picked":["Force Field+1","Sweeping Beam+1"],"picked":"Hologram+1","floor":48},{"not_picked":["Hologram","Compile Driver"],"picked":"Ball Lightning+1","floor":49}],"player_experience":1514861,"relics_obtained":[{"floor":9,"key":"Kunai"},{"floor":22,"key":"Enchiridion"},{"floor":26,"key":"Dream Catcher"},{"floor":43,"key":"Bag of Marbles"},{"floor":48,"key":"Darkstone Periapt"}],"event_choices":[{"cards_removed":["Strike_B"],"damage_healed":0,"gold_gain":0,"player_choice":"Card Removal","damage_taken":0,"max_hp_gain":0,"max_hp_loss":0,"event_name":"The Cleric","floor":2,"gold_loss":50},{"damage_healed":0,"gold_gain":0,"player_choice":"Success","damage_taken":18,"relics_obtained":["Ice Cream"],"max_hp_gain":0,"max_hp_loss":0,"event_name":"Scrap Ooze","floor":3,"gold_loss":0},{"damage_healed":0,"gold_gain":0,"player_choice":"Entered Light","damage_taken":15,"max_hp_gain":0,"max_hp_loss":0,"event_name":"Shining Light","floor":7,"gold_loss":0,"cards_upgraded":["Consume","Defend_B"]},{"damage_healed":0,"gold_gain":0,"player_choice":"Gave Potion","damage_taken":0,"relics_obtained":["Meat on the Bone"],"max_hp_gain":0,"max_hp_loss":0,"event_name":"WeMeetAgain","floor":12,"gold_loss":0},{"damage_healed":0,"gold_gain":0,"player_choice":"Ignored","damage_taken":0,"max_hp_gain":0,"max_hp_loss":0,"event_name":"Ghosts","floor":20,"gold_loss":0},{"damage_healed":0,"gold_gain":0,"player_choice":"Obtained Book","damage_taken":16,"max_hp_gain":0,"max_hp_loss":0,"event_name":"Cursed Tome","floor":22,"gold_loss":0},{"cards_removed":["Echo Form"],"damage_healed":0,"gold_gain":0,"player_choice":"Removed Power","damage_taken":0,"max_hp_gain":0,"max_hp_loss":0,"event_name":"Falling","floor":38,"gold_loss":0},{"damage_healed":0,"gold_gain":0,"player_choice":"Got Potions","damage_taken":0,"max_hp_gain":0,"max_hp_loss":0,"event_name":"Lab","floor":39,"gold_loss":0},{"damage_healed":0,"gold_gain":0,"player_choice":"Ignored","damage_taken":0,"max_hp_gain":0,"max_hp_loss":0,"event_name":"Tomb of Lord Red Mask","floor":46,"gold_loss":0}],"is_beta":false,"boss_relics":[{"not_picked":["Lizard Tail","Orrery"],"picked":"Empty Cage"},{"not_picked":["Astrolabe","Inserter"],"picked":"Fusion Hammer"}],"items_purged_floors":[8,19,42],"is_endless":false,"potions_floor_spawned":[1,11,14,25,33,35,36,37,41],"ascension_level":0}