{"gold_per_floor":[11,30,30,42,58,58,89,103,178,178,178,13,31,46,46,151,151,161,161,85,104,204,204,222,234,234,234,253,178,178,194,194,294,294,314,331,331,331,45,76,76,104,127,155,22,33,44,56,56,56],"floor_reached":51,"playtime":2455,"items_purged":["Strike_B","Zap","Reinforced Body"],"score":1162,"play_id":"fbaf632e-cfa5-4180-b8cf-ecc174437aa4","local_time":"20190408221255","is_ascension_mode":true,"campfire_choices":[{"data":"Streamline","floor":6.0,"key":"SMITH"},{"floor":11.0,"key":"REST"},{"floor":15.0,"key":"REST"},{"floor":23.0,"key":"REST"},{"floor":27.0,"key":"REST"},{"data":"Hologram","floor":30,"key":"SMITH"},{"data":"Beam Cell","floor":32,"key":"SMITH"},{"floor":49,"key":"REST"}],"neow_cost":"NO_GOLD","seed_source_timestamp":874731353556243,"circlet_count":0,"master_deck":["AscendersBane","Gash","Streamline+1","Gash","Hologram+1","Hologram","Finesse","BootSequence","Machine Learning","All For One","Panache","Finesse"],"special_seed":0,"relics":["Cracked Core","Smiling Mask","Question Card","Empty Cage","Dead Branch","Ornamental Fan","Pantograph","Sozu","Incense Burner","Emotion Chip","Anchor","PreservedInsect"],"potions_floor_usage":[28,34],"damage_taken":[{"damage":4.0,"enemies":"Small Slimes","floor":1.0,"turns":4.0},{"damage":0.0,"enemies":"Jaw Worm","floor":2.0,"turns":3.0},{"damage":7.0,"enemies":"2 Louse","floor":4.0,"turns":2.0},{"damage":20.0,"enemies":"Exordium Thugs","floor":5.0,"turns":3.0},{"damage":25.0,"enemies":"3 Sentries","floor":7.0,"turns":7.0},{"damage":1.0,"enemies":"Looter","floor":8.0,"turns":2.0},{"damage":11.0,"enemies":"3 Louse","floor":13.0,"turns":2.0},{"damage":0.0,"enemies":"Exordium Thugs","floor":14.0,"turns":4.0},{"damage":5.0,"enemies":"The Guardian","floor":16.0,"turns":10.0},{"damage":14.0,"enemies":"3 Byrds","floor":18.0,"turns":5.0},{"damage":0.0,"enemies":"Chosen","floor":21.0,"turns":4.0},{"damage":10.0,"enemies":"Colosseum Slavers","floor":22.0,"turns":4.0},{"damage":25.0,"enemies":"Colosseum Nobs","floor":22.0,"turns":4.0},{"damage":3.0,"enemies":"Sentry and Sphere","floor":24.0,"turns":3.0},{"damage":12.0,"enemies":"Snake Plant","floor":25.0,"turns":4.0},{"damage":1,"enemies":"Snecko","floor":28,"turns":3},{"damage":4,"enemies":"Centurion and Healer","floor":31,"turns":4},{"damage":14,"enemies":"Champ","floor":33,"turns":8},{"damage":6,"enemies":"3 Darklings","floor":35,"turns":3},{"damage":0,"enemies":"3 Shapes","floor":36,"turns":4},{"damage":2,"enemies":"Nemesis","floor":40,"turns":5},{"damage":0,"enemies":"Giant Head","floor":42,"turns":4},{"damage":20,"enemies":"Reptomancer","floor":44,"turns":4},{"damage":9,"enemies":"Spire Growth","floor":46,"turns":3},{"damage":7,"enemies":"Writhing Mass","floor":47,"turns":3},{"damage":0,"enemies":"Maw","floor":48,"turns":4},{"damage":19,"enemies":"Donu and Deca","floor":50,"turns":5}],"seed_played":"-4995279870529760037","potions_obtained":[{"floor":1.0,"key":"Weak Potion"},{"floor":4.0,"key":"Explosive Potion"},{"floor":13.0,"key":"SkillPotion"},{"floor":14.0,"key":"FearPotion"},{"floor":16.0,"key":"Ancient Potion"},{"floor":24.0,"key":"Fruit Juice"},{"floor":25.0,"key":"SteroidPotion"},{"floor":31,"key":"Fire Potion"}],"is_trial":false,"path_per_floor":["M","M","?","M","M","R","E","M","T","?","R","$","M","M","R","B",null,"M","?","$","M","?","R","M","M","T","R","M","?","R","M","R","B",null,"M","M","?","?","$","E","?","E","T","E","$","M","M","M","R","B",null],"character_chosen":"DEFECT","items_purchased":["Hologram","Finesse","Beam Cell","Incense Burner","Finesse"],"campfire_rested":5,"item_purchase_floors":[12,12,20,39,45],"current_hp_per_floor":[64,64,64,57,37,37,12,11,11,4,26,26,15,15,37,32,64,50,50,50,50,15,37,34,22,22,44,43,43,43,39,39,50,74,68,68,68,68,68,66,66,66,66,46,46,37,30,30,54,60],"gold":56,"neow_bonus":"REMOVE_TWO","is_prod":false,"is_daily":false,"chose_seed":false,"campfire_upgraded":3,"win_rate":0,"timestamp":1554754375,"path_taken":["M","M","?","M","M","R","E","M","T","?","R","?","M","M","R","BOSS","M","?","$","M","?","R","M","M","T","R","M","?","R","M","R","BOSS","M","M","?","?","$","E","?","E","T","E","?","M","?","M","R","BOSS"],"build_version":"2019-01-23","purchased_purges":3,"victory":true,"max_hp_per_floor":[75,75,75,75,75,75,75,75,75,75,75,75,75,75,75,75,75,75,75,75,75,75,75,75,75,75,75,75,75,75,75,75,75,80,80,80,80,80,80,80,80,80,80,80,80,80,80,80,80,80],"card_choices":[{"not_picked":["Consume","Double Energy"],"picked":"Reinforced Body","floor":1.0},{"not_picked":["Go for the Eyes","Streamline"],"picked":"Gash","floor":2.0},{"not_picked":["Tempest","Lockon"],"picked":"Streamline","floor":4.0},{"not_picked":["Chaos","Static Discharge"],"picked":"Gash","floor":5.0},{"not_picked":["Blizzard","Storm","Redo"],"picked":"SKIP","floor":7.0},{"not_picked":["Barrage","Stack"],"picked":"Hologram","floor":8.0},{"not_picked":["Scrape","Compile Driver","Stack"],"picked":"BootSequence","floor":13.0},{"not_picked":["Cold Snap","Streamline","Echo Form","Redo"],"picked":"SKIP","floor":14.0},{"not_picked":["Seek","Core Surge","Biased Cognition"],"picked":"Machine Learning","floor":16.0},{"not_picked":["Rebound+1","Melter","Consume","Compile Driver"],"picked":"SKIP","floor":18.0},{"not_picked":["Leap","Sweeping Beam","Chill","BootSequence"],"picked":"SKIP","floor":21.0},{"not_picked":["Gash","Capacitor+1","Consume","Genetic Algorithm"],"picked":"SKIP","floor":24.0},{"not_picked":["Steam","Biased Cognition","Fusion","Steam Power+1"],"picked":"SKIP","floor":25.0},{"not_picked":["Heatsinks","Chill+1","Coolheaded","Beam Cell"],"picked":"SKIP","floor":28},{"not_picked":["Hologram","Barrage","Force Field","Go for the Eyes"],"picked":"SKIP","floor":31},{"not_picked":["Meteor Strike","Multi-Cast","Thunder Strike"],"picked":"All For One","floor":33},{"not_picked":["Go for the Eyes","Streamline","Rebound+1","Loop+1"],"picked":"SKIP","floor":35},{"not_picked":["Chaos+1","Redo","Streamline","Coolheaded"],"picked":"SKIP","floor":36},{"not_picked":["Forethought","Mind Blast","Jack Of All Trades"],"picked":"Panache","floor":38},{"not_picked":["Blizzard","Turbo","Coolheaded","Fusion"],"picked":"SKIP","floor":40},{"not_picked":["Tempest+1","Sweeping Beam+1","Steam","Double Energy"],"picked":"SKIP","floor":42},{"not_picked":["Ball Lightning+1","Turbo+1","Cold Snap","Steam"],"picked":"SKIP","floor":44},{"not_picked":["Undo+1","Fission","Loop","Ball Lightning+1"],"picked":"SKIP","floor":46},{"not_picked":["Rip and Tear","Barrage","Gash","Blizzard"],"picked":"SKIP","floor":47},{"not_picked":["Ball Lightning+1","All For One","Leap","White Noise+1"],"picked":"SKIP","floor":48}],"player_experience":220218,"relics_obtained":[{"floor":7.0,"key":"Smiling Mask"},{"floor":9.0,"key":"Question Card"},{"floor":22.0,"key":"Dead Branch"},{"floor":22.0,"key":"Ornamental Fan"},{"floor":26.0,"key":"Pantograph"},{"floor":40,"key":"Emotion Chip"},{"floor":42,"key":"Anchor"},{"floor":44,"key":"PreservedInsect"}],"event_choices":[{"cards_removed":["Defend_B"],"damage_healed":0.0,"max_hp_gain":0.0,"max_hp_loss":0.0,"gold_gain":0.0,"event_name":"Living Wall","player_choice":"Forget","floor":3.0,"gold_loss":0.0,"damage_taken":0.0},{"cards_removed":["Defend_B"],"damage_healed":0.0,"max_hp_gain":0.0,"max_hp_loss":0.0,"gold_gain":0.0,"event_name":"Golden Wing","player_choice":"Card Removal","floor":10.0,"gold_loss":0.0,"damage_taken":7.0},{"cards_removed":["Dualcast"],"damage_healed":0.0,"max_hp_gain":0.0,"max_hp_loss":0.0,"gold_gain":0.0,"event_name":"Back to Basics","player_choice":"Elegance","floor":19.0,"gold_loss":0.0,"damage_taken":0.0},{"damage_healed":0.0,"max_hp_gain":0.0,"max_hp_loss":0.0,"gold_gain":0.0,"event_name":"Colosseum","player_choice":"Fight","floor":22.0,"gold_loss":0.0,"damage_taken":0.0},{"damage_healed":0.0,"max_hp_gain":0.0,"max_hp_loss":0.0,"gold_gain":0.0,"event_name":"Colosseum","player_choice":"Fought Nobs","floor":22.0,"gold_loss":0.0,"damage_taken":0.0},{"cards_removed":["Strike_B"],"damage_healed":0,"gold_gain":0,"player_choice":"Gave Gold","damage_taken":0,"max_hp_gain":0,"max_hp_loss":0,"event_name":"Beggar","floor":29,"gold_loss":75},{"damage_healed":0,"gold_gain":0,"player_choice":"Ignored","damage_taken":0,"max_hp_gain":0,"max_hp_loss":0,"event_name":"Mysterious Sphere","floor":37,"gold_loss":0},{"damage_healed":0,"gold_gain":0,"player_choice":"Memory 1","damage_taken":0,"max_hp_gain":0,"max_hp_loss":0,"event_name":"SensoryStone","floor":38,"gold_loss":0},{"cards_removed":["Beam Cell"],"damage_healed":0,"gold_gain":0,"player_choice":"Removed Attack","damage_taken":0,"max_hp_gain":0,"max_hp_loss":0,"event_name":"Falling","floor":41,"gold_loss":0}],"is_beta":false,"boss_relics":[{"not_picked":["Velvet Choker","Eternal Feather"],"picked":"Empty Cage"},{"not_picked":["Tiny House","Lizard Tail"],"picked":"Sozu"}],"items_purged_floors":[12,20,45],"is_endless":false,"potions_floor_spawned":[1,4,13,14,16,24,25,31,35,46,47,48],"ascension_level":10}