{"gold_per_floor":[368,34,34,48,98,129,129,155,230,230,245,259,259,287,287,361,361,378,394,669,683,683,683,683,683,683,683],"floor_reached":27,"playtime":1174,"items_purged":["Strike_B"],"score":458,"play_id":"4f9afc79-1725-4267-bca7-cd27ec270170","local_time":"20190630115542","is_ascension_mode":true,"campfire_choices":[{"floor":7.0,"key":"REST"},{"floor":10.0,"key":"REST"},{"floor":13.0,"key":"REST"},{"data":"Streamline","floor":15.0,"key":"SMITH"},{"floor":23.0,"key":"REST"},{"floor":25,"key":"REST"}],"neow_cost":"TEN_PERCENT_HP_LOSS","seed_source_timestamp":0,"circlet_count":0,"master_deck":["AscendersBane","Defend_B","Defend_B","Defend_B","Defend_B","Zap","Dualcast","Rip and Tear","Capacitor","Streamline+1","Static Discharge","Genetic Algorithm","Stack+1","Undo+1","Doom and Gloom","Coolheaded+1","Buffer","Steam+1","Hologram+1","Self Repair","Bite","Bite","Bite","Glacier+1","Trip+1","Dramatic Entrance","Seek+1"],"special_seed":0,"relics":["Cracked Core","Bronze Scales","Omamori","Toxic Egg 2","Ornamental Fan","Dream Catcher","Runic Pyramid"],"potions_floor_usage":[27],"damage_taken":[{"damage":7.0,"enemies":"Small Slimes","floor":1.0,"turns":3.0},{"damage":4.0,"enemies":"Jaw Worm","floor":4.0,"turns":3.0},{"damage":25.0,"enemies":"Lagavulin","floor":6.0,"turns":7.0},{"damage":35.0,"enemies":"3 Sentries","floor":8.0,"turns":7.0},{"damage":0.0,"enemies":"Cultist","floor":11.0,"turns":4.0},{"damage":13.0,"enemies":"Exordium Wildlife","floor":12.0,"turns":4.0},{"damage":20.0,"enemies":"Gremlin Nob","floor":14.0,"turns":4.0},{"damage":2.0,"enemies":"The Guardian","floor":16.0,"turns":10.0},{"damage":9.0,"enemies":"3 Byrds","floor":18.0,"turns":3.0},{"damage":22.0,"enemies":"2 Thieves","floor":19.0,"turns":2.0},{"damage":20.0,"enemies":"Shelled Parasite and Fungi","floor":21.0,"turns":4.0},{"damage":34,"enemies":"Book of Stabbing","floor":27,"turns":5}],"seed_played":"-3683919122557083227","potions_obtained":[{"floor":1.0,"key":"Dexterity Potion"},{"floor":11.0,"key":"PowerPotion"},{"floor":12.0,"key":"SteroidPotion"},{"floor":16.0,"key":"Strength Potion"},{"floor":18.0,"key":"PowerPotion"},{"floor":21.0,"key":"EssenceOfSteel"}],"is_trial":false,"path_per_floor":["M","$","?","M","?","E","R","E","T","R","M","M","R","E","R","B",null,"M","M","?","M","?","R","?","R","T","E"],"character_chosen":"DEFECT","items_purchased":["Bronze Scales","Capacitor","Streamline"],"campfire_rested":5,"item_purchase_floors":[2,2,2],"current_hp_per_floor":[57,57,57,53,53,28,47,12,12,31,31,18,37,17,17,15,52,43,21,21,1,1,14,14,27,27,0],"gold":683,"neow_bonus":"TWO_FIFTY_GOLD","is_prod":false,"is_daily":false,"chose_seed":false,"campfire_upgraded":1,"win_rate":0,"timestamp":1561920942,"path_taken":["M","$","?","M","?","E","R","E","T","R","M","M","R","E","R","BOSS","M","?","?","?","?","R","?","R","T","E"],"build_version":"2019-06-29","purchased_purges":1,"victory":false,"max_hp_per_floor":[64,64,64,64,64,64,64,64,64,64,64,64,64,64,64,64,64,64,64,64,64,44,44,44,44,44,44],"card_choices":[{"not_picked":["Turbo","Go for the Eyes"],"picked":"Rip and Tear","floor":1.0},{"not_picked":["Darkness","Go for the Eyes"],"picked":"Static Discharge","floor":4.0},{"not_picked":["Conserve Battery","Compile Driver"],"picked":"Genetic Algorithm","floor":6.0},{"not_picked":["Heatsinks","Hello World"],"picked":"Stack","floor":8.0},{"not_picked":["Sweeping Beam","Streamline"],"picked":"Undo+1","floor":11.0},{"not_picked":["Beam Cell","Steam Power+1"],"picked":"Doom and Gloom","floor":12.0},{"not_picked":["Streamline","Rebound"],"picked":"Coolheaded+1","floor":14.0},{"not_picked":["Hyperbeam","Creative AI"],"picked":"Buffer","floor":16.0},{"not_picked":["Rebound","Cold Snap"],"picked":"Steam+1","floor":18.0},{"not_picked":["Beam Cell","FTL+1"],"picked":"Hologram+1","floor":19.0},{"not_picked":["Redo+1","Barrage"],"picked":"Self Repair","floor":21.0},{"not_picked":["Conserve Battery+1","Hologram+1"],"picked":"Glacier+1","floor":23.0},{"not_picked":["FTL+1","Blizzard"],"picked":"Seek+1","floor":25}],"player_experience":1714752,"relics_obtained":[{"floor":6.0,"key":"Omamori"},{"floor":8.0,"key":"Toxic Egg 2"},{"floor":9.0,"key":"Ornamental Fan"},{"floor":14.0,"key":"Dream Catcher"}],"event_choices":[{"damage_healed":0.0,"max_hp_gain":0.0,"max_hp_loss":0.0,"gold_gain":0.0,"event_name":"Liars Game","player_choice":"Ignored","floor":3.0,"gold_loss":0.0,"damage_taken":0.0},{"damage_healed":0.0,"max_hp_gain":0.0,"max_hp_loss":0.0,"gold_gain":50.0,"event_name":"Golden Shrine","player_choice":"Pray","floor":5.0,"gold_loss":0.0,"damage_taken":0.0},{"damage_healed":0.0,"max_hp_gain":0.0,"max_hp_loss":0.0,"gold_gain":275.0,"event_name":"Golden Shrine","player_choice":"Desecrate","floor":20.0,"gold_loss":0.0,"damage_taken":0.0,"cards_obtained":["Regret"]},{"damage_healed":0.0,"max_hp_gain":0.0,"max_hp_loss":20.0,"gold_gain":0.0,"event_name":"Vampires","player_choice":"Became a vampire","floor":22.0,"gold_loss":0.0,"damage_taken":0.0,"cards_obtained":["Bite","Bite","Bite","Bite","Bite"]},{"damage_healed":0,"gold_gain":0,"cards_transformed":["Bite","Bite"],"player_choice":"Became Test Subject","damage_taken":0,"max_hp_gain":0,"max_hp_loss":0,"event_name":"Drug Dealer","floor":24,"gold_loss":0,"cards_obtained":["Trip","Dramatic Entrance"]}],"is_beta":true,"boss_relics":[{"not_picked":["Orrery","Black Star"],"picked":"Runic Pyramid"}],"items_purged_floors":[2],"is_endless":false,"potions_floor_spawned":[1,11,12,16,18,21],"killed_by":"Book of Stabbing","ascension_level":20}