{"gold_per_floor":[113,113,132,144,144,19,29,41,64,83,83,83,102,116,116,116],"floor_reached":16,"playtime":3888,"items_purged":["Normality"],"score":96,"play_id":"d52cd86d-79e5-4b5d-850e-4c55417eb24b","local_time":"20190423223309","is_ascension_mode":false,"campfire_choices":[{"data":"Corruption","floor":11,"key":"SMITH"},{"data":"Barricade","floor":15,"key":"SMITH"}],"neow_cost":"PERCENT_DAMAGE","seed_source_timestamp":947317980989242,"circlet_count":0,"master_deck":["Strike_R","Strike_R","Strike_R","Defend_R","Defend_R","Defend_R","Defend_R","Bash","Cleave","Intimidate","Armaments","Corruption+1","Barricade+1","Shrug It Off","Flex","Seeing Red"],"relics":["Burning Blood","Kunai","Regal Pillow"],"potions_floor_usage":[13,16],"damage_taken":[{"damage":23,"enemies":"Cultist","floor":1,"turns":7},{"damage":0,"enemies":"Small Slimes","floor":3,"turns":3},{"damage":0,"enemies":"2 Louse","floor":4,"turns":2},{"damage":7,"enemies":"Gremlin Gang","floor":7,"turns":5},{"damage":12,"enemies":"Blue Slaver","floor":8,"turns":4},{"damage":1,"enemies":"Large Slime","floor":10,"turns":8},{"damage":9,"enemies":"Red Slaver","floor":13,"turns":5},{"damage":5,"enemies":"Looter","floor":14,"turns":4},{"damage":49,"enemies":"Slime Boss","floor":16,"turns":9}],"seed_played":"-4664432710752982956","potions_obtained":[{"floor":4,"key":"LiquidBronze"},{"floor":14,"key":"Block Potion"}],"is_trial":false,"path_per_floor":["M","T","M","M","?","$","M","M","T","M","R","$","M","M","R","B"],"character_chosen":"IRONCLAD","items_purchased":["Swift Potion"],"campfire_rested":0,"item_purchase_floors":[6],"current_hp_per_floor":[39,39,45,51,51,51,50,44,44,49,49,49,46,47,47,0],"gold":116,"neow_bonus":"REMOVE_TWO","is_prod":false,"is_daily":false,"chose_seed":false,"campfire_upgraded":2,"win_rate":0.0,"timestamp":1556073189,"path_taken":["M","?","M","M","?","$","M","?","T","M","R","?","?","M","R","BOSS"],"build_version":"2019-01-23","purchased_purges":1,"victory":false,"max_hp_per_floor":[80,80,80,80,80,80,80,80,80,80,80,80,80,80,80,80],"card_choices":[{"not_picked":["Sword Boomerang","Armaments"],"picked":"Cleave","floor":1},{"not_picked":["Warcry","Infernal Blade"],"picked":"Intimidate","floor":3},{"not_picked":["Iron Wave","Thunderclap"],"picked":"Armaments","floor":4},{"not_picked":["Body Slam","Entrench"],"picked":"Corruption","floor":7},{"not_picked":["Headbutt","Flame Barrier"],"picked":"Barricade","floor":8},{"not_picked":["Headbutt","True Grit"],"picked":"Shrug It Off","floor":10},{"not_picked":["Warcry","Iron Wave"],"picked":"Flex","floor":13},{"not_picked":["Shrug It Off","Rage"],"picked":"Seeing Red","floor":14}],"player_experience":25244,"relics_obtained":[{"floor":2,"key":"Kunai"},{"floor":9,"key":"Regal Pillow"}],"event_choices":[{"damage_healed":0,"gold_gain":0,"player_choice":"1 cards matched","damage_taken":0,"max_hp_gain":0,"max_hp_loss":0,"event_name":"Match and Keep!","floor":5,"gold_loss":0,"cards_obtained":["Normality"]}],"is_beta":false,"boss_relics":[],"items_purged_floors":[6],"is_endless":false,"potions_floor_spawned":[4,14],"killed_by":"Slime Boss","ascension_level":0}