{"gold_per_floor":[113,113,123,123,134,165,165,175,175,185,185,202,127,146,146,146],"floor_reached":16,"playtime":646,"items_purged":["Strike_G"],"score":151,"play_id":"7a38d7b5-f02d-490f-86f7-352d232c7c2d","local_time":"20190402225301","is_ascension_mode":true,"campfire_choices":[{"data":"Neutralize","floor":7,"key":"SMITH"},{"floor":11,"key":"REST"},{"data":"Heel Hook","floor":15,"key":"SMITH"}],"neow_cost":"NONE","seed_source_timestamp":360560513868397,"circlet_count":0,"master_deck":["Defend_G","Defend_G","Defend_G","Defend_G","Strike_G","Strike_G","Strike_G","Strike_G","Survivor","Neutralize+1","Heel Hook+1","Neutralize+1","Heel Hook"],"relics":["Ring of the Snake","Ice Cream","The Specimen"],"potions_floor_usage":[6,12],"damage_taken":[{"damage":7,"enemies":"Cultist","floor":1,"turns":4},{"damage":2,"enemies":"Jaw Worm","floor":3,"turns":4},{"damage":0,"enemies":"Small Slimes","floor":5,"turns":3},{"damage":36,"enemies":"Lagavulin","floor":6,"turns":10},{"damage":0,"enemies":"2 Fungi Beasts","floor":8,"turns":4},{"damage":3,"enemies":"Large Slime","floor":10,"turns":7},{"damage":2,"enemies":"Exordium Wildlife","floor":12,"turns":5},{"damage":0,"enemies":"3 Louse","floor":14,"turns":4},{"damage":34,"enemies":"Hexaghost","floor":16,"turns":11}],"seed_played":"-5647344221459997522","potions_obtained":[{"floor":1,"key":"Explosive Potion"},{"floor":5,"key":"PowerPotion"},{"floor":12,"key":"SmokeBomb"}],"is_trial":false,"path_per_floor":["M","?","M","?","M","E","R","M","T","M","R","M","$","M","R","B"],"character_chosen":"THE_SILENT","items_purchased":[],"campfire_rested":1,"item_purchase_floors":[],"current_hp_per_floor":[56,56,54,54,54,18,18,18,18,15,36,34,34,34,34,0],"gold":146,"neow_bonus":"UPGRADE_CARD","is_prod":false,"is_daily":false,"chose_seed":false,"campfire_upgraded":2,"win_rate":0,"timestamp":1554238381,"path_taken":["M","?","?","?","M","E","R","M","T","?","R","M","$","M","R","BOSS"],"build_version":"2019-01-23","purchased_purges":1,"victory":false,"max_hp_per_floor":[70,70,70,70,70,70,70,70,70,70,70,70,70,70,70,70],"card_choices":[{"not_picked":["Crippling Poison","Outmaneuver"],"picked":"Heel Hook","floor":1},{"not_picked":["Noxious Fumes","Slice","Outmaneuver"],"picked":"SKIP","floor":3},{"not_picked":["Quick Slash","Caltrops","Deflect"],"picked":"SKIP","floor":5},{"not_picked":["Deflect","Wraith Form v2","Blade Dance"],"picked":"SKIP","floor":6},{"not_picked":["Quick Slash","Masterful Stab","Infinite Blades"],"picked":"SKIP","floor":8},{"not_picked":["Blade Dance","Terror","Slice"],"picked":"SKIP","floor":10},{"not_picked":["Backflip","Concentrate"],"picked":"Heel Hook","floor":12},{"not_picked":["Catalyst","Acrobatics","Predator"],"picked":"SKIP","floor":14}],"player_experience":186388,"relics_obtained":[{"floor":6,"key":"Ice Cream"},{"floor":9,"key":"The Specimen"}],"event_choices":[{"cards_removed":["Defend_G"],"damage_healed":0,"gold_gain":0,"player_choice":"Purged","damage_taken":0,"max_hp_gain":0,"max_hp_loss":0,"event_name":"Purifier","floor":2,"gold_loss":0},{"damage_healed":0,"gold_gain":0,"player_choice":"1 cards matched","damage_taken":0,"max_hp_gain":0,"max_hp_loss":0,"event_name":"Match and Keep!","floor":4,"gold_loss":0,"cards_obtained":["Neutralize"]}],"is_beta":false,"boss_relics":[],"items_purged_floors":[13],"is_endless":false,"potions_floor_spawned":[1,5,12],"killed_by":"Hexaghost","ascension_level":9}