{"gold_per_floor":[210,210,210,73,87,87,101,126,152,152,182,192,192,209,209,305,305,318,318,343,360,360,393,393,428,428,452,23,23,58,22,22,126,126,138,138,158,258,480,507,576,603,627,639,679,436,455,468,468,468,468,468,8,43,43],"floor_reached":56,"playtime":3355,"items_purged":["Strike_B","Strike_B"],"score":1746,"play_id":"9303728f-e78e-425f-8440-27de18cc47dc","local_time":"20190314010545","is_ascension_mode":true,"campfire_choices":[{"data":"Barrage","floor":6.0,"key":"SMITH"},{"data":"Zap","floor":10.0,"key":"SMITH"},{"data":"Fission","floor":13.0,"key":"SMITH"},{"data":"Loop","floor":15.0,"key":"SMITH"},{"data":"Buffer","floor":24,"key":"SMITH"},{"data":"Capacitor","floor":32,"key":"SMITH"},{"floor":49,"key":"RECALL"},{"data":"Blizzard","floor":52,"key":"SMITH"}],"neow_cost":"NONE","seed_source_timestamp":114773920459419,"circlet_count":0,"master_deck":["Strike_B","Strike_B","Defend_B","Defend_B","Defend_B","Defend_B","Zap+1","Dualcast+1","Coolheaded+1","Cold Snap","Barrage+1","Conserve Battery","Blizzard+1","Loop+1","Fission+1","Sweeping Beam","Buffer+1","Chill+1","Reinforced Body","Glacier+1","Loop+1","Capacitor+1","Echo Form","Core Surge","Self Repair+1","Glacier+1"],"special_seed":0,"relics":["Cracked Core","Pantograph","Oddly Smooth Stone","Lantern","War Paint","Pen Nib","Black Star","Red Mask","Orichalcum","Toxic Egg 2","Dead Branch","Bag of Preparation","Ancient Tea Set","Vajra","PreservedInsect","MealTicket","Mercury Hourglass","DataDisk","Coffee Dripper","WingedGreaves","Frozen Egg 2","Unceasing Top","Juzu Bracelet","Pear","MawBank","Bronze Scales","Potion Belt","Art of War","Ginger","Sundial","Blue Candle"],"potions_floor_usage":[23,23,48,55,55,55,55,55],"damage_taken":[{"damage":0.0,"enemies":"2 Louse","floor":1.0,"turns":2.0},{"damage":0.0,"enemies":"Jaw Worm","floor":5.0,"turns":4.0},{"damage":0.0,"enemies":"Cultist","floor":7.0,"turns":2.0},{"damage":30.0,"enemies":"Gremlin Nob","floor":8.0,"turns":4.0},{"damage":16.0,"enemies":"3 Sentries","floor":11.0,"turns":8.0},{"damage":0.0,"enemies":"2 Fungi Beasts","floor":12.0,"turns":2.0},{"damage":6.0,"enemies":"Exordium Wildlife","floor":14.0,"turns":4.0},{"damage":8.0,"enemies":"The Guardian","floor":16.0,"turns":10.0},{"damage":0.0,"enemies":"Spheric Guardian","floor":18.0,"turns":4.0},{"damage":10.0,"enemies":"Masked Bandits","floor":20.0,"turns":5.0},{"damage":13.0,"enemies":"2 Thieves","floor":21.0,"turns":5.0},{"damage":20,"enemies":"Gremlin Leader","floor":23,"turns":8},{"damage":6,"enemies":"Slavers","floor":25,"turns":8},{"damage":0,"enemies":"Book of Stabbing","floor":30,"turns":5},{"damage":0,"enemies":"Automaton","floor":33,"turns":9},{"damage":0,"enemies":"3 Darklings","floor":35,"turns":5},{"damage":0,"enemies":"Orb Walker","floor":37,"turns":3},{"damage":0,"enemies":"Mind Bloom Boss Battle","floor":38,"turns":5},{"damage":0,"enemies":"Giant Head","floor":40,"turns":8},{"damage":12,"enemies":"Nemesis","floor":42,"turns":5},{"damage":6,"enemies":"Reptomancer","floor":45,"turns":4},{"damage":0,"enemies":"Writhing Mass","floor":47,"turns":5},{"damage":0,"enemies":"3 Darklings","floor":48,"turns":4},{"damage":33,"enemies":"Awakened One","floor":50,"turns":15},{"damage":8,"enemies":"Shield and Spear","floor":54,"turns":6},{"damage":69,"enemies":"The Heart","floor":55,"turns":10}],"seed_played":"-3692284884707803727","potions_obtained":[{"floor":8.0,"key":"EssenceOfSteel"},{"floor":12.0,"key":"EssenceOfSteel"},{"floor":14.0,"key":"SpeedPotion"},{"floor":16.0,"key":"Block Potion"},{"floor":18.0,"key":"Weak Potion"},{"floor":23,"key":"EssenceOfSteel"},{"floor":25,"key":"FearPotion"},{"floor":45,"key":"AttackPotion"},{"floor":47,"key":"Fire Potion"},{"floor":48,"key":"Block Potion"},{"floor":54,"key":"Regen Potion"}],"is_trial":false,"path_per_floor":["M","?","T","$","M","R","M","E","T","R","E","M","R","M","R","B",null,"M","?","?","M","?","E","R","E","T","T","$","?","E","$","R","B",null,"M","?","M","?","?","E","T","E","T","?","E","$","M","M","R","B",null,"R","$","E","B",null],"character_chosen":"DEFECT","items_purchased":["Cold Snap","Self Repair","Barrage","PreservedInsect","MealTicket","Capacitor","Art of War","Ginger","Glacier+1","PowerPotion","Strength Potion"],"campfire_rested":0,"item_purchase_floors":[4,4,4,28,28,31,46,53,53,53,53],"current_hp_per_floor":[75,63,63,63,70,70,70,47,47,47,38,38,38,39,39,63,72,75,61,58,52,52,39,39,40,40,40,40,40,47,47,47,79,80,80,76,76,76,76,76,76,81,81,81,75,86,86,86,86,53,78,78,86,86,32],"gold":43,"neow_bonus":"HUNDRED_GOLD","is_prod":false,"is_daily":false,"chose_seed":false,"campfire_upgraded":7,"win_rate":0,"timestamp":1552521945,"path_taken":["M","?","?","$","M","R","?","E","T","R","E","M","R","M","R","BOSS","M","?","?","?","?","E","R","E","T","?","$","?","E","?","R","BOSS","M","?","M","?","?","E","?","E","T","?","E","$","M","M","R","BOSS","R","$","E","BOSS"],"build_version":"2019-01-23","purchased_purges":2,"victory":true,"max_hp_per_floor":[75,75,75,75,75,75,75,75,75,75,75,75,75,75,75,75,75,75,80,80,80,80,80,80,80,80,80,80,80,80,80,80,80,80,80,76,76,76,76,76,76,86,86,86,86,86,86,86,86,86,86,86,86,86,86],"card_choices":[{"not_picked":["Barrage","Rebound"],"picked":"Coolheaded","floor":1.0},{"not_picked":["Storm","Hello World"],"picked":"Conserve Battery","floor":5.0},{"not_picked":["Undo","Ball Lightning"],"picked":"Blizzard","floor":7.0},{"not_picked":["Rebound","Gash","Conserve Battery"],"picked":"SKIP","floor":8.0},{"not_picked":["Streamline","Sweeping Beam"],"picked":"Loop","floor":11.0},{"not_picked":["Beam Cell","Hologram"],"picked":"Fission","floor":12.0},{"not_picked":["Lockon","Redo"],"picked":"Sweeping Beam","floor":14.0},{"not_picked":["Amplify","Multi-Cast"],"picked":"Buffer","floor":16.0},{"not_picked":["Tempest","Redo"],"picked":"Chill+1","floor":18.0},{"not_picked":["Stack","BootSequence"],"picked":"Reinforced Body","floor":20.0},{"not_picked":["Skim","Darkness","Go for the Eyes"],"picked":"SKIP","floor":21.0},{"not_picked":["Doom and Gloom","Lockon"],"picked":"Glacier","floor":23},{"not_picked":["Hologram+1","Steam+1","Aggregate+1"],"picked":"SKIP","floor":25},{"not_picked":["White Noise+1","Cold Snap+1"],"picked":"Loop+1","floor":30},{"not_picked":["Multi-Cast+1","All For One"],"picked":"Echo Form","floor":33},{"not_picked":["Undo+1","Go for the Eyes+1","Gash"],"picked":"SKIP","floor":35},{"not_picked":["Cold Snap","Steam Power+1"],"picked":"Core Surge","floor":37},{"not_picked":["Compile Driver+1","Gash+1","Cold Snap"],"picked":"SKIP","floor":40},{"not_picked":["Aggregate+1","Conserve Battery+1","Stack+1"],"picked":"SKIP","floor":42},{"not_picked":["Tempest+1","Go for the Eyes","Compile Driver+1"],"picked":"SKIP","floor":45},{"not_picked":["Sweeping Beam","Seek+1"],"picked":"Self Repair+1","floor":47},{"not_picked":["Rebound","Leap+1","Doom and Gloom"],"picked":"SKIP","floor":48},{"not_picked":["Doom and Gloom+1","Creative AI+1","Leap+1"],"picked":"SKIP","floor":54}],"player_experience":89525,"relics_obtained":[{"floor":3.0,"key":"Oddly Smooth Stone"},{"floor":8.0,"key":"Lantern"},{"floor":9.0,"key":"War Paint"},{"floor":11.0,"key":"Pen Nib"},{"floor":20.0,"key":"Red Mask"},{"floor":23,"key":"Orichalcum"},{"floor":23,"key":"Toxic Egg 2"},{"floor":25,"key":"Dead Branch"},{"floor":25,"key":"Bag of Preparation"},{"floor":26,"key":"Ancient Tea Set"},{"floor":27,"key":"Vajra"},{"floor":30,"key":"Mercury Hourglass"},{"floor":30,"key":"DataDisk"},{"floor":38,"key":"WingedGreaves"},{"floor":40,"key":"Frozen Egg 2"},{"floor":40,"key":"Unceasing Top"},{"floor":42,"key":"Juzu Bracelet"},{"floor":42,"key":"Pear"},{"floor":43,"key":"MawBank"},{"floor":45,"key":"Bronze Scales"},{"floor":45,"key":"Potion Belt"},{"floor":54,"key":"Sundial"},{"floor":54,"key":"Blue Candle"}],"event_choices":[{"damage_healed":0.0,"max_hp_gain":0.0,"max_hp_loss":0.0,"gold_gain":0.0,"event_name":"Scrap Ooze","player_choice":"Success","floor":2.0,"gold_loss":0.0,"damage_taken":12.0,"relics_obtained":["Pantograph"]},{"damage_healed":0.0,"max_hp_gain":5.0,"max_hp_loss":0.0,"gold_gain":0.0,"event_name":"Forgotten Altar","player_choice":"Shed Blood","floor":19.0,"gold_loss":0.0,"damage_taken":19.0},{"damage_healed":0.0,"max_hp_gain":0.0,"max_hp_loss":0.0,"gold_gain":0.0,"event_name":"Masked Bandits","player_choice":"Fought Bandits","floor":20.0,"gold_loss":0.0,"damage_taken":0.0},{"damage_healed":0.0,"max_hp_gain":0.0,"max_hp_loss":0.0,"gold_gain":0.0,"event_name":"Vampires","player_choice":"Ignored","floor":22.0,"gold_loss":0.0,"damage_taken":0.0},{"damage_healed":0,"gold_gain":0,"player_choice":"Ignored","damage_taken":0,"max_hp_gain":0,"max_hp_loss":0,"event_name":"Ghosts","floor":29,"gold_loss":0},{"damage_healed":0,"gold_gain":0,"player_choice":"Max HP","damage_taken":0,"max_hp_gain":0,"max_hp_loss":4,"event_name":"Winding Halls","floor":36,"gold_loss":0},{"damage_healed":0,"gold_gain":0,"player_choice":"Fight","damage_taken":0,"max_hp_gain":0,"max_hp_loss":0,"event_name":"MindBloom","floor":38,"gold_loss":0},{"damage_healed":0,"gold_gain":222,"player_choice":"Wore Mask","damage_taken":0,"max_hp_gain":0,"max_hp_loss":0,"event_name":"Tomb of Lord Red Mask","floor":39,"gold_loss":0},{"cards_removed":["Self Repair"],"damage_healed":0,"gold_gain":0,"player_choice":"Removed Power","damage_taken":0,"max_hp_gain":0,"max_hp_loss":0,"event_name":"Falling","floor":44,"gold_loss":0}],"is_beta":false,"boss_relics":[{"not_picked":["Tiny House","Nuclear Battery"],"picked":"Black Star"},{"not_picked":["Fusion Hammer","Busted Crown"],"picked":"Coffee Dripper"}],"items_purged_floors":[28,46],"is_endless":false,"potions_floor_spawned":[8,12,14,16,18,23,25,45,47,48,54],"ascension_level":5}