{"gold_per_floor":[114,127,31,42,42,42,76,1,1,16,16,16,16,16,16,16],"floor_reached":16,"playtime":386,"items_purged":["Zap"],"score":150,"play_id":"ef0deaf8-312c-452d-a294-b08c866a2f37","local_time":"20190527230554","is_ascension_mode":true,"campfire_choices":[{"data":"Sunder","floor":6,"key":"SMITH"},{"floor":11,"key":"DIG"},{"data":"Coolheaded","floor":13,"key":"SMITH"},{"floor":15,"key":"DIG"}],"neow_cost":"NONE","seed_source_timestamp":882900285899887,"circlet_count":0,"master_deck":["AscendersBane","Strike_B","Strike_B","Strike_B","Strike_B","Defend_B","Defend_B","Defend_B","Defend_B","Trip","Coolheaded+1","Cold Snap","Sweeping Beam","Self Repair","Sunder+1","Gash"],"relics":["Cracked Core","Golden Idol","Odd Mushroom","Shovel","Darkstone Periapt","Dodecahedron"],"potions_floor_usage":[7],"damage_taken":[{"damage":1,"enemies":"Cultist","floor":1,"turns":3},{"damage":6,"enemies":"2 Louse","floor":2,"turns":3},{"damage":9,"enemies":"Small Slimes","floor":4,"turns":3},{"damage":2,"enemies":"The Mushroom Lair","floor":7,"turns":3},{"damage":10,"enemies":"Blue Slaver","floor":10,"turns":4},{"damage":35,"enemies":"Hexaghost","floor":16,"turns":9}],"seed_played":"-4610145830790087859","potions_obtained":[{"floor":4,"key":"AttackPotion"},{"floor":7,"key":"GamblersBrew"}],"is_trial":false,"path_per_floor":["M","M","$","M","?","R","?","$","T","M","R","?","R","$","R","B"],"character_chosen":"DEFECT","items_purchased":["Sweeping Beam","Self Repair"],"campfire_rested":0,"item_purchase_floors":[3,3],"current_hp_per_floor":[63,57,57,48,31,31,36,36,36,33,33,33,33,33,33,0],"gold":16,"neow_bonus":"RANDOM_COLORLESS","is_prod":false,"is_daily":false,"chose_seed":false,"campfire_upgraded":2,"win_rate":0,"timestamp":1558991154,"path_taken":["M","M","$","?","?","R","?","$","T","M","R","?","R","?","R","BOSS"],"build_version":"2019-01-23","purchased_purges":1,"victory":false,"max_hp_per_floor":[71,71,71,71,71,71,71,71,71,71,71,71,71,71,71,71],"card_choices":[{"not_picked":["Hologram","Steam"],"picked":"Coolheaded","floor":1},{"not_picked":["Sweeping Beam","Streamline"],"picked":"Cold Snap","floor":2},{"not_picked":["Reprogram","Stack"],"picked":"Sunder","floor":4},{"not_picked":["Loop","Beam Cell"],"picked":"Gash","floor":7},{"not_picked":["Compile Driver","Leap","Aggregate"],"picked":"SKIP","floor":10}],"player_experience":444747,"relics_obtained":[{"floor":7,"key":"Odd Mushroom"},{"floor":9,"key":"Shovel"},{"floor":11,"key":"Darkstone Periapt"},{"floor":15,"key":"Dodecahedron"}],"event_choices":[{"damage_healed":0,"gold_gain":0,"player_choice":"Take Damage","damage_taken":17,"relics_obtained":["Golden Idol"],"max_hp_gain":0,"max_hp_loss":0,"event_name":"Golden Idol","floor":5,"gold_loss":0},{"damage_healed":0,"gold_gain":0,"player_choice":"Fought Mushrooms","damage_taken":0,"max_hp_gain":0,"max_hp_loss":0,"event_name":"Mushrooms","floor":7,"gold_loss":0},{"cards_removed":["Dualcast"],"damage_healed":0,"gold_gain":0,"player_choice":"Forget","damage_taken":0,"max_hp_gain":0,"max_hp_loss":0,"event_name":"Living Wall","floor":12,"gold_loss":0}],"is_beta":false,"boss_relics":[],"items_purged_floors":[8],"is_endless":false,"potions_floor_spawned":[4,7],"killed_by":"Hexaghost","ascension_level":14}