{"gold_per_floor":[119,294,305,305,382,382,396,412,436,0,0,0,0,20,20,116,116,130,54,54,54,54,54,65,65,65,65,82,82],"floor_reached":29,"playtime":2204,"items_purged":["Doubt"],"score":211,"play_id":"1ce862f6-c663-42e3-9a25-fbea42fb3184","local_time":"20190625141751","is_ascension_mode":false,"campfire_choices":[{"data":"Strike_R","floor":6,"key":"SMITH"},{"data":"Flex","floor":12,"key":"SMITH"},{"floor":15,"key":"REST"},{"data":"Bandage Up","floor":23,"key":"SMITH"},{"data":"Armaments","floor":25,"key":"SMITH"}],"neow_cost":"NONE","seed_source_timestamp":1452591357130981,"circlet_count":0,"master_deck":["Strike_R","Strike_R","Strike_R+1","Strike_R","Strike_R","Defend_R","Defend_R","Defend_R","Defend_R","Bash","Shrug It Off","Armaments","Clash","Flex+1","Bandage Up+1","Iron Wave","Armaments+1","Impervious","Warcry+1","Armaments","Normality","Searing Blow","Infernal Blade"],"relics":["Burning Blood","Bag of Marbles","Bronze Scales","Pen Nib","Paper Frog","Cursed Key","Nloth\u0027s Gift","Frozen Egg 2"],"potions_floor_usage":[18,28,28,29],"damage_taken":[{"damage":10,"enemies":"Jaw Worm","floor":1,"turns":4},{"damage":0,"enemies":"2 Louse","floor":3,"turns":5},{"damage":6,"enemies":"Cultist","floor":7,"turns":4},{"damage":15,"enemies":"Exordium Thugs","floor":8,"turns":6},{"damage":6,"enemies":"Large Slime","floor":14,"turns":4},{"damage":32,"enemies":"The Guardian","floor":16,"turns":7},{"damage":15,"enemies":"2 Thieves","floor":18,"turns":4},{"damage":8,"enemies":"3 Byrds","floor":24,"turns":4},{"damage":50,"enemies":"Cultist and Chosen","floor":28,"turns":10},{"damage":65,"enemies":"Gremlin Leader","floor":29,"turns":9}],"seed_played":"-7567735272469519280","potions_obtained":[{"floor":8,"key":"Weak Potion"},{"floor":14,"key":"Explosive Potion"},{"floor":24,"key":"Regen Potion"}],"is_trial":false,"path_per_floor":["M","?","M","?","T","R","M","M","T","$","$","R","?","M","R","B",null,"M","$","?","$","?","R","M","R","T","?","M","E"],"character_chosen":"IRONCLAD","items_purchased":["Bandage Up","Iron Wave","Pen Nib","LiquidBronze","BloodPotion"],"campfire_rested":1,"item_purchase_floors":[10,10,10,10,19],"current_hp_per_floor":[84,84,88,70,70,70,70,61,61,61,61,61,61,65,88,62,88,83,83,83,83,83,83,86,86,86,86,52,0],"gold":82,"neow_bonus":"TEN_PERCENT_HP_BONUS","is_prod":false,"is_daily":false,"chose_seed":false,"campfire_upgraded":4,"win_rate":0,"timestamp":1561486671,"path_taken":["M","?","M","?","?","R","M","M","T","?","$","R","?","M","R","BOSS","M","$","?","?","?","R","?","R","T","?","?","E"],"build_version":"2019-01-23","purchased_purges":1,"victory":false,"max_hp_per_floor":[88,88,88,88,88,88,88,88,88,88,88,88,88,88,88,88,88,88,88,88,88,88,88,88,88,88,88,88,88],"card_choices":[{"not_picked":["Havoc","Inflame"],"picked":"Shrug It Off","floor":1},{"not_picked":["Carnage","Flame Barrier"],"picked":"Armaments","floor":3},{"not_picked":["Bloodletting","Whirlwind"],"picked":"Clash","floor":7},{"not_picked":["Iron Wave","Pommel Strike"],"picked":"Flex","floor":8},{"not_picked":["Bloodletting","Fire Breathing"],"picked":"Armaments","floor":14},{"not_picked":["Limit Break","Brutality"],"picked":"Impervious","floor":16},{"not_picked":["Body Slam","Shockwave+1"],"picked":"Warcry+1","floor":18},{"not_picked":["Warcry","Berserk"],"picked":"Armaments","floor":24},{"not_picked":["Shrug It Off","Clash"],"picked":"Infernal Blade","floor":28}],"player_experience":1225755,"relics_obtained":[{"floor":5,"key":"Bottled Flame"},{"floor":9,"key":"Bronze Scales"},{"floor":26,"key":"Frozen Egg 2"}],"event_choices":[{"damage_healed":0,"gold_gain":175,"player_choice":"AGREE","damage_taken":0,"max_hp_gain":0,"max_hp_loss":0,"event_name":"Liars Game","floor":2,"gold_loss":0,"cards_obtained":["Doubt"]},{"damage_healed":0,"gold_gain":0,"player_choice":"Success","damage_taken":18,"relics_obtained":["Bag of Marbles"],"max_hp_gain":0,"max_hp_loss":0,"event_name":"Scrap Ooze","floor":4,"gold_loss":0},{"damage_healed":0,"gold_gain":0,"player_choice":"Gave Potion","damage_taken":0,"relics_obtained":["Paper Frog"],"max_hp_gain":0,"max_hp_loss":0,"event_name":"WeMeetAgain","floor":13,"gold_loss":0},{"damage_healed":0,"gold_gain":0,"player_choice":"Traded Relic","damage_taken":0,"relics_obtained":["Nloth\u0027s Gift"],"max_hp_gain":0,"max_hp_loss":0,"event_name":"N\u0027loth","floor":20,"relics_lost":["Bottled Flame"],"gold_loss":0},{"damage_healed":0,"gold_gain":0,"player_choice":"Ignored","damage_taken":0,"max_hp_gain":0,"max_hp_loss":0,"event_name":"Ghosts","floor":22,"gold_loss":0},{"damage_healed":0,"gold_gain":0,"player_choice":"1 cards matched","damage_taken":0,"max_hp_gain":0,"max_hp_loss":0,"event_name":"Match and Keep!","floor":27,"gold_loss":0,"cards_obtained":["Searing Blow"]}],"is_beta":false,"boss_relics":[{"not_picked":["White Beast Statue","Ectoplasm"],"picked":"Cursed Key"}],"items_purged_floors":[10],"is_endless":false,"potions_floor_spawned":[8,14,24],"killed_by":"Gremlin Leader","ascension_level":0}