{"gold_per_floor":[114,125,138,154,154,154,186,186,213,247,247,263,280,293,293,364,364,376,162,173,173,173,173],"floor_reached":23,"playtime":1423,"items_purged":["Strike_B"],"score":396,"play_id":"1fe67e84-0549-4967-a8f1-9d1a9f50b2a8","local_time":"20190801225330","is_ascension_mode":true,"campfire_choices":[{"data":"Zap","floor":6.0,"key":"SMITH"},{"floor":8.0,"key":"REST"},{"data":"Streamline","floor":15.0,"key":"SMITH"}],"neow_cost":"NONE","seed_source_timestamp":0,"circlet_count":0,"master_deck":["AscendersBane","Strike_B","Defend_B+1","Defend_B","Defend_B","Defend_B","Zap+1","Dualcast+1","Cold Snap","Streamline+1","Rebound","Compile Driver","Sweeping Beam","Cold Snap","Steam","Gash","Ball Lightning","Echo Form","Coolheaded","Defragment","Undo","Capacitor"],"special_seed":0,"relics":["Cracked Core","Smiling Mask","PreservedInsect","War Paint","Inserter"],"potions_floor_usage":[20,20,23],"damage_taken":[{"damage":0.0,"enemies":"Cultist","floor":1.0,"turns":4.0},{"damage":8.0,"enemies":"2 Louse","floor":2.0,"turns":2.0},{"damage":10.0,"enemies":"Jaw Worm","floor":3.0,"turns":3.0},{"damage":11.0,"enemies":"Red Slaver","floor":4.0,"turns":3.0},{"damage":4.0,"enemies":"3 Sentries","floor":7.0,"turns":7.0},{"damage":2.0,"enemies":"Gremlin Nob","floor":10.0,"turns":3.0},{"damage":4.0,"enemies":"Looter","floor":12.0,"turns":2.0},{"damage":1.0,"enemies":"Blue Slaver","floor":13.0,"turns":3.0},{"damage":0.0,"enemies":"2 Fungi Beasts","floor":14.0,"turns":2.0},{"damage":36.0,"enemies":"The Guardian","floor":16.0,"turns":13.0},{"damage":14,"enemies":"Chosen","floor":18,"turns":6},{"damage":43,"enemies":"3 Byrds","floor":20,"turns":5},{"damage":19,"enemies":"Book of Stabbing","floor":23,"turns":2}],"seed_played":"7253948158139566921","potions_obtained":[{"floor":1.0,"key":"Fire Potion"},{"floor":4.0,"key":"Explosive Potion"},{"floor":7.0,"key":"Dexterity Potion"},{"floor":14.0,"key":"Weak Potion"},{"floor":16.0,"key":"Regen Potion"},{"floor":18,"key":"Weak Potion"},{"floor":20,"key":"Regen Potion"}],"is_trial":false,"path_per_floor":["M","M","M","M","?","R","E","R","T","E","?","M","M","M","R","B",null,"M","$","M","?","?","E"],"character_chosen":"DEFECT","items_purchased":["Defragment","Undo"],"campfire_rested":1,"item_purchase_floors":[19,19],"current_hp_per_floor":[64,56,46,35,28,28,24,45,45,43,43,39,38,38,38,2,54,40,40,9,9,9,0],"gold":173,"neow_bonus":"THREE_CARDS","is_prod":false,"is_daily":false,"chose_seed":false,"campfire_upgraded":2,"win_rate":0,"timestamp":1564725210,"path_taken":["M","M","M","?","?","R","E","R","T","E","?","?","M","M","R","BOSS","M","$","M","?","?","E"],"build_version":"2019-07-17","purchased_purges":1,"victory":false,"max_hp_per_floor":[71,71,71,71,71,71,71,71,71,71,71,71,71,71,71,71,71,71,71,71,71,71,71],"card_choices":[{"not_picked":["Hologram","Hello World"],"picked":"Cold Snap","floor":0.0},{"not_picked":["Coolheaded","Hello World"],"picked":"Streamline","floor":1.0},{"not_picked":["Redo","Consume"],"picked":"Rebound","floor":2.0},{"not_picked":["BootSequence","Leap"],"picked":"Compile Driver","floor":3.0},{"not_picked":["Rip and Tear","Leap"],"picked":"Sweeping Beam","floor":4.0},{"not_picked":["Streamline","Coolheaded"],"picked":"Cold Snap","floor":7.0},{"not_picked":["Gash","Barrage"],"picked":"Steam","floor":10.0},{"not_picked":["Cold Snap","Beam Cell"],"picked":"Gash","floor":12.0},{"not_picked":["Recycle","Streamline"],"picked":"Ball Lightning","floor":13.0},{"not_picked":["Redo","Force Field","Sunder"],"picked":"SKIP","floor":14.0},{"not_picked":["Creative AI","Reboot"],"picked":"Echo Form","floor":16.0},{"not_picked":["Stack","Cold Snap+1"],"picked":"Coolheaded","floor":18},{"not_picked":["Tempest","Stack"],"picked":"Capacitor","floor":20}],"player_experience":597814,"relics_obtained":[{"floor":7.0,"key":"Smiling Mask"},{"floor":9.0,"key":"PreservedInsect"},{"floor":10.0,"key":"War Paint"}],"event_choices":[{"cards_removed":["Strike_B"],"damage_healed":0.0,"max_hp_gain":0.0,"max_hp_loss":0.0,"gold_gain":0.0,"event_name":"Golden Wing","player_choice":"Card Removal","floor":5.0,"gold_loss":0.0,"damage_taken":7.0},{"damage_healed":0.0,"max_hp_gain":0.0,"max_hp_loss":0.0,"gold_gain":0.0,"event_name":"Match and Keep!","player_choice":"0 cards matched","floor":11.0,"gold_loss":0.0,"damage_taken":0.0,"cards_obtained":[]},{"cards_removed":["Strike_B"],"damage_healed":0,"gold_gain":0,"player_choice":"Elegance","damage_taken":0,"max_hp_gain":0,"max_hp_loss":0,"event_name":"Back to Basics","floor":21,"gold_loss":0},{"damage_healed":0,"gold_gain":0,"player_choice":"Ignored","damage_taken":0,"max_hp_gain":0,"max_hp_loss":0,"event_name":"The Mausoleum","floor":22,"gold_loss":0}],"is_beta":false,"boss_relics":[{"not_picked":["Eternal Feather","Coffee Dripper"],"picked":"Inserter"}],"items_purged_floors":[19],"is_endless":false,"potions_floor_spawned":[1,4,7,14,16,18,20],"killed_by":"Book of Stabbing","ascension_level":19}