{"gold_per_floor":[116,116,131,156,106,146,146,160,160,160,179,179,204,223,223,353,353,371,123,147,147,165,165,183,199,226,249,263,297,340,340,340,461,461,485,154,178,203,203,203,203],"floor_reached":41,"playtime":2132,"items_purged":["Strike_R","Perfected Strike"],"score":555,"play_id":"e6cb06fd-a451-4a4b-9e1a-c42c75ccde0c","local_time":"20190412155120","is_ascension_mode":true,"campfire_choices":[{"data":"Inflame","floor":7,"key":"SMITH"},{"data":"Uppercut","floor":12,"key":"SMITH"},{"data":"Shrug It Off","floor":15,"key":"SMITH"},{"data":"Flame Barrier","floor":23,"key":"SMITH"},{"data":"Immolate","floor":32,"key":"SMITH"},{"data":"Shrug It Off","floor":40,"key":"SMITH"}],"neow_cost":"NONE","seed_source_timestamp":8134114795800,"circlet_count":0,"master_deck":["Bash","Evolve","Inflame+1","Shrug It Off+1","Reaper","Wild Strike","Uppercut+1","Power Through","Cleave","Immolate+1","Spot Weakness+1","Flex","Carnage","Flame Barrier+1","Shrug It Off+1","Shrug It Off+1","Sword Boomerang","Rampage+1","Carnage","Impervious","Double Tap","Impervious","Sever Soul","Offering","Anger","Headbutt","Disarm","Ghostly Armor+1","Metallicize","Twin Strike+1","Pommel Strike+1"],"relics":["Burning Blood","War Paint","Golden Idol","Nunchaku","Calipers","Sozu","Bag of Preparation","Unceasing Top","Red Mask","Nloth\u0027s Gift","Pandora\u0027s Box","Bag of Marbles"],"potions_floor_usage":[14,24,25],"damage_taken":[{"damage":6,"enemies":"Small Slimes","floor":1,"turns":4},{"damage":4,"enemies":"Jaw Worm","floor":3,"turns":3},{"damage":3,"enemies":"2 Louse","floor":4,"turns":3},{"damage":32,"enemies":"Gremlin Nob","floor":6,"turns":4},{"damage":13,"enemies":"Exordium Wildlife","floor":8,"turns":5},{"damage":2,"enemies":"2 Fungi Beasts","floor":11,"turns":3},{"damage":0,"enemies":"Large Slime","floor":13,"turns":6},{"damage":7,"enemies":"Gremlin Gang","floor":14,"turns":3},{"damage":36,"enemies":"The Guardian","floor":16,"turns":12},{"damage":15,"enemies":"Shell Parasite","floor":18,"turns":5},{"damage":11,"enemies":"Spheric Guardian","floor":20,"turns":4},{"damage":16,"enemies":"Centurion and Healer","floor":22,"turns":4},{"damage":25,"enemies":"Shelled Parasite and Fungi","floor":24,"turns":5},{"damage":19,"enemies":"Sentry and Sphere","floor":25,"turns":5},{"damage":9,"enemies":"Snake Plant","floor":27,"turns":3},{"damage":7,"enemies":"Snecko","floor":28,"turns":3},{"damage":0,"enemies":"Gremlin Leader","floor":29,"turns":6},{"damage":0,"enemies":"Masked Bandits","floor":30,"turns":3},{"damage":43,"enemies":"Champ","floor":33,"turns":14},{"damage":0,"enemies":"Orb Walker","floor":35,"turns":3},{"damage":0,"enemies":"3 Shapes","floor":37,"turns":2},{"damage":29,"enemies":"Transient","floor":38,"turns":5},{"damage":78,"enemies":"Giant Head","floor":41,"turns":7}],"seed_played":"-6195412598769623909","potions_obtained":[{"floor":1,"key":"Energy Potion"},{"floor":8,"key":"BloodPotion"},{"floor":11,"key":"Explosive Potion"}],"is_trial":false,"path_per_floor":["M","?","M","M","?","E","R","M","T","?","M","R","M","M","R","B",null,"M","$","M","?","M","R","M","M","T","M","M","E","?","?","R","B",null,"M","$","M","M","?","R","E"],"character_chosen":"IRONCLAD","items_purchased":["Flex","Bronze Scales","Bag of Marbles","Metallicize"],"campfire_rested":0,"item_purchase_floors":[19,19,36,36],"current_hp_per_floor":[80,60,62,65,65,39,39,40,40,40,60,60,76,80,80,60,75,69,69,64,64,65,65,54,47,47,44,50,68,79,79,79,58,75,80,80,80,57,57,57,0],"gold":203,"neow_bonus":"RANDOM_COMMON_RELIC","is_prod":false,"is_daily":false,"chose_seed":false,"campfire_upgraded":6,"win_rate":0,"timestamp":1555098680,"path_taken":["M","?","M","M","?","E","R","M","T","?","M","R","M","M","R","BOSS","M","$","M","?","M","R","M","M","T","M","M","E","?","?","R","BOSS","M","$","M","?","?","R","E"],"build_version":"2019-01-23","purchased_purges":2,"victory":false,"max_hp_per_floor":[80,80,80,80,80,80,80,80,80,80,80,80,80,80,80,80,80,80,80,80,80,80,80,80,80,80,80,80,80,80,80,80,80,80,80,80,80,80,80,80,80],"card_choices":[{"not_picked":["Thunderclap","Perfected Strike"],"picked":"Evolve","floor":1},{"not_picked":["Ghostly Armor","Body Slam"],"picked":"Inflame","floor":3},{"not_picked":["Pommel Strike","Clothesline"],"picked":"Shrug It Off","floor":4},{"not_picked":["Feel No Pain","True Grit"],"picked":"Reaper","floor":6},{"not_picked":["Clash","Headbutt"],"picked":"Wild Strike","floor":8},{"not_picked":["Iron Wave","Twin Strike"],"picked":"Uppercut","floor":11},{"not_picked":["Dual Wield","Anger"],"picked":"Power Through","floor":13},{"not_picked":["Anger","True Grit"],"picked":"Cleave","floor":14},{"not_picked":["Dark Embrace","Double Tap"],"picked":"Immolate","floor":16},{"not_picked":["Flex","Battle Trance"],"picked":"Spot Weakness+1","floor":18},{"not_picked":["Clash","Spot Weakness+1"],"picked":"Carnage","floor":20},{"not_picked":["Sever Soul","Infernal Blade"],"picked":"Shrug It Off+1","floor":22},{"not_picked":["Entrench","Wild Strike","Infernal Blade"],"picked":"SKIP","floor":24},{"not_picked":["Brutality","Cleave+1"],"picked":"Shrug It Off","floor":25},{"not_picked":["Reckless Charge","Perfected Strike"],"picked":"Sword Boomerang","floor":27},{"not_picked":["Carnage+1","Sentinel"],"picked":"Rampage+1","floor":28},{"not_picked":["Sever Soul","Combust"],"picked":"Carnage","floor":29},{"not_picked":["Havoc","Perfected Strike"],"picked":"Impervious","floor":30},{"not_picked":["Feed","Juggernaut"],"picked":"Double Tap","floor":33},{"not_picked":["Perfected Strike","Anger+1"],"picked":"Ghostly Armor+1","floor":35},{"not_picked":["Double Tap","Seeing Red+1"],"picked":"Twin Strike+1","floor":37},{"not_picked":["Sword Boomerang","Infernal Blade"],"picked":"Pommel Strike","floor":38}],"player_experience":115536,"relics_obtained":[{"floor":6,"key":"Nunchaku"},{"floor":9,"key":"Calipers"},{"floor":26,"key":"Bag of Preparation"},{"floor":29,"key":"Unceasing Top"},{"floor":30,"key":"Red Mask"}],"event_choices":[{"damage_healed":0,"gold_gain":0,"player_choice":"Take Damage","damage_taken":20,"relics_obtained":["Golden Idol"],"max_hp_gain":0,"max_hp_loss":0,"event_name":"Golden Idol","floor":2,"gold_loss":0},{"cards_removed":["Strike_R"],"damage_healed":0,"gold_gain":0,"player_choice":"Card Removal","damage_taken":0,"max_hp_gain":0,"max_hp_loss":0,"event_name":"The Cleric","floor":5,"gold_loss":50},{"damage_healed":0,"gold_gain":0,"player_choice":"Ignored","damage_taken":0,"max_hp_gain":0,"max_hp_loss":0,"event_name":"Liars Game","floor":10,"gold_loss":0},{"damage_healed":0,"gold_gain":0,"player_choice":"Read","damage_taken":0,"max_hp_gain":0,"max_hp_loss":0,"event_name":"The Library","floor":21,"gold_loss":0,"cards_obtained":["Flame Barrier"]},{"damage_healed":0,"gold_gain":0,"player_choice":"Fought Bandits","damage_taken":0,"max_hp_gain":0,"max_hp_loss":0,"event_name":"Masked Bandits","floor":30,"gold_loss":0},{"damage_healed":0,"gold_gain":0,"player_choice":"Traded Relic","damage_taken":0,"relics_obtained":["Nloth\u0027s Gift"],"max_hp_gain":0,"max_hp_loss":0,"event_name":"N\u0027loth","floor":31,"relics_lost":["Bronze Scales"],"gold_loss":0},{"damage_healed":0,"gold_gain":0,"player_choice":"Forge","damage_taken":0,"max_hp_gain":0,"max_hp_loss":0,"event_name":"Accursed Blacksmith","floor":39,"gold_loss":0,"cards_upgraded":["Pommel Strike"]}],"is_beta":false,"boss_relics":[{"not_picked":["Velvet Choker","White Beast Statue"],"picked":"Sozu"},{"not_picked":["Eternal Feather","Runic Dome"],"picked":"Pandora\u0027s Box"}],"items_purged_floors":[19,36],"is_endless":false,"potions_floor_spawned":[1,8,11,20,22,27,30,35],"killed_by":"Giant Head","ascension_level":5}