{"gold_per_floor":[119,135,152,175,250,250,7,7,7,38,15,34,34,57,57,161,161,178,178,178,160,170,170,188,188,188,216,216,226,44,54,54,150,150,169,185,57,0,18,18,18,32,32,45,45,45],"floor_reached":46,"playtime":2192,"items_purged":[],"score":531,"play_id":"39e496c8-fbc4-4d52-a291-b3efe4ab7547","local_time":"20190407022013","is_ascension_mode":true,"campfire_choices":[{"data":"Loop","floor":6,"key":"SMITH"},{"data":"Zap","floor":8,"key":"SMITH"},{"data":"Hologram","floor":13,"key":"SMITH"},{"data":"Dualcast","floor":15,"key":"SMITH"},{"floor":23,"key":"REST"},{"floor":25,"key":"REST"},{"floor":28,"key":"REST"},{"floor":32,"key":"REST"},{"floor":40,"key":"REST"}],"neow_cost":"NONE","seed_source_timestamp":106791403600,"circlet_count":0,"master_deck":["Strike_B+1","Strike_B+1","Defend_B+1","Defend_B+1","Defend_B+1","Defend_B+1","Zap+1","Dualcast+1","Compile Driver","Loop+1","Rebound","Stack","Electrodynamics","Ball Lightning","Coolheaded","Force Field","Hologram+1","Leap","Ball Lightning","Sweeping Beam","Sweeping Beam","Genetic Algorithm+1","Tempest+1","Defragment+1","Defragment+1","FTL","White Noise","Rebound","Fusion+1","Heatsinks+1","Stack+1","Skim+1","Go for the Eyes+1","Conserve Battery","Steam","Double Energy+1","Discovery","Beam Cell+1","Go for the Eyes"],"relics":["Cracked Core","Boot","Sundial","Pear","DataDisk","Fusion Hammer","Frozen Egg 2","Turnip","Darkstone Periapt","Astrolabe","Red Mask","Du-Vu Doll"],"potions_floor_usage":[16,27,33,33,39],"damage_taken":[{"damage":1,"enemies":"Cultist","floor":1,"turns":3},{"damage":4,"enemies":"Jaw Worm","floor":2,"turns":4},{"damage":0,"enemies":"Small Slimes","floor":3,"turns":2},{"damage":25,"enemies":"3 Sentries","floor":10,"turns":4},{"damage":0,"enemies":"Exordium Wildlife","floor":12,"turns":2},{"damage":12,"enemies":"The Guardian","floor":16,"turns":8},{"damage":8,"enemies":"Shell Parasite","floor":18,"turns":5},{"damage":11,"enemies":"2 Thieves","floor":21,"turns":4},{"damage":25,"enemies":"Snecko","floor":22,"turns":5},{"damage":0,"enemies":"3 Cultists","floor":24,"turns":3},{"damage":31,"enemies":"Slavers","floor":27,"turns":4},{"damage":19,"enemies":"Shelled Parasite and Fungi","floor":29,"turns":5},{"damage":12,"enemies":"Chosen and Byrds","floor":31,"turns":4},{"damage":34,"enemies":"Automaton","floor":33,"turns":8},{"damage":0,"enemies":"Orb Walker","floor":35,"turns":4},{"damage":51,"enemies":"3 Darklings","floor":36,"turns":4},{"damage":7,"enemies":"Jaw Worm Horde","floor":39,"turns":3},{"damage":24,"enemies":"Sphere and 2 Shapes","floor":42,"turns":5},{"damage":30,"enemies":"Writhing Mass","floor":44,"turns":5},{"damage":9,"enemies":"3 Darklings","floor":46,"turns":1}],"seed_played":"3801464664288173191","potions_obtained":[{"floor":2,"key":"PowerPotion"},{"floor":10,"key":"FairyPotion"},{"floor":12,"key":"Block Potion"},{"floor":16,"key":"Dexterity Potion"},{"floor":27,"key":"Energy Potion"},{"floor":35,"key":"Fire Potion"},{"floor":39,"key":"SpeedPotion"},{"floor":44,"key":"Weak Potion"}],"is_trial":false,"path_per_floor":["M","M","M","T","?","R","$","R","T","E","$","M","R","T","R","B",null,"M","?","T","M","M","R","M","R","T","E","R","M","$","M","R","B",null,"M","M","$","?","M","R","?","M","T","M","?","M"],"character_chosen":"DEFECT","items_purchased":["Electrodynamics","Ball Lightning","Coolheaded","Hologram","Defragment+1","FTL","White Noise","Conserve Battery","Steam","Go for the Eyes"],"campfire_rested":5,"item_purchase_floors":[7,7,7,11,30,30,30,37,37,37],"current_hp_per_floor":[74,70,70,70,59,59,59,59,59,44,44,44,44,44,44,32,85,77,77,77,66,41,66,66,85,85,54,79,60,60,48,73,39,85,85,34,34,34,27,52,52,28,28,8,8,0],"gold":45,"neow_bonus":"THREE_CARDS","is_prod":false,"is_daily":false,"chose_seed":false,"campfire_upgraded":4,"win_rate":0,"timestamp":1554618013,"path_taken":["M","M","M","?","?","R","$","R","T","E","$","M","R","?","R","BOSS","M","?","?","M","M","R","?","R","T","E","R","M","?","M","R","BOSS","M","M","$","?","M","R","?","M","T","M","?","M"],"build_version":"2019-01-23","purchased_purges":0,"victory":false,"max_hp_per_floor":[75,75,75,75,75,75,75,75,75,85,85,85,85,85,85,85,85,85,85,85,85,85,85,85,85,85,85,85,85,85,85,85,85,85,85,85,85,85,85,85,85,85,85,85,85,85],"card_choices":[{"not_picked":["Storm","Go for the Eyes"],"picked":"Compile Driver","floor":0},{"not_picked":["Barrage","Storm"],"picked":"Loop","floor":1},{"not_picked":["Melter","Darkness"],"picked":"Rebound","floor":2},{"not_picked":["Ball Lightning","BootSequence"],"picked":"Stack","floor":3},{"not_picked":["Blizzard","Consume"],"picked":"Force Field","floor":10},{"not_picked":["Cold Snap","Scrape"],"picked":"Leap","floor":12},{"not_picked":["Fission","Meteor Strike"],"picked":"All For One","floor":16},{"not_picked":["Steam","Hologram"],"picked":"Ball Lightning","floor":18},{"not_picked":["Auto Shields","Steam"],"picked":"Sweeping Beam","floor":21},{"not_picked":["Barrage","Reprogram"],"picked":"Sweeping Beam","floor":22},{"not_picked":["Electrodynamics+1","Coolheaded"],"picked":"Genetic Algorithm+1","floor":24},{"not_picked":["Compile Driver","Amplify"],"picked":"Tempest+1","floor":27},{"not_picked":["Coolheaded","Rebound"],"picked":"Defragment+1","floor":29},{"not_picked":["Blizzard","Barrage"],"picked":"Rebound","floor":31},{"not_picked":["Ball Lightning","Turbo+1"],"picked":"Skim+1","floor":35},{"not_picked":["Capacitor+1","Ball Lightning"],"picked":"Go for the Eyes+1","floor":36},{"not_picked":["Streamline","Aggregate"],"picked":"Double Energy+1","floor":39},{"not_picked":["Master of Strategy","Panacea"],"picked":"Discovery","floor":41},{"not_picked":["Conserve Battery+1","Lockon+1"],"picked":"Beam Cell+1","floor":42},{"not_picked":["Hologram","Lockon+1"],"picked":"Go for the Eyes","floor":44}],"player_experience":89967,"relics_obtained":[{"floor":4,"key":"Boot"},{"floor":9,"key":"Sundial"},{"floor":10,"key":"Pear"},{"floor":14,"key":"DataDisk"},{"floor":20,"key":"Frozen Egg 2"},{"floor":26,"key":"Turnip"},{"floor":27,"key":"Darkstone Periapt"},{"floor":43,"key":"Du-Vu Doll"}],"event_choices":[{"damage_healed":0,"gold_gain":75,"player_choice":"Gather Gold","damage_taken":11,"max_hp_gain":0,"max_hp_loss":0,"event_name":"World of Goop","floor":5,"gold_loss":0},{"damage_healed":0,"gold_gain":0,"player_choice":"Simplicity","damage_taken":0,"max_hp_gain":0,"max_hp_loss":0,"event_name":"Back to Basics","floor":19,"gold_loss":0,"cards_upgraded":["Strike_B","Strike_B","Strike_B","Strike_B","Defend_B","Defend_B","Defend_B","Defend_B"]},{"damage_healed":0,"gold_gain":0,"player_choice":"Paid","damage_taken":0,"relics_obtained":["Red Mask"],"max_hp_gain":0,"max_hp_loss":0,"event_name":"Tomb of Lord Red Mask","floor":38,"gold_loss":57},{"damage_healed":0,"gold_gain":0,"player_choice":"Memory 1","damage_taken":0,"max_hp_gain":0,"max_hp_loss":0,"event_name":"SensoryStone","floor":41,"gold_loss":0},{"cards_removed":["Go for the Eyes"],"damage_healed":0,"gold_gain":0,"player_choice":"Removed Attack","damage_taken":0,"max_hp_gain":0,"max_hp_loss":0,"event_name":"Falling","floor":45,"gold_loss":0}],"is_beta":false,"boss_relics":[{"not_picked":["FrozenCore","White Beast Statue"],"picked":"Fusion Hammer"},{"not_picked":["Eternal Feather","Velvet Choker"],"picked":"Astrolabe"}],"items_purged_floors":[],"is_endless":false,"potions_floor_spawned":[2,10,12,16,18,21,27,35,39,44],"killed_by":"3 Darklings","ascension_level":3}