{"gold_per_floor":[118,132,132,61,79,79,106,106,175,204,204,204,221,43,43,141,141,161,161,174,185,185,185,216,227,253,253,267,286,286,298,298,398,398,412,171,186,55,55],"floor_reached":39,"playtime":1854,"items_purged":["Strike_R","Defend_R"],"score":493,"play_id":"49647d09-8cd0-4d4b-bb1d-22b4b166af91","local_time":"20190408191918","is_ascension_mode":true,"campfire_choices":[{"data":"Bash","floor":6,"key":"SMITH"},{"data":"Armaments","floor":8,"key":"SMITH"},{"data":"Seeing Red","floor":11,"key":"SMITH"},{"data":"Flame Barrier","floor":15,"key":"SMITH"},{"data":"Fiend Fire","floor":23,"key":"SMITH"},{"floor":27,"key":"REST"},{"data":"Madness","floor":30,"key":"SMITH"},{"floor":32,"key":"REST"}],"neow_cost":"NONE","seed_source_timestamp":12468514708000,"circlet_count":0,"master_deck":["Strike_R","Strike_R+1","Strike_R","Strike_R","Defend_R+1","Defend_R","Defend_R","Bash+1","Flame Barrier+1","Pummel","Armaments+1","Inflame","Shrug It Off","Headbutt","Seeing Red+1","Twin Strike","Flex","Blood for Blood","Fiend Fire+1","Perfected Strike+1","Impervious","Madness+1","Carnage","Perfected Strike+1","Iron Wave","Heavy Blade+1","Clothesline","Ghostly Armor+1","Demon Form","Cleave","Power Through+1","Dropkick","Perfected Strike"],"relics":["Burning Blood","Regal Pillow","Singing Bowl","Red Skull","Lizard Tail","Toxic Egg 2","Ancient Tea Set","Fusion Hammer","Bag of Marbles"],"potions_floor_usage":[7,10,16,29,33,33,33],"damage_taken":[{"damage":0,"enemies":"2 Louse","floor":1,"turns":3},{"damage":0,"enemies":"Small Slimes","floor":2,"turns":3},{"damage":6,"enemies":"Cultist","floor":5,"turns":3},{"damage":22,"enemies":"3 Sentries","floor":7,"turns":11},{"damage":8,"enemies":"Lagavulin","floor":10,"turns":6},{"damage":32,"enemies":"Exordium Thugs","floor":13,"turns":5},{"damage":15,"enemies":"Slime Boss","floor":16,"turns":7},{"damage":44,"enemies":"Shell Parasite","floor":18,"turns":5},{"damage":20,"enemies":"3 Byrds","floor":20,"turns":5},{"damage":0,"enemies":"Snecko","floor":21,"turns":2},{"damage":58,"enemies":"Slavers","floor":24,"turns":6},{"damage":33,"enemies":"Cultist and Chosen","floor":25,"turns":6},{"damage":13,"enemies":"Snake Plant","floor":28,"turns":3},{"damage":0,"enemies":"Snecko","floor":29,"turns":2},{"damage":30,"enemies":"Shelled Parasite and Fungi","floor":31,"turns":4},{"damage":73,"enemies":"Collector","floor":33,"turns":8},{"damage":11,"enemies":"Orb Walker","floor":35,"turns":4},{"damage":49,"enemies":"3 Darklings","floor":37,"turns":7},{"damage":46,"enemies":"Jaw Worm Horde","floor":39,"turns":3}],"seed_played":"4176149197107317873","potions_obtained":[{"floor":1,"key":"Explosive Potion"},{"floor":2,"key":"Regen Potion"},{"floor":5,"key":"Block Potion"},{"floor":24,"key":"FearPotion"},{"floor":25,"key":"AttackPotion"},{"floor":29,"key":"Ancient Potion"},{"floor":31,"key":"Energy Potion"}],"is_trial":false,"path_per_floor":["M","M","?","$","M","R","E","R","T","E","R","?","M","$","R","B",null,"M","?","M","M","?","R","E","M","T","R","M","M","R","M","R","B",null,"M","$","M","?","M"],"character_chosen":"IRONCLAD","items_purchased":["Inflame","Flex","Blood for Blood","Power Through+1","Dropkick"],"campfire_rested":2,"item_purchase_floors":[4,14,14,36,36],"current_hp_per_floor":[80,80,64,64,64,64,63,63,63,61,61,66,40,40,40,31,85,47,47,33,39,85,85,35,10,10,51,44,50,50,26,67,50,89,84,84,41,41,0],"gold":55,"neow_bonus":"THREE_CARDS","is_prod":false,"is_daily":false,"chose_seed":false,"campfire_upgraded":6,"win_rate":0,"timestamp":1554765558,"path_taken":["M","M","?","$","M","R","E","R","T","E","R","?","M","$","R","BOSS","M","?","?","M","?","R","E","M","T","R","M","?","R","?","R","BOSS","M","$","M","?","?"],"build_version":"2019-01-23","purchased_purges":2,"victory":false,"max_hp_per_floor":[80,80,80,80,80,80,80,80,80,80,80,85,85,85,85,85,85,85,85,85,85,85,85,87,89,89,89,89,89,89,89,89,89,89,89,89,89,89,89],"card_choices":[{"not_picked":["Metallicize","Inflame"],"picked":"Flame Barrier","floor":0},{"not_picked":["Sentinel","True Grit"],"picked":"Pummel","floor":1},{"not_picked":["Body Slam","Sword Boomerang"],"picked":"Armaments","floor":2},{"not_picked":["Fire Breathing","Clash"],"picked":"Shrug It Off","floor":5},{"not_picked":["Sword Boomerang","Clash"],"picked":"Headbutt","floor":7},{"not_picked":["Clash","Armaments"],"picked":"Seeing Red","floor":10},{"not_picked":["Evolve","Sever Soul"],"picked":"Twin Strike","floor":13},{"not_picked":["Dark Embrace","Bludgeon"],"picked":"Fiend Fire","floor":16},{"not_picked":["Sword Boomerang","Body Slam"],"picked":"Perfected Strike+1","floor":18},{"not_picked":["Sword Boomerang+1","True Grit+1"],"picked":"Perfected Strike+1","floor":20},{"not_picked":["Second Wind","Corruption"],"picked":"Iron Wave","floor":21},{"not_picked":["Brutality","Thunderclap","Feel No Pain"],"picked":"Singing Bowl","floor":24},{"not_picked":["Pommel Strike","True Grit+1","Pummel"],"picked":"Singing Bowl","floor":25},{"not_picked":["Headbutt","Inflame"],"picked":"Heavy Blade+1","floor":28},{"not_picked":["Armaments+1","Hemokinesis"],"picked":"Clothesline","floor":29},{"not_picked":["Whirlwind","Sword Boomerang"],"picked":"Ghostly Armor+1","floor":31},{"not_picked":["Offering+1","Reaper"],"picked":"Demon Form","floor":33},{"not_picked":["Burning Pact+1","Wild Strike+1"],"picked":"Cleave","floor":35},{"not_picked":["Twin Strike+1","Intimidate+1"],"picked":"Perfected Strike","floor":37}],"player_experience":95622,"relics_obtained":[{"floor":7,"key":"Regal Pillow"},{"floor":9,"key":"Singing Bowl"},{"floor":10,"key":"Red Skull"},{"floor":24,"key":"Toxic Egg 2"},{"floor":26,"key":"Ancient Tea Set"}],"event_choices":[{"damage_healed":0,"gold_gain":0,"player_choice":"Entered Light","damage_taken":16,"max_hp_gain":0,"max_hp_loss":0,"event_name":"Shining Light","floor":3,"gold_loss":0,"cards_upgraded":["Defend_R","Strike_R"]},{"damage_healed":0,"gold_gain":0,"player_choice":"Donut","damage_taken":0,"max_hp_gain":5,"max_hp_loss":0,"event_name":"Big Fish","floor":12,"gold_loss":0},{"damage_healed":0,"gold_gain":0,"player_choice":"3 cards matched","damage_taken":0,"max_hp_gain":0,"max_hp_loss":0,"event_name":"Match and Keep!","floor":19,"gold_loss":0,"cards_obtained":["Impervious","Madness","Carnage"]},{"damage_healed":46,"gold_gain":0,"player_choice":"Full Heal","damage_taken":0,"max_hp_gain":0,"max_hp_loss":0,"event_name":"Wheel of Change","floor":22,"gold_loss":0},{"damage_healed":0,"gold_gain":0,"player_choice":"Paid Gold","damage_taken":0,"relics_obtained":["Bag of Marbles"],"max_hp_gain":0,"max_hp_loss":0,"event_name":"WeMeetAgain","floor":38,"gold_loss":131}],"is_beta":false,"boss_relics":[{"not_picked":["Snecko Eye","Empty Cage"],"picked":"Lizard Tail"},{"not_picked":["Black Blood","Coffee Dripper"],"picked":"Fusion Hammer"}],"items_purged_floors":[14,36],"is_endless":false,"potions_floor_spawned":[1,2,5,24,25,29,31],"killed_by":"Jaw Worm Horde","ascension_level":4}