{"gold_per_floor":[111,111,111,121,196,196,230,101,101,101,135,151,168,178,178,251,301,320,49,65,65,77,77,77,77,77,90,90],"floor_reached":28,"playtime":776,"items_purged":["Strike_R"],"score":388,"play_id":"7aaf6137-fbd4-49dd-9c80-65d72ae086d8","local_time":"20190531181145","is_ascension_mode":true,"campfire_choices":[{"data":"Bash","floor":6,"key":"SMITH"},{"data":"Armaments","floor":15,"key":"SMITH"},{"data":"Immolate","floor":23,"key":"SMITH"},{"data":"Rampage","floor":25,"key":"SMITH"}],"neow_cost":"NONE","seed_source_timestamp":175643472100,"circlet_count":0,"master_deck":["AscendersBane","Strike_R","Strike_R","Strike_R","Strike_R","Defend_R","Defend_R+1","Defend_R","Defend_R","Bash+1","Headbutt","Shrug It Off+1","Pommel Strike","Carnage+1","True Grit","Pommel Strike","Flex","Armaments+1","Iron Wave","Double Tap","Rampage+1","Cleave","Immolate+1","Iron Wave","Metallicize","Battle Trance","Ghostly Armor","Inflame"],"relics":["Burning Blood","Ancient Tea Set","Pantograph","Bag of Marbles","The Courier","Tiny House","Matryoshka"],"potions_floor_usage":[16,20,20,27],"damage_taken":[{"damage":0,"enemies":"2 Louse","floor":1,"turns":2},{"damage":0,"enemies":"Small Slimes","floor":4,"turns":4},{"damage":25,"enemies":"Gremlin Nob","floor":7,"turns":4},{"damage":18,"enemies":"3 Sentries","floor":11,"turns":9},{"damage":0,"enemies":"Cultist","floor":12,"turns":3},{"damage":6,"enemies":"Blue Slaver","floor":13,"turns":2},{"damage":13,"enemies":"Exordium Wildlife","floor":14,"turns":4},{"damage":16,"enemies":"Hexaghost","floor":16,"turns":8},{"damage":12,"enemies":"Chosen","floor":18,"turns":5},{"damage":27,"enemies":"3 Byrds","floor":20,"turns":6},{"damage":4,"enemies":"Centurion and Healer","floor":22,"turns":7},{"damage":11,"enemies":"Snake Plant","floor":27,"turns":4},{"damage":45,"enemies":"Slavers","floor":28,"turns":3}],"seed_played":"-3208848270058130035","potions_obtained":[{"floor":7,"key":"SkillPotion"},{"floor":12,"key":"PowerPotion"},{"floor":17,"key":"Weak Potion"},{"floor":20,"key":"Block Potion"}],"is_trial":false,"path_per_floor":["M","?","?","M","?","R","E","$","T","T","E","M","M","M","R","B",null,"M","$","M","?","M","R","?","R","T","M","E"],"character_chosen":"IRONCLAD","items_purchased":["Carnage","True Grit","Immolate","Iron Wave","Metallicize"],"campfire_rested":0,"item_purchase_floors":[8,8,19,19,19],"current_hp_per_floor":[74,59,59,65,54,54,35,35,35,35,23,29,29,22,22,37,71,65,65,44,44,46,46,46,46,46,41,0],"gold":90,"neow_bonus":"THREE_CARDS","is_prod":false,"is_daily":false,"chose_seed":false,"campfire_upgraded":4,"win_rate":0,"timestamp":1559340705,"path_taken":["M","?","?","M","?","R","E","$","T","?","E","M","?","M","R","BOSS","M","$","M","?","M","R","?","R","T","M","E"],"build_version":"2019-01-23","purchased_purges":1,"victory":false,"max_hp_per_floor":[75,75,75,75,75,75,75,75,75,75,75,75,75,75,75,75,80,80,80,80,80,80,80,80,80,80,80,80],"card_choices":[{"not_picked":["Flex","Wild Strike"],"picked":"Headbutt","floor":0},{"not_picked":["Shockwave","Flex"],"picked":"Shrug It Off","floor":1},{"not_picked":["Anger","Twin Strike"],"picked":"Pommel Strike","floor":4},{"not_picked":["Feel No Pain","Body Slam","Clash"],"picked":"SKIP","floor":7},{"not_picked":["Thunderclap","Headbutt"],"picked":"Pommel Strike","floor":11},{"not_picked":["Headbutt","Second Wind"],"picked":"Flex","floor":12},{"not_picked":["Anger","Carnage"],"picked":"Armaments","floor":13},{"not_picked":["Thunderclap","Fiend Fire"],"picked":"Iron Wave","floor":14},{"not_picked":["Exhume","Berserk"],"picked":"Double Tap","floor":16},{"not_picked":["Warcry","Headbutt"],"picked":"Rampage","floor":17},{"not_picked":["Disarm","Flex"],"picked":"Cleave","floor":18},{"not_picked":["Thunderclap","Pummel"],"picked":"Battle Trance","floor":20},{"not_picked":["Pommel Strike+1","Cleave","Flex"],"picked":"SKIP","floor":22},{"not_picked":["Disarm","Metallicize"],"picked":"Inflame","floor":27}],"player_experience":369757,"relics_obtained":[{"floor":7,"key":"Ancient Tea Set"},{"floor":9,"key":"Pantograph"},{"floor":10,"key":"Bag of Marbles"},{"floor":11,"key":"The Courier"},{"floor":26,"key":"Matryoshka"}],"event_choices":[{"damage_healed":0,"gold_gain":0,"player_choice":"Entered Light","damage_taken":15,"max_hp_gain":0,"max_hp_loss":0,"event_name":"Shining Light","floor":2,"gold_loss":0,"cards_upgraded":["Shrug It Off","Defend_R"]},{"damage_healed":0,"gold_gain":0,"player_choice":"Ignored","damage_taken":0,"max_hp_gain":0,"max_hp_loss":0,"event_name":"Liars Game","floor":3,"gold_loss":0},{"damage_healed":0,"gold_gain":75,"player_choice":"Gather Gold","damage_taken":11,"max_hp_gain":0,"max_hp_loss":0,"event_name":"World of Goop","floor":5,"gold_loss":0},{"damage_healed":0,"gold_gain":0,"player_choice":"Read","damage_taken":0,"max_hp_gain":0,"max_hp_loss":0,"event_name":"The Library","floor":21,"gold_loss":0,"cards_obtained":["Ghostly Armor"]},{"damage_healed":0,"gold_gain":0,"player_choice":"Ignored","damage_taken":0,"max_hp_gain":0,"max_hp_loss":0,"event_name":"Vampires","floor":24,"gold_loss":0}],"is_beta":false,"boss_relics":[{"not_picked":["Black Star","Calling Bell"],"picked":"Tiny House"}],"items_purged_floors":[19],"is_endless":false,"potions_floor_spawned":[7,12,14,20],"killed_by":"Slavers","ascension_level":14}