{"gold_per_floor":[119,138,17,17,17,17,31,31,108,120,176,193,193,223,223,327,327,342,242,255,255,275,275,310,105,152,2,2,2,18,28,28,125,125,135,67,167,267,284,284,284,299,376,376,391,391,391,391,391,391],"floor_reached":50,"playtime":1715,"items_purged":["Strike_R","Strike_R","Strike_R","Strike_R"],"score":664,"play_id":"a7b42caf-63d3-47d7-9109-5de1f8d83af3","local_time":"20190429164349","is_ascension_mode":true,"campfire_choices":[{"data":"Bash","floor":6,"key":"SMITH"},{"data":"Spot Weakness","floor":8,"key":"SMITH"},{"data":"Double Tap","floor":13,"key":"SMITH"},{"data":"Pommel Strike","floor":15,"key":"SMITH"},{"floor":23,"key":"REST"},{"floor":28,"key":"REST"},{"floor":32,"key":"REST"},{"floor":40,"key":"REST"},{"floor":41,"key":"REST"},{"floor":44,"key":"REST"},{"floor":46,"key":"REST"},{"floor":49,"key":"REST"}],"neow_cost":"NONE","seed_source_timestamp":9613080472800,"circlet_count":0,"master_deck":["Defend_R","Defend_R","Defend_R","Defend_R","Bash+1","Spot Weakness+1","Shrug It Off","Pommel Strike+1","Battle Trance","Headbutt","Double Tap+1","Immolate","Heavy Blade","True Grit+1","Limit Break","Inflame","Twin Strike","Rampage","Rage","Trip"],"relics":["Burning Blood","Happy Flower","Blue Candle","Tiny Chest","Pear","Fusion Hammer","WingedGreaves","Boot","Sozu","Champion Belt","Question Card","Paper Frog"],"potions_floor_usage":[16,24,33,50],"damage_taken":[{"damage":1,"enemies":"Cultist","floor":1,"turns":3},{"damage":12,"enemies":"Jaw Worm","floor":2,"turns":3},{"damage":1,"enemies":"2 Louse","floor":7,"turns":4},{"damage":0,"enemies":"Large Slime","floor":10,"turns":4},{"damage":5,"enemies":"Red Slaver","floor":12,"turns":3},{"damage":27,"enemies":"Lagavulin","floor":14,"turns":5},{"damage":43,"enemies":"Hexaghost","floor":16,"turns":6},{"damage":6,"enemies":"Spheric Guardian","floor":18,"turns":3},{"damage":15,"enemies":"2 Thieves","floor":20,"turns":4},{"damage":24,"enemies":"Snake Plant","floor":22,"turns":3},{"damage":46,"enemies":"Slavers","floor":24,"turns":4},{"damage":6,"enemies":"Centurion and Healer","floor":30,"turns":5},{"damage":26,"enemies":"Shelled Parasite and Fungi","floor":31,"turns":3},{"damage":21,"enemies":"Collector","floor":33,"turns":5},{"damage":0,"enemies":"Orb Walker","floor":35,"turns":2},{"damage":52,"enemies":"Mind Bloom Boss Battle","floor":37,"turns":5},{"damage":9,"enemies":"3 Shapes","floor":39,"turns":4},{"damage":29,"enemies":"Jaw Worm Horde","floor":42,"turns":3},{"damage":26,"enemies":"Sphere and 2 Shapes","floor":45,"turns":4},{"damage":91,"enemies":"Donu and Deca","floor":50,"turns":5}],"seed_played":"4927105271691300052","potions_obtained":[{"floor":14,"key":"Regen Potion"},{"floor":16,"key":"SpeedPotion"},{"floor":18,"key":"EssenceOfSteel"},{"floor":22,"key":"SpeedPotion"},{"floor":33,"key":"Strength Potion"}],"is_trial":false,"path_per_floor":["M","M","$","?","?","R","M","R","T","M","?","M","R","E","R","B",null,"M","$","M","?","M","R","E","$","T","$","R","?","M","M","R","B",null,"M","$","?","?","M","R","R","M","T","R","M","R","?","T","R","B"],"character_chosen":"IRONCLAD","items_purchased":["Pommel Strike","Inflame","Rampage"],"campfire_rested":8,"item_purchase_floors":[3,25,36],"current_hp_per_floor":[77,71,71,46,46,46,51,51,51,57,57,58,58,47,47,24,74,74,74,65,65,47,74,34,34,34,34,61,61,61,41,68,53,81,87,87,41,41,38,65,90,67,67,90,70,90,90,90,90,0],"gold":391,"neow_bonus":"RANDOM_COMMON_RELIC","is_prod":false,"is_daily":false,"chose_seed":false,"campfire_upgraded":4,"win_rate":0,"timestamp":1556570629,"path_taken":["M","M","$","?","?","R","M","R","T","M","?","M","R","E","R","BOSS","M","$","M","?","M","R","E","$","T","$","R","?","?","M","R","BOSS","M","$","?","?","?","R","R","M","T","R","M","R","?","?","R","BOSS"],"build_version":"2019-01-23","purchased_purges":4,"victory":false,"max_hp_per_floor":[80,80,80,80,80,80,80,80,80,80,80,80,80,90,90,90,90,90,90,90,90,90,90,90,90,90,90,90,90,90,90,90,90,90,90,90,90,90,90,90,90,90,90,90,90,90,90,90,90,90],"card_choices":[{"not_picked":["Cleave","Armaments"],"picked":"Spot Weakness","floor":1},{"not_picked":["Body Slam","Spot Weakness"],"picked":"Shrug It Off","floor":2},{"not_picked":["Burning Pact","Clothesline"],"picked":"Battle Trance","floor":7},{"not_picked":["Blood for Blood","Shrug It Off"],"picked":"Headbutt","floor":10},{"not_picked":["Battle Trance","Feel No Pain"],"picked":"Double Tap","floor":12},{"not_picked":["Dual Wield","Bloodletting","Thunderclap"],"picked":"SKIP","floor":14},{"not_picked":["Brutality","Bludgeon"],"picked":"Immolate","floor":16},{"not_picked":["Dual Wield","Perfected Strike"],"picked":"Heavy Blade","floor":18},{"not_picked":["Shrug It Off","Seeing Red"],"picked":"True Grit+1","floor":20},{"not_picked":["Clash+1","Flex","Clothesline"],"picked":"SKIP","floor":22},{"not_picked":["Metallicize","Clothesline+1"],"picked":"Limit Break","floor":24},{"not_picked":["Ghostly Armor","Havoc"],"picked":"Twin Strike","floor":30},{"not_picked":["Cleave","Bloodletting","Clothesline"],"picked":"SKIP","floor":31},{"not_picked":["Iron Wave","Body Slam","Perfected Strike+1"],"picked":"SKIP","floor":35},{"not_picked":["Inflame+1","Twin Strike+1"],"picked":"Rage","floor":39},{"not_picked":["Rampage","Armaments+1","Sword Boomerang"],"picked":"SKIP","floor":42},{"not_picked":["Wild Strike","Havoc+1","Fire Breathing","Pommel Strike"],"picked":"SKIP","floor":45},{"not_picked":["Good Instincts","Jack Of All Trades","Mind Blast"],"picked":"Trip","floor":47}],"player_experience":167889,"relics_obtained":[{"floor":9,"key":"Tiny Chest"},{"floor":14,"key":"Pear"},{"floor":24,"key":"WingedGreaves"},{"floor":26,"key":"Boot"},{"floor":37,"key":"Champion Belt"},{"floor":43,"key":"Question Card"},{"floor":48,"key":"Paper Frog"}],"event_choices":[{"damage_healed":0,"gold_gain":0,"player_choice":"Success","damage_taken":25,"relics_obtained":["Blue Candle"],"max_hp_gain":0,"max_hp_loss":0,"event_name":"Scrap Ooze","floor":4,"gold_loss":0},{"damage_healed":0,"gold_gain":0,"player_choice":"Ignored","damage_taken":0,"max_hp_gain":0,"max_hp_loss":0,"event_name":"Liars Game","floor":5,"gold_loss":0},{"damage_healed":0,"gold_gain":56,"player_choice":"Gained Gold","damage_taken":0,"max_hp_gain":0,"max_hp_loss":0,"event_name":"Golden Wing","floor":11,"gold_loss":0},{"damage_healed":0,"gold_gain":0,"player_choice":"Ignored","damage_taken":0,"max_hp_gain":0,"max_hp_loss":0,"event_name":"Ghosts","floor":21,"gold_loss":0},{"cards_removed":["Strike_R"],"damage_healed":0,"gold_gain":0,"player_choice":"Offered Basic","damage_taken":0,"max_hp_gain":0,"max_hp_loss":0,"event_name":"Bonfire Elementals","floor":29,"gold_loss":0},{"damage_healed":0,"gold_gain":0,"player_choice":"Fight","damage_taken":0,"max_hp_gain":0,"max_hp_loss":0,"event_name":"MindBloom","floor":37,"gold_loss":0},{"damage_healed":0,"gold_gain":100,"player_choice":"Pray","damage_taken":0,"max_hp_gain":0,"max_hp_loss":0,"event_name":"Golden Shrine","floor":38,"gold_loss":0},{"damage_healed":0,"gold_gain":0,"player_choice":"Memory 1","damage_taken":0,"max_hp_gain":0,"max_hp_loss":0,"event_name":"SensoryStone","floor":47,"gold_loss":0}],"is_beta":false,"boss_relics":[{"not_picked":["Black Star","Busted Crown"],"picked":"Fusion Hammer"},{"not_picked":["Coffee Dripper","Pandora\u0027s Box"],"picked":"Sozu"}],"items_purged_floors":[3,19,25,27],"is_endless":false,"potions_floor_spawned":[14,16,18,22,33,35,37],"killed_by":"Donu and Deca","ascension_level":9}