{"gold_per_floor":[109,123,136,136,154,188,207,207,207,222,222,222,222,4,4,104,104,124,124,124,140,140,140,153,9,32,32,32,46,60,72,72,72],"floor_reached":33,"playtime":1277,"items_purged":["Strike_R"],"score":449,"play_id":"23a3dcbd-05a2-4c90-ada4-9abaf0ccc157","local_time":"20190509180833","is_ascension_mode":true,"campfire_choices":[{"data":"Rampage","floor":11,"key":"SMITH"},{"data":"Immolate","floor":13,"key":"SMITH"},{"data":"True Grit","floor":15,"key":"SMITH"},{"data":"Iron Wave","floor":23,"key":"SMITH"},{"floor":32,"key":"REST"}],"neow_cost":"NONE","seed_source_timestamp":15980003267000,"circlet_count":0,"master_deck":["AscendersBane","Strike_R","Strike_R","Strike_R","Defend_R","Defend_R","Defend_R","Defend_R","Bash","Anger","Dropkick","Evolve","True Grit+1","Iron Wave+1","Rampage+1","Immolate+1","Offering","Parasite","Rage","Ghostly Armor"],"relics":["Burning Blood","Nunchaku","Bronze Scales","Bottled Flame","Red Skull","Cursed Key","Pen Nib","Anchor"],"potions_floor_usage":[6,16,29,33,33,33],"damage_taken":[{"damage":6,"enemies":"Cultist","floor":1,"turns":4},{"damage":4,"enemies":"Jaw Worm","floor":2,"turns":3},{"damage":3,"enemies":"2 Louse","floor":3,"turns":3},{"damage":12,"enemies":"Looter","floor":5,"turns":3},{"damage":38,"enemies":"3 Sentries","floor":6,"turns":9},{"damage":12,"enemies":"Blue Slaver","floor":7,"turns":6},{"damage":10,"enemies":"2 Fungi Beasts","floor":10,"turns":3},{"damage":0,"enemies":"Slime Boss","floor":16,"turns":6},{"damage":31,"enemies":"2 Thieves","floor":18,"turns":3},{"damage":6,"enemies":"Spheric Guardian","floor":21,"turns":3},{"damage":18,"enemies":"Snake Plant","floor":24,"turns":3},{"damage":1,"enemies":"3 Cultists","floor":29,"turns":3},{"damage":6,"enemies":"Snecko","floor":30,"turns":3},{"damage":8,"enemies":"Centurion and Healer","floor":31,"turns":4},{"damage":62,"enemies":"Champ","floor":33,"turns":9}],"seed_played":"-5095130812281639437","potions_obtained":[{"floor":5,"key":"Fire Potion"},{"floor":6,"key":"EssenceOfSteel"},{"floor":10,"key":"Explosive Potion"},{"floor":18,"key":"Poison Potion"},{"floor":29,"key":"EssenceOfSteel"},{"floor":30,"key":"Explosive Potion"},{"floor":31,"key":"Swift Potion"}],"is_trial":false,"path_per_floor":["M","M","M","?","M","E","M","?","T","M","R","?","R","$","R","B",null,"M","?","?","M","?","R","M","$","T","$","?","M","M","M","R","B"],"character_chosen":"IRONCLAD","items_purchased":["Red Skull","Pen Nib"],"campfire_rested":1,"item_purchase_floors":[14,25],"current_hp_per_floor":[80,82,85,85,79,47,41,41,41,37,37,37,37,37,37,43,77,52,52,35,35,35,35,23,23,23,23,23,28,28,26,53,0],"gold":72,"neow_bonus":"TEN_PERCENT_HP_BONUS","is_prod":false,"is_daily":false,"chose_seed":false,"campfire_upgraded":4,"win_rate":0,"timestamp":1557439713,"path_taken":["M","M","M","?","?","E","M","?","T","?","R","?","R","?","R","BOSS","M","?","?","M","?","R","M","?","T","$","?","M","?","M","R","BOSS"],"build_version":"2019-01-23","purchased_purges":1,"victory":false,"max_hp_per_floor":[88,88,88,88,88,88,88,88,88,88,88,88,88,88,88,88,88,88,88,93,93,93,93,93,93,93,93,93,93,93,93,93,93],"card_choices":[{"not_picked":["Havoc","Body Slam"],"picked":"Anger","floor":1},{"not_picked":["Clash","Sword Boomerang"],"picked":"Dropkick","floor":2},{"not_picked":["Warcry","Hemokinesis","Havoc"],"picked":"SKIP","floor":3},{"not_picked":["Havoc","Second Wind"],"picked":"True Grit","floor":5},{"not_picked":["Combust","Offering"],"picked":"Iron Wave","floor":6},{"not_picked":["Second Wind","Body Slam"],"picked":"Rampage","floor":7},{"not_picked":["Clash","Corruption","Heavy Blade"],"picked":"SKIP","floor":10},{"not_picked":["Limit Break","Dark Embrace"],"picked":"Offering","floor":16},{"not_picked":["Perfected Strike+1","Warcry","Clothesline+1"],"picked":"SKIP","floor":18},{"not_picked":["Clothesline+1","Anger+1","Power Through"],"picked":"SKIP","floor":21},{"not_picked":["Perfected Strike","Cleave","Dropkick+1"],"picked":"SKIP","floor":24},{"not_picked":["Iron Wave+1","Clash","Cleave"],"picked":"SKIP","floor":29},{"not_picked":["Barricade","Sever Soul"],"picked":"Rage","floor":30},{"not_picked":["Pommel Strike","Wild Strike+1"],"picked":"Ghostly Armor","floor":31}],"player_experience":220600,"relics_obtained":[{"floor":6,"key":"Nunchaku"},{"floor":9,"key":"Bottled Flame"},{"floor":26,"key":"Anchor"}],"event_choices":[{"damage_healed":0,"gold_gain":0,"cards_transformed":["Strike_R"],"player_choice":"Transformed","damage_taken":0,"max_hp_gain":0,"max_hp_loss":0,"event_name":"Transmorgrifier","floor":4,"gold_loss":0,"cards_obtained":["Evolve"]},{"damage_healed":0,"gold_gain":0,"player_choice":"Gave Potion","damage_taken":0,"relics_obtained":["Bronze Scales"],"max_hp_gain":0,"max_hp_loss":0,"event_name":"WeMeetAgain","floor":8,"gold_loss":0},{"damage_healed":0,"gold_gain":0,"player_choice":"1 cards matched","damage_taken":0,"max_hp_gain":0,"max_hp_loss":0,"event_name":"Match and Keep!","floor":12,"gold_loss":0,"cards_obtained":["Immolate"]},{"damage_healed":0,"gold_gain":0,"player_choice":"Ignored","damage_taken":0,"max_hp_gain":0,"max_hp_loss":0,"event_name":"The Mausoleum","floor":19,"gold_loss":0},{"damage_healed":0,"gold_gain":0,"player_choice":"Shed Blood","damage_taken":22,"max_hp_gain":5,"max_hp_loss":0,"event_name":"Forgotten Altar","floor":20,"gold_loss":0},{"damage_healed":0,"gold_gain":0,"player_choice":"Ignored","damage_taken":0,"max_hp_gain":0,"max_hp_loss":0,"event_name":"Ghosts","floor":22,"gold_loss":0}],"is_beta":false,"boss_relics":[{"not_picked":["Orrery","Empty Cage"],"picked":"Cursed Key"}],"items_purged_floors":[14],"is_endless":false,"potions_floor_spawned":[5,6,10,18,29,30,31],"killed_by":"Champ","ascension_level":10}