{"gold_per_floor":[112,127,127,127,152,168,193,226,226,30,30,30,54,54],"floor_reached":14,"playtime":590,"items_purged":[],"score":115,"play_id":"84d508f5-0418-4c62-a061-5ded64d25d25","local_time":"20190726165215","is_ascension_mode":true,"campfire_choices":[{"floor":11,"key":"REST"}],"neow_cost":"NONE","seed_source_timestamp":1379172764646103,"circlet_count":0,"master_deck":["Strike_B","Strike_B","Strike_B","Defend_B","Defend_B","Defend_B","Defend_B","Zap","Dualcast","Storm","Heatsinks","Cold Snap","Barrage","Creative AI+1","Force Field","Self Repair","Leap"],"relics":["Cracked Core","Golden Idol","Molten Egg 2","Vajra"],"potions_floor_usage":[8,8,14],"damage_taken":[{"damage":4,"enemies":"2 Louse","floor":1,"turns":2},{"damage":2,"enemies":"Jaw Worm","floor":2,"turns":3},{"damage":1,"enemies":"Cultist","floor":5,"turns":4},{"damage":6,"enemies":"Looter","floor":6,"turns":4},{"damage":4,"enemies":"Exordium Wildlife","floor":7,"turns":4},{"damage":16,"enemies":"Lagavulin","floor":8,"turns":5},{"damage":45,"enemies":"Lots of Slimes","floor":13,"turns":5},{"damage":17,"enemies":"Gremlin Gang","floor":14,"turns":1}],"seed_played":"4959386522898534607","potions_obtained":[{"floor":1,"key":"Poison Potion"},{"floor":5,"key":"Poison Potion"},{"floor":6,"key":"Energy Potion"}],"is_trial":false,"path_per_floor":["M","M","?","?","M","M","M","E","T","$","R","?","M","M"],"character_chosen":"DEFECT","items_purchased":["Force Field","Self Repair","PowerPotion"],"campfire_rested":1,"item_purchase_floors":[10,10,10],"current_hp_per_floor":[78,76,56,49,48,42,38,22,22,22,46,46,8,0],"gold":54,"neow_bonus":"TEN_PERCENT_HP_BONUS","is_prod":false,"is_daily":false,"chose_seed":false,"campfire_upgraded":0,"win_rate":0,"timestamp":1564185135,"path_taken":["M","M","?","?","M","M","?","E","T","?","R","?","M","M"],"build_version":"2019-07-17","purchased_purges":0,"victory":false,"max_hp_per_floor":[82,82,82,82,82,82,82,82,82,82,82,82,82,82],"card_choices":[{"not_picked":["Aggregate","Compile Driver"],"picked":"Storm","floor":1},{"not_picked":["Loop","Chaos"],"picked":"Heatsinks","floor":2},{"not_picked":["Chaos","Doom and Gloom"],"picked":"Cold Snap","floor":5},{"not_picked":["Recycle","Turbo","Steam Power"],"picked":"SKIP","floor":6},{"not_picked":["Turbo","Beam Cell"],"picked":"Barrage","floor":7},{"not_picked":["Rebound","Stack"],"picked":"Creative AI","floor":8},{"not_picked":["Sweeping Beam+1","Go for the Eyes+1"],"picked":"Leap","floor":13}],"player_experience":212761,"relics_obtained":[{"floor":8,"key":"Molten Egg 2"},{"floor":9,"key":"Vajra"}],"event_choices":[{"damage_healed":0,"gold_gain":0,"player_choice":"Take Damage","damage_taken":20,"relics_obtained":["Golden Idol"],"max_hp_gain":0,"max_hp_loss":0,"event_name":"Golden Idol","floor":3,"gold_loss":0},{"cards_removed":["Strike_B"],"damage_healed":0,"gold_gain":0,"player_choice":"Card Removal","damage_taken":7,"max_hp_gain":0,"max_hp_loss":0,"event_name":"Golden Wing","floor":4,"gold_loss":0},{"damage_healed":0,"gold_gain":0,"player_choice":"Grow","damage_taken":0,"max_hp_gain":0,"max_hp_loss":0,"event_name":"Living Wall","floor":12,"gold_loss":0,"cards_upgraded":["Creative AI"]}],"is_beta":false,"boss_relics":[],"items_purged_floors":[],"is_endless":false,"potions_floor_spawned":[1,5,6],"killed_by":"Gremlin Gang","ascension_level":5}