{"gold_per_floor":[118,60,60,80,80,115,115,125,150,168,181,196,214,243,243,243],"floor_reached":16,"playtime":463,"items_purged":[],"score":257,"play_id":"61b2eb72-1610-4e27-b156-dea884b3a6ed","local_time":"20190626172710","is_ascension_mode":true,"campfire_choices":[{"data":"Armaments","floor":7,"key":"SMITH"},{"data":"Bash","floor":15,"key":"SMITH"}],"neow_cost":"NONE","seed_source_timestamp":1291858407200,"circlet_count":0,"master_deck":["AscendersBane","Strike_R","Strike_R","Strike_R","Strike_R","Defend_R+1","Defend_R+1","Defend_R","Defend_R","Bash+1","Sword Boomerang","Armaments+1","Sword Boomerang","Dropkick","Shrug It Off","Rampage","Thunderclap","Iron Wave","Dropkick"],"relics":["Burning Blood","NeowsBlessing","War Paint","Regal Pillow","Question Card"],"potions_floor_usage":[16],"damage_taken":[{"damage":0,"enemies":"Small Slimes","floor":1,"turns":1},{"damage":0,"enemies":"2 Louse","floor":4,"turns":1},{"damage":0,"enemies":"Gremlin Nob","floor":6,"turns":1},{"damage":0,"enemies":"Cultist","floor":8,"turns":2},{"damage":13,"enemies":"3 Louse","floor":10,"turns":5},{"damage":16,"enemies":"Large Slime","floor":11,"turns":6},{"damage":0,"enemies":"Blue Slaver","floor":12,"turns":4},{"damage":10,"enemies":"3 Louse","floor":13,"turns":4},{"damage":15,"enemies":"Lagavulin","floor":14,"turns":7},{"damage":51,"enemies":"The Guardian","floor":16,"turns":14}],"seed_played":"139635729744542128","potions_obtained":[{"floor":4,"key":"Swift Potion"},{"floor":6,"key":"SkillPotion"}],"is_trial":false,"path_per_floor":["M","$","?","M","?","E","R","M","T","M","M","M","M","E","R","B"],"character_chosen":"IRONCLAD","items_purchased":["Armaments"],"campfire_rested":0,"item_purchase_floors":[2],"current_hp_per_floor":[74,74,74,75,75,75,75,75,75,68,58,64,60,51,51,0],"gold":243,"neow_bonus":"THREE_ENEMY_KILL","is_prod":false,"is_daily":false,"chose_seed":false,"campfire_upgraded":2,"win_rate":0,"timestamp":1561584430,"path_taken":["M","$","?","M","?","E","R","M","T","M","M","M","M","E","R","BOSS"],"build_version":"2019-01-23","purchased_purges":0,"victory":false,"max_hp_per_floor":[75,75,75,75,75,75,75,75,75,75,75,75,75,75,75,75],"card_choices":[{"not_picked":["Armaments","Sever Soul"],"picked":"Sword Boomerang","floor":1},{"not_picked":["Entrench","Disarm"],"picked":"Sword Boomerang","floor":4},{"not_picked":["Power Through","Burning Pact"],"picked":"Dropkick","floor":6},{"not_picked":["Searing Blow","Flex"],"picked":"Shrug It Off","floor":8},{"not_picked":["Armaments","Warcry","Bloodletting"],"picked":"SKIP","floor":10},{"not_picked":["Thunderclap","Twin Strike"],"picked":"Rampage","floor":11},{"not_picked":["Intimidate","Pummel"],"picked":"Thunderclap","floor":12},{"not_picked":["Power Through","Combust"],"picked":"Iron Wave","floor":13},{"not_picked":["Impervious","Sentinel"],"picked":"Dropkick","floor":14}],"player_experience":410572,"relics_obtained":[{"floor":6,"key":"War Paint"},{"floor":9,"key":"Regal Pillow"},{"floor":14,"key":"Question Card"}],"event_choices":[{"damage_healed":0,"gold_gain":0,"player_choice":"Ignored","damage_taken":0,"max_hp_gain":0,"max_hp_loss":0,"event_name":"Golden Wing","floor":3,"gold_loss":0},{"cards_removed":["Strike_R"],"damage_healed":0,"gold_gain":0,"player_choice":"Purged","damage_taken":0,"max_hp_gain":0,"max_hp_loss":0,"event_name":"Purifier","floor":5,"gold_loss":0}],"is_beta":false,"boss_relics":[],"items_purged_floors":[],"is_endless":false,"potions_floor_spawned":[4,6,11,12],"killed_by":"The Guardian","ascension_level":17}