{"gold_per_floor":[114,129,129,144,144,144,74,174,249,268,306,325,344,382,382,507,507,496,35,35,54,73,73,92,92,92,92,130,130,149,149],"floor_reached":31,"playtime":1432,"items_purged":["Strike_R"],"score":267,"play_id":"c2e836ef-6ebf-4cf8-af55-917b8226a964","local_time":"20190606173217","daily_mods":["Chimera","Colorless Cards","DeadlyEvents"],"is_ascension_mode":false,"campfire_choices":[{"data":"Bash","floor":6,"key":"SMITH"},{"floor":15,"key":"REST"},{"floor":23,"key":"REST"},{"floor":25,"key":"REST"},{"data":"Envenom","floor":27,"key":"SMITH"}],"neow_cost":"","seed_source_timestamp":1060961361200,"circlet_count":0,"master_deck":["Bash+1","Survivor","Zap","Defend_R","Defend_G","Defend_B","Dagger Throw","Blade Dance","Leg Sweep","Well Laid Plans","Crippling Poison","Accuracy","Dash","Envenom+1","A Thousand Cuts","Cloak And Dagger","Poisoned Stab","Dodge and Roll","Flash of Steel","Deflect","Deflect+1","Glass Knife","Dodge and Roll","Accuracy"],"special_seed":18053,"relics":["Ring of the Snake","Golden Idol","Shuriken","Ancient Tea Set","Girya","WristBlade","Sling","Bottled Tornado","Blood Vial"],"potions_floor_usage":[11,14,14,14,22,28,28,30],"damage_taken":[{"damage":8,"enemies":"Jaw Worm","floor":1,"turns":4},{"damage":1,"enemies":"Cultist","floor":2,"turns":3},{"damage":0,"enemies":"Small Slimes","floor":4,"turns":4},{"damage":10,"enemies":"2 Fungi Beasts","floor":10,"turns":5},{"damage":15,"enemies":"Gremlin Nob","floor":11,"turns":4},{"damage":1,"enemies":"Red Slaver","floor":12,"turns":4},{"damage":11,"enemies":"Exordium Thugs","floor":13,"turns":5},{"damage":4,"enemies":"3 Sentries","floor":14,"turns":8},{"damage":17,"enemies":"Hexaghost","floor":16,"turns":10},{"damage":12,"enemies":"2 Thieves","floor":18,"turns":4},{"damage":0,"enemies":"3 Byrds","floor":21,"turns":4},{"damage":32,"enemies":"3 Cultists","floor":22,"turns":8},{"damage":21,"enemies":"Shelled Parasite and Fungi","floor":24,"turns":8},{"damage":29,"enemies":"Gremlin Leader","floor":28,"turns":6},{"damage":9,"enemies":"Snake Plant","floor":30,"turns":5},{"damage":13,"enemies":"3 Cultists","floor":31,"turns":4}],"seed_played":"-1664165875077873763","potions_obtained":[{"floor":2,"key":"Fire Potion"},{"floor":10,"key":"GamblersBrew"},{"floor":11,"key":"Dexterity Potion"},{"floor":13,"key":"AttackPotion"},{"floor":16,"key":"Block Potion"},{"floor":18,"key":"SteroidPotion"},{"floor":22,"key":"AttackPotion"},{"floor":24,"key":"SpeedPotion"}],"is_trial":false,"path_per_floor":["M","M","?","M","?","R","$","?","T","M","E","M","M","E","R","B",null,"M","$","?","M","M","R","M","R","T","R","E","?","M","M"],"character_chosen":"THE_SILENT","items_purchased":["Well Laid Plans","Poisoned Stab","Dodge and Roll","Sling","Flash of Steel"],"campfire_rested":3,"item_purchase_floors":[7,19,19,19,19],"current_hp_per_floor":[62,61,61,61,44,44,44,44,44,34,19,18,7,3,24,7,70,58,58,58,58,26,47,26,47,47,47,18,18,11,0],"gold":149,"neow_bonus":"","is_prod":false,"is_daily":true,"chose_seed":false,"campfire_upgraded":2,"win_rate":0,"timestamp":1559856737,"path_taken":["M","M","?","?","?","R","$","?","T","M","E","M","M","?","R","BOSS","M","$","?","M","M","R","M","R","T","R","E","?","M","M"],"build_version":"2019-01-23","purchased_purges":1,"victory":false,"max_hp_per_floor":[70,70,70,70,70,70,70,70,70,70,70,70,70,70,70,70,70,70,70,70,70,70,70,70,70,70,70,70,70,70,70],"card_choices":[{"not_picked":["PiercingWail","Cloak And Dagger"],"picked":"Dagger Throw","floor":1},{"not_picked":["Choke","Sucker Punch"],"picked":"Blade Dance","floor":2},{"not_picked":["Tactician","Predator"],"picked":"Leg Sweep","floor":4},{"not_picked":["Doppelganger","Finisher","Outmaneuver"],"picked":"SKIP","floor":10},{"not_picked":["Riddle With Holes","Underhanded Strike"],"picked":"Crippling Poison","floor":11},{"not_picked":["PiercingWail","Cloak And Dagger"],"picked":"Accuracy","floor":12},{"not_picked":["Cloak And Dagger","Flechettes"],"picked":"Dash","floor":13},{"not_picked":["Expertise","Finisher"],"picked":"Envenom","floor":14},{"not_picked":["Venomology","Apotheosis"],"picked":"A Thousand Cuts","floor":16},{"not_picked":["Enlightenment+1","Dramatic Entrance"],"picked":"Cloak And Dagger","floor":18},{"not_picked":["Poisoned Stab","Dagger Spray"],"picked":"Deflect","floor":21},{"not_picked":["Bane","Underhanded Strike"],"picked":"Deflect+1","floor":22},{"not_picked":["Dagger Throw","Flying Knee"],"picked":"Glass Knife","floor":24},{"not_picked":["Poisoned Stab+1","Prepared+1"],"picked":"Dodge and Roll","floor":28},{"not_picked":["Bane","Flying Knee","Footwork"],"picked":"SKIP","floor":30}],"player_experience":379532,"relics_obtained":[{"floor":9,"key":"Shuriken"},{"floor":11,"key":"Ancient Tea Set"},{"floor":14,"key":"Girya"},{"floor":26,"key":"Bottled Tornado"},{"floor":28,"key":"Blood Vial"}],"event_choices":[{"cards_removed":["Strike_B"],"damage_healed":0,"gold_gain":0,"player_choice":"Purged","damage_taken":0,"max_hp_gain":0,"max_hp_loss":0,"event_name":"Purifier","floor":3,"gold_loss":0},{"damage_healed":0,"gold_gain":0,"player_choice":"Take Damage","damage_taken":17,"relics_obtained":["Golden Idol"],"max_hp_gain":0,"max_hp_loss":0,"event_name":"Golden Idol","floor":5,"gold_loss":0},{"damage_healed":0,"gold_gain":100,"player_choice":"Gold","damage_taken":0,"max_hp_gain":0,"max_hp_loss":0,"event_name":"Wheel of Change","floor":8,"gold_loss":0},{"damage_healed":0,"gold_gain":0,"player_choice":"Ignored","damage_taken":0,"max_hp_gain":0,"max_hp_loss":0,"event_name":"Beggar","floor":20,"gold_loss":0},{"damage_healed":0,"gold_gain":0,"cards_transformed":["Strike_G"],"player_choice":"Transformed","damage_taken":0,"max_hp_gain":0,"max_hp_loss":0,"event_name":"Transmorgrifier","floor":29,"gold_loss":0,"cards_obtained":["Accuracy"]}],"is_beta":false,"boss_relics":[{"not_picked":["Pandora\u0027s Box","White Beast Statue"],"picked":"WristBlade"}],"items_purged_floors":[19],"is_endless":false,"potions_floor_spawned":[2,10,11,13,16,18,22,24],"killed_by":"3 Cultists","ascension_level":0}