{"gold_per_floor":[109,123,123,123,48,48,78,78,78,96,125,143,162,175,175,253,253,269,269,279,48,48,75,125,125,152,162,162,176,176,176],"floor_reached":31,"playtime":881,"items_purged":["Strike_R","Strike_R"],"score":551,"play_id":"34758ef9-7909-4f53-bb11-15729c0ca3c8","local_time":"20190718192646","is_ascension_mode":true,"campfire_choices":[{"data":"Disarm","floor":6,"key":"SMITH"},{"data":"Twin Strike","floor":8,"key":"SMITH"},{"data":"Demon Form","floor":15,"key":"SMITH"},{"floor":28,"key":"REST"},{"floor":30,"key":"REST"}],"neow_cost":"NONE","seed_source_timestamp":8087538334800,"circlet_count":0,"master_deck":["AscendersBane","Strike_R+1","Strike_R+1","Strike_R+1","Defend_R+1","Defend_R+1","Defend_R+1","Defend_R+1","Bash+1","Twin Strike+1","Disarm+1","Shrug It Off","Demon Form+1","Twin Strike+1","Inflame","Offering","Power Through","Pommel Strike+1","Metallicize","Armaments","Battle Trance","Shrug It Off","Armaments"],"relics":["Burning Blood","NeowsBlessing","Pen Nib","Thread and Needle","Pantograph","Blue Candle","White Beast Statue","Nilry\u0027s Codex","Kunai","Whetstone"],"potions_floor_usage":[11,16,18,23,23,27],"damage_taken":[{"damage":0,"enemies":"Jaw Worm","floor":1,"turns":1},{"damage":0,"enemies":"Small Slimes","floor":2,"turns":1},{"damage":0,"enemies":"Lagavulin","floor":7,"turns":1},{"damage":0,"enemies":"2 Louse","floor":10,"turns":3},{"damage":18,"enemies":"3 Sentries","floor":11,"turns":12},{"damage":3,"enemies":"2 Fungi Beasts","floor":12,"turns":4},{"damage":4,"enemies":"Looter","floor":13,"turns":3},{"damage":20,"enemies":"Exordium Thugs","floor":14,"turns":7},{"damage":50,"enemies":"Slime Boss","floor":16,"turns":10},{"damage":0,"enemies":"Chosen","floor":18,"turns":5},{"damage":18,"enemies":"2 Thieves","floor":20,"turns":5},{"damage":19,"enemies":"Gremlin Leader","floor":23,"turns":6},{"damage":3,"enemies":"Snecko","floor":27,"turns":7},{"damage":19,"enemies":"Centurion and Healer","floor":29,"turns":6},{"damage":60,"enemies":"Book of Stabbing","floor":31,"turns":6}],"seed_played":"-933366707758184062","potions_obtained":[{"floor":7,"key":"Fire Potion"},{"floor":11,"key":"SteroidPotion"},{"floor":16,"key":"PowerPotion"},{"floor":18,"key":"AttackPotion"},{"floor":20,"key":"Dexterity Potion"},{"floor":23,"key":"Dexterity Potion"},{"floor":27,"key":"SneckoOil"},{"floor":29,"key":"Energy Potion"}],"is_trial":false,"path_per_floor":["M","M","?","?","$","R","E","R","T","M","E","M","M","M","R","B",null,"M","?","M","$","?","E","?","?","T","M","R","M","R","E"],"character_chosen":"IRONCLAD","items_purchased":["Metallicize","Armaments"],"campfire_rested":2,"item_purchase_floors":[21,21],"current_hp_per_floor":[74,75,75,64,64,64,70,70,70,75,63,66,68,54,54,31,64,70,49,37,37,37,24,24,24,24,27,49,36,58,0],"gold":176,"neow_bonus":"THREE_ENEMY_KILL","is_prod":false,"is_daily":false,"chose_seed":false,"campfire_upgraded":3,"win_rate":0,"timestamp":1563492406,"path_taken":["M","M","?","?","$","R","E","R","T","M","E","M","M","M","R","BOSS","M","?","M","$","?","E","?","?","T","M","R","M","R","E"],"build_version":"2019-07-17","purchased_purges":2,"victory":false,"max_hp_per_floor":[75,75,75,75,75,75,75,75,75,75,75,75,75,75,75,75,75,75,75,75,75,75,75,75,75,75,75,75,75,75,75],"card_choices":[{"not_picked":["Flex","Pommel Strike"],"picked":"Twin Strike","floor":1},{"not_picked":["Hemokinesis","Power Through"],"picked":"Disarm","floor":2},{"not_picked":["Blood for Blood","Clash","Entrench"],"picked":"SKIP","floor":7},{"not_picked":["Second Wind","Sword Boomerang"],"picked":"Shrug It Off","floor":10},{"not_picked":["Power Through","Hemokinesis"],"picked":"Demon Form","floor":11},{"not_picked":["Havoc","Clash","Shockwave"],"picked":"SKIP","floor":12},{"not_picked":["Perfected Strike","Clash"],"picked":"Twin Strike","floor":13},{"not_picked":["Warcry","Body Slam"],"picked":"Inflame","floor":14},{"not_picked":["Exhume","Dark Embrace"],"picked":"Offering","floor":16},{"not_picked":["Warcry+1","Thunderclap"],"picked":"Power Through","floor":18},{"not_picked":["Intimidate","Combust"],"picked":"Pommel Strike","floor":20},{"not_picked":["Havoc","Blood for Blood"],"picked":"Battle Trance","floor":23},{"not_picked":["Reckless Charge","Uppercut"],"picked":"Shrug It Off","floor":27},{"not_picked":["Flex","Anger"],"picked":"Armaments","floor":29}],"player_experience":438531,"relics_obtained":[{"floor":7,"key":"Thread and Needle"},{"floor":9,"key":"Pantograph"},{"floor":11,"key":"Blue Candle"},{"floor":19,"key":"Nilry\u0027s Codex"},{"floor":23,"key":"Kunai"},{"floor":26,"key":"Whetstone"}],"event_choices":[{"damage_healed":0,"gold_gain":0,"player_choice":"Grow","damage_taken":0,"max_hp_gain":0,"max_hp_loss":0,"event_name":"Living Wall","floor":3,"gold_loss":0,"cards_upgraded":["Bash"]},{"damage_healed":0,"gold_gain":0,"player_choice":"Success","damage_taken":11,"relics_obtained":["Pen Nib"],"max_hp_gain":0,"max_hp_loss":0,"event_name":"Scrap Ooze","floor":4,"gold_loss":0},{"damage_healed":0,"gold_gain":0,"player_choice":"Obtained Book","damage_taken":21,"max_hp_gain":0,"max_hp_loss":0,"event_name":"Cursed Tome","floor":19,"gold_loss":0},{"damage_healed":0,"gold_gain":0,"player_choice":"Simplicity","damage_taken":0,"max_hp_gain":0,"max_hp_loss":0,"event_name":"Back to Basics","floor":22,"gold_loss":0,"cards_upgraded":["Strike_R","Strike_R","Strike_R","Defend_R","Defend_R","Defend_R","Defend_R"]},{"damage_healed":0,"gold_gain":50,"player_choice":"Stole From Cult","damage_taken":0,"max_hp_gain":0,"max_hp_loss":0,"event_name":"Nest","floor":24,"gold_loss":0},{"damage_healed":0,"gold_gain":0,"player_choice":"Ignored","damage_taken":0,"max_hp_gain":0,"max_hp_loss":0,"event_name":"Ghosts","floor":25,"gold_loss":0}],"is_beta":false,"boss_relics":[{"not_picked":["Runic Pyramid","Velvet Choker"],"picked":"White Beast Statue"}],"items_purged_floors":[5,21],"is_endless":false,"potions_floor_spawned":[7,11,16,18,20,23,27,29],"killed_by":"Book of Stabbing","ascension_level":18}