{"gold_per_floor":[115,34,44,60,60,60,60,60,60,60,93,107,122,142,142,237,237,256,256],"floor_reached":19,"playtime":790,"items_purged":[],"score":254,"play_id":"1c0bf3e3-95e2-4392-addd-6c3610c810ab","local_time":"20190505014329","is_ascension_mode":true,"campfire_choices":[{"data":"Bash","floor":6,"key":"SMITH"},{"data":"Shrug It Off","floor":8,"key":"SMITH"},{"data":"Headbutt","floor":10,"key":"SMITH"},{"data":"Ghostly Armor","floor":15,"key":"SMITH"}],"neow_cost":"NONE","seed_source_timestamp":2310350088800,"circlet_count":0,"master_deck":["AscendersBane","Strike_R","Strike_R","Strike_R","Strike_R","Strike_R","Defend_R","Defend_R","Defend_R","Defend_R","Bash+1","Shrug It Off+1","Carnage+1","Headbutt+1","Ghostly Armor+1","True Grit","Spot Weakness","Double Tap","Battle Trance"],"relics":["Black Blood","Question Card","Omamori"],"potions_floor_usage":[16,16,16],"damage_taken":[{"damage":7,"enemies":"Small Slimes","floor":1,"turns":4},{"damage":2,"enemies":"2 Louse","floor":3,"turns":3},{"damage":3,"enemies":"Cultist","floor":4,"turns":4},{"damage":35,"enemies":"Lagavulin","floor":11,"turns":5},{"damage":9,"enemies":"Exordium Thugs","floor":12,"turns":4},{"damage":9,"enemies":"Red Slaver","floor":13,"turns":5},{"damage":15,"enemies":"Exordium Wildlife","floor":14,"turns":5},{"damage":46,"enemies":"Slime Boss","floor":16,"turns":7},{"damage":36,"enemies":"Shell Parasite","floor":18,"turns":6},{"damage":49,"enemies":"3 Byrds","floor":19,"turns":6}],"seed_played":"-6418316695078962965","potions_obtained":[{"floor":3,"key":"Explosive Potion"},{"floor":11,"key":"SteroidPotion"},{"floor":12,"key":"SpeedPotion"}],"is_trial":false,"path_per_floor":["M","$","M","M","?","R","?","R","T","R","E","M","M","M","R","B",null,"M","M"],"character_chosen":"IRONCLAD","items_purchased":["Carnage"],"campfire_rested":0,"item_purchase_floors":[2],"current_hp_per_floor":[79,79,83,86,91,91,91,91,91,91,62,59,56,47,47,7,72,46,0],"gold":256,"neow_bonus":"TEN_PERCENT_HP_BONUS","is_prod":false,"is_daily":false,"chose_seed":false,"campfire_upgraded":4,"win_rate":0,"timestamp":1557035009,"path_taken":["M","$","M","M","?","R","?","R","T","R","E","?","M","M","R","BOSS","M","M"],"build_version":"2019-01-23","purchased_purges":0,"victory":false,"max_hp_per_floor":[88,88,88,88,93,93,93,93,93,93,93,93,93,93,93,93,93,93,93],"card_choices":[{"not_picked":["Warcry","Seeing Red"],"picked":"Shrug It Off","floor":1},{"not_picked":["Heavy Blade","Armaments"],"picked":"Headbutt","floor":3},{"not_picked":["Shockwave","Rupture","Heavy Blade"],"picked":"SKIP","floor":4},{"not_picked":["Impervious","Uppercut","Body Slam"],"picked":"Ghostly Armor","floor":11},{"not_picked":["Seeing Red","Flex","Burning Pact"],"picked":"True Grit","floor":12},{"not_picked":["Pommel Strike","Heavy Blade","Sentinel"],"picked":"Spot Weakness","floor":13},{"not_picked":["Reckless Charge","Iron Wave","Armaments","Cleave"],"picked":"SKIP","floor":14},{"not_picked":["Juggernaut","Impervious","Brutality"],"picked":"Double Tap","floor":16},{"not_picked":["Cleave","Havoc","Hemokinesis+1"],"picked":"Battle Trance","floor":18}],"player_experience":180498,"relics_obtained":[{"floor":9,"key":"Question Card"},{"floor":11,"key":"Omamori"}],"event_choices":[{"damage_healed":0,"gold_gain":0,"player_choice":"Donut","damage_taken":0,"max_hp_gain":5,"max_hp_loss":0,"event_name":"Big Fish","floor":5,"gold_loss":0},{"damage_healed":0,"gold_gain":0,"player_choice":"Forge","damage_taken":0,"max_hp_gain":0,"max_hp_loss":0,"event_name":"Accursed Blacksmith","floor":7,"gold_loss":0,"cards_upgraded":["Carnage"]}],"is_beta":false,"boss_relics":[{"not_picked":["Runic Pyramid","Runic Cube"],"picked":"Black Blood"}],"items_purged_floors":[],"is_endless":false,"potions_floor_spawned":[3,11,12],"killed_by":"3 Byrds","ascension_level":10}