{"gold_per_floor":[114,114,114,135,135,179,179,51,75,75,118,118,152,166,166,264,264,282,282,306,206,81,119,119,137,208,228,241,264,288,302,302,302],"floor_reached":33,"playtime":1813,"items_purged":["Injury","Strike_R","Strike_R"],"score":593,"play_id":"875bf5ea-fcc4-457f-a282-181638407f81","local_time":"20190728143256","is_ascension_mode":true,"campfire_choices":[{"data":"Bash","floor":7,"key":"SMITH"},{"data":"True Grit","floor":12,"key":"SMITH"},{"data":"Rampage","floor":15,"key":"SMITH"},{"data":"Armaments","floor":24,"key":"SMITH"},{"floor":32,"key":"REST"}],"neow_cost":"NONE","seed_source_timestamp":6482814523700,"circlet_count":0,"master_deck":["AscendersBane","Strike_R+1","Strike_R","Strike_R","Defend_R","Defend_R","Defend_R","Defend_R","Bash+1","Carnage+1","Battle Trance+1","True Grit+1","Cleave","Rampage+1","Pommel Strike","Shrug It Off","Double Tap","Inflame","Armaments+1","Iron Wave","Headbutt+1","Berserk"],"relics":["Burning Blood","NeowsBlessing","Meat on the Bone","Golden Idol","Strawberry","Bronze Scales","Pocketwatch","Calipers","Sozu","Gremlin Horn","Pear"],"potions_floor_usage":[23,33],"damage_taken":[{"damage":0,"enemies":"Jaw Worm","floor":1,"turns":1},{"damage":0,"enemies":"Small Slimes","floor":4,"turns":1},{"damage":0,"enemies":"3 Sentries","floor":6,"turns":2},{"damage":18,"enemies":"Lagavulin","floor":11,"turns":5},{"damage":7,"enemies":"3 Sentries","floor":13,"turns":6},{"damage":15,"enemies":"2 Louse","floor":14,"turns":2},{"damage":20,"enemies":"The Guardian","floor":16,"turns":9},{"damage":0,"enemies":"Chosen","floor":18,"turns":3},{"damage":22,"enemies":"Spheric Guardian","floor":20,"turns":4},{"damage":43,"enemies":"Book of Stabbing","floor":23,"turns":5},{"damage":18,"enemies":"Centurion and Healer","floor":25,"turns":6},{"damage":15,"enemies":"Snake Plant","floor":27,"turns":3},{"damage":33,"enemies":"Cultist and Chosen","floor":28,"turns":4},{"damage":1,"enemies":"Centurion and Healer","floor":29,"turns":4},{"damage":0,"enemies":"Snake Plant","floor":30,"turns":2},{"damage":36,"enemies":"Chosen and Byrds","floor":31,"turns":5},{"damage":70,"enemies":"Collector","floor":33,"turns":6}],"seed_played":"764394596389781398","potions_obtained":[{"floor":1,"key":"Regen Potion"},{"floor":4,"key":"Ancient Potion"}],"is_trial":false,"path_per_floor":["M","?","?","M","?","E","R","$","T","?","E","R","E","M","R","B",null,"M","?","M","$","$","E","R","M","T","M","M","M","M","M","R","B"],"character_chosen":"IRONCLAD","items_purchased":["Cleave"],"campfire_rested":1,"item_purchase_floors":[8],"current_hp_per_floor":[74,39,39,45,22,47,47,47,47,47,47,47,58,49,49,47,73,79,79,63,63,63,52,52,52,62,53,38,55,61,43,70,0],"gold":302,"neow_bonus":"THREE_ENEMY_KILL","is_prod":false,"is_daily":false,"chose_seed":false,"campfire_upgraded":4,"win_rate":0,"timestamp":1564338776,"path_taken":["M","?","?","M","?","E","R","$","T","?","E","R","E","M","R","BOSS","M","?","M","?","$","E","R","M","T","M","M","?","M","M","R","BOSS"],"build_version":"2019-07-17","purchased_purges":3,"victory":false,"max_hp_per_floor":[75,75,75,75,75,82,82,82,82,82,82,82,82,82,82,82,82,82,82,82,82,82,82,82,82,92,92,92,92,92,92,92,92],"card_choices":[{"not_picked":["Perfected Strike","Pommel Strike"],"picked":"Carnage","floor":1},{"not_picked":["Wild Strike","Clash"],"picked":"Battle Trance","floor":4},{"not_picked":["Battle Trance","Body Slam"],"picked":"True Grit","floor":6},{"not_picked":["Clash","Infernal Blade"],"picked":"Rampage","floor":11},{"not_picked":["Intimidate","Twin Strike"],"picked":"Pommel Strike","floor":13},{"not_picked":["Warcry","Ghostly Armor"],"picked":"Shrug It Off","floor":14},{"not_picked":["Reaper","Juggernaut"],"picked":"Double Tap","floor":16},{"not_picked":["Intimidate","Pommel Strike"],"picked":"Inflame","floor":18},{"not_picked":["Spot Weakness","Disarm"],"picked":"Iron Wave","floor":20},{"not_picked":["Shockwave","Battle Trance"],"picked":"Headbutt+1","floor":23},{"not_picked":["Thunderclap","Anger","Perfected Strike"],"picked":"SKIP","floor":25},{"not_picked":["Feel No Pain+1","Clash","Battle Trance"],"picked":"SKIP","floor":27},{"not_picked":["Clash+1","Shockwave"],"picked":"Berserk","floor":28},{"not_picked":["Second Wind","Corruption","Body Slam"],"picked":"SKIP","floor":29},{"not_picked":["Thunderclap","Clothesline","Headbutt"],"picked":"SKIP","floor":30},{"not_picked":["Pummel+1","Clothesline","Hemokinesis+1"],"picked":"SKIP","floor":31}],"player_experience":446059,"relics_obtained":[{"floor":6,"key":"Strawberry"},{"floor":9,"key":"Bronze Scales"},{"floor":11,"key":"Pocketwatch"},{"floor":13,"key":"Calipers"},{"floor":23,"key":"Gremlin Horn"},{"floor":26,"key":"Pear"}],"event_choices":[{"damage_healed":0,"gold_gain":0,"player_choice":"Success","damage_taken":35,"relics_obtained":["Meat on the Bone"],"max_hp_gain":0,"max_hp_loss":0,"event_name":"Scrap Ooze","floor":2,"gold_loss":0},{"damage_healed":0,"gold_gain":0,"player_choice":"Take Wound","damage_taken":0,"relics_obtained":["Golden Idol"],"max_hp_gain":0,"max_hp_loss":0,"event_name":"Golden Idol","floor":3,"gold_loss":0,"cards_obtained":["Injury"]},{"damage_healed":0,"gold_gain":0,"player_choice":"Entered Light","damage_taken":23,"max_hp_gain":0,"max_hp_loss":0,"event_name":"Shining Light","floor":5,"gold_loss":0,"cards_upgraded":["Strike_R","Battle Trance"]},{"damage_healed":0,"gold_gain":0,"player_choice":"Grow","damage_taken":0,"max_hp_gain":0,"max_hp_loss":0,"event_name":"Living Wall","floor":10,"gold_loss":0,"cards_upgraded":["Carnage"]},{"damage_healed":0,"gold_gain":0,"player_choice":"Read","damage_taken":0,"max_hp_gain":0,"max_hp_loss":0,"event_name":"The Library","floor":19,"gold_loss":0,"cards_obtained":["Armaments"]}],"is_beta":false,"boss_relics":[{"not_picked":["Eternal Feather","Coffee Dripper"],"picked":"Sozu"}],"items_purged_floors":[8,21,22],"is_endless":false,"potions_floor_spawned":[1,4,11,23,27,28,30,31],"killed_by":"Collector","ascension_level":18}