{"gold_per_floor":[119,137,155,42,42,42,14,49,72,90,103,118,118,118,118,118],"floor_reached":16,"playtime":503,"items_purged":[],"score":198,"play_id":"2318a5fe-ddae-4fde-9d35-ee4471342f0d","local_time":"20190709172925","is_ascension_mode":true,"campfire_choices":[{"data":"Berserk","floor":6,"key":"SMITH"},{"data":"Rage","floor":13,"key":"SMITH"},{"floor":15,"key":"REST"}],"neow_cost":"NONE","seed_source_timestamp":665719546600,"circlet_count":0,"master_deck":["AscendersBane","Strike_R","Strike_R","Strike_R","Strike_R","Defend_R","Defend_R","Defend_R","Defend_R","Bash","Berserk+1","Evolve","Iron Wave","Headbutt","Thunderclap","Pommel Strike","Rage+1","Shrug It Off","Ghostly Armor","Uppercut"],"relics":["Burning Blood","Anchor","Smiling Mask","Vajra"],"potions_floor_usage":[5,8,11,11],"damage_taken":[{"damage":2,"enemies":"Cultist","floor":1,"turns":4},{"damage":12,"enemies":"Small Slimes","floor":2,"turns":4},{"damage":14,"enemies":"Jaw Worm","floor":3,"turns":4},{"damage":12,"enemies":"Exordium Thugs","floor":7,"turns":4},{"damage":24,"enemies":"Gremlin Nob","floor":8,"turns":4},{"damage":10,"enemies":"Red Slaver","floor":10,"turns":4},{"damage":48,"enemies":"Gremlin Gang","floor":11,"turns":7},{"damage":0,"enemies":"Lots of Slimes","floor":12,"turns":4},{"damage":46,"enemies":"Hexaghost","floor":16,"turns":9}],"seed_played":"-6512833940987778334","potions_obtained":[{"floor":1,"key":"BloodPotion"},{"floor":7,"key":"Weak Potion"},{"floor":10,"key":"BloodPotion"},{"floor":11,"key":"EssenceOfSteel"}],"is_trial":false,"path_per_floor":["M","M","M","$","?","R","M","E","T","M","M","M","R","?","R","B"],"character_chosen":"IRONCLAD","items_purchased":["Fruit Juice"],"campfire_rested":1,"item_purchase_floors":[4],"current_hp_per_floor":[72,66,58,58,63,63,57,39,39,35,33,39,39,21,45,0],"gold":118,"neow_bonus":"ONE_RANDOM_RARE_CARD","is_prod":false,"is_daily":false,"chose_seed":false,"campfire_upgraded":2,"win_rate":0,"timestamp":1562707765,"path_taken":["M","M","?","$","?","R","M","E","T","M","?","M","R","?","R","BOSS"],"build_version":"2019-07-05","purchased_purges":0,"victory":false,"max_hp_per_floor":[75,75,75,75,80,80,80,80,80,80,80,80,80,80,80,80],"card_choices":[{"not_picked":["Warcry","Intimidate"],"picked":"Evolve","floor":1},{"not_picked":["Sword Boomerang","Havoc"],"picked":"Iron Wave","floor":2},{"not_picked":["Anger","Havoc"],"picked":"Headbutt","floor":3},{"not_picked":["Anger","Perfected Strike"],"picked":"Pommel Strike","floor":7},{"not_picked":["Heavy Blade","Cleave"],"picked":"Rage","floor":8},{"not_picked":["Flex","Uppercut"],"picked":"Shrug It Off","floor":10},{"not_picked":["Armaments","Body Slam"],"picked":"Ghostly Armor","floor":11},{"not_picked":["Armaments","Evolve"],"picked":"Uppercut","floor":12}],"player_experience":426483,"relics_obtained":[{"floor":8,"key":"Anchor"},{"floor":9,"key":"Smiling Mask"}],"event_choices":[{"damage_healed":0,"gold_gain":0,"cards_transformed":["Strike_R"],"player_choice":"Transformed","damage_taken":0,"max_hp_gain":0,"max_hp_loss":0,"event_name":"Transmorgrifier","floor":5,"gold_loss":0,"cards_obtained":["Thunderclap"]},{"damage_healed":0,"gold_gain":0,"player_choice":"Success","damage_taken":18,"relics_obtained":["Vajra"],"max_hp_gain":0,"max_hp_loss":0,"event_name":"Scrap Ooze","floor":14,"gold_loss":0}],"is_beta":false,"boss_relics":[],"items_purged_floors":[],"is_endless":false,"potions_floor_spawned":[1,7,10,11],"killed_by":"Hexaghost","ascension_level":18}