{"gold_per_floor":[114,6,6,56,16,16,49,49,49,375,388,401,401,420,420,510,510,533,15,40,53,53,53,0,0,27,50,50,10,10,88,88,178,178,201,326,659,677,210,210,245,245,245,245,265,265,123,141,141,141],"floor_reached":50,"playtime":1365,"items_purged":["Strike_R","Strike_R","Strike_R"],"score":1068,"play_id":"7512759f-f0f9-4953-a28f-ce79f1c5648c","local_time":"20190712174740","is_ascension_mode":true,"campfire_choices":[{"data":"Bash","floor":6,"key":"SMITH"},{"data":"Metallicize","floor":8,"key":"SMITH"},{"data":"Armaments","floor":15,"key":"SMITH"},{"floor":23,"key":"REST"},{"data":"Inflame","floor":28,"key":"SMITH"},{"data":"Inflame","floor":30,"key":"SMITH"},{"data":"Bludgeon","floor":32,"key":"SMITH"},{"data":"Bandage Up","floor":40,"key":"SMITH"},{"data":"Heavy Blade","floor":42,"key":"SMITH"},{"floor":46,"key":"REST"},{"floor":49,"key":"REST"}],"neow_cost":"NONE","seed_source_timestamp":3463089592400,"circlet_count":0,"master_deck":["AscendersBane","Strike_R+1","Defend_R","Defend_R","Defend_R","Defend_R","Bash+1","Armaments+1","Panacea+1","Metallicize+1","Clothesline","Inflame+1","Iron Wave","Cleave","Bludgeon+1","Pommel Strike","Twin Strike","Whirlwind+1","Battle Trance","Inflame+1","Limit Break","Shrug It Off","Pommel Strike","Shrug It Off","Bandage Up+1","Heavy Blade+1","Offering","Twin Strike"],"relics":["Burning Blood","NeowsBlessing","PreservedInsect","Pocketwatch","Old Coin","Sozu","Bottled Lightning","Bag of Preparation","MutagenicStrength","Happy Flower","Ornamental Fan","Runic Cube","Gambling Chip","ClockworkSouvenir","Pantograph","The Courier"],"potions_floor_usage":[16,16,33],"damage_taken":[{"damage":0,"enemies":"2 Louse","floor":1,"turns":1},{"damage":0,"enemies":"3 Sentries","floor":7,"turns":2},{"damage":0,"enemies":"Gremlin Nob","floor":10,"turns":1},{"damage":7,"enemies":"Jaw Worm","floor":11,"turns":3},{"damage":1,"enemies":"Cultist","floor":12,"turns":3},{"damage":2,"enemies":"Looter","floor":14,"turns":4},{"damage":26,"enemies":"Hexaghost","floor":16,"turns":12},{"damage":11,"enemies":"Spheric Guardian","floor":18,"turns":4},{"damage":31,"enemies":"3 Byrds","floor":20,"turns":6},{"damage":15,"enemies":"Cultist and Chosen","floor":21,"turns":8},{"damage":9,"enemies":"Chosen and Byrds","floor":27,"turns":4},{"damage":42,"enemies":"Champ","floor":33,"turns":8},{"damage":0,"enemies":"3 Shapes","floor":35,"turns":4},{"damage":10,"enemies":"Mind Bloom Boss Battle","floor":36,"turns":5},{"damage":8,"enemies":"Orb Walker","floor":38,"turns":3},{"damage":21,"enemies":"Reptomancer","floor":41,"turns":4},{"damage":47,"enemies":"Transient","floor":45,"turns":6},{"damage":8,"enemies":"4 Shapes","floor":48,"turns":7},{"damage":84,"enemies":"Donu and Deca","floor":50,"turns":7}],"seed_played":"3047209454161503011","potions_obtained":[{"floor":7,"key":"Fire Potion"},{"floor":10,"key":"Poison Potion"},{"floor":16,"key":"SpeedPotion"}],"is_trial":false,"path_per_floor":["M","$","?","?","$","R","E","R","T","E","M","M","?","M","R","B",null,"M","$","M","M","?","R","?","?","T","M","R","$","R","T","R","B",null,"M","?","?","M","$","R","E","R","T","?","M","R","$","M","R","B"],"character_chosen":"IRONCLAD","items_purchased":["Panacea","Metallicize","Bottled Lightning","Bag of Preparation","Inflame","ClockworkSouvenir","Shrug It Off","Bandage Up","Twin Strike"],"campfire_rested":3,"item_purchase_floors":[2,5,19,19,29,39,39,39,47],"current_hp_per_floor":[74,74,51,51,51,51,57,57,57,63,62,67,41,45,45,25,63,58,58,33,24,24,46,46,46,46,43,43,43,43,43,43,7,58,64,60,60,58,58,58,49,49,49,49,14,36,36,40,62,0],"gold":141,"neow_bonus":"THREE_ENEMY_KILL","is_prod":false,"is_daily":false,"chose_seed":false,"campfire_upgraded":8,"win_rate":0,"timestamp":1562968060,"path_taken":["M","$","?","?","$","R","E","R","T","E","?","M","?","M","R","BOSS","M","$","M","M","?","R","?","?","T","M","R","$","R","?","R","BOSS","M","?","?","M","$","R","E","R","T","?","?","R","$","M","R","BOSS"],"build_version":"2019-07-05","purchased_purges":3,"victory":false,"max_hp_per_floor":[75,75,75,75,75,75,75,75,75,75,75,75,75,75,75,75,75,75,75,75,75,75,75,75,75,75,75,75,75,75,75,75,75,75,75,75,75,75,75,75,75,75,75,75,75,75,75,75,75,75],"card_choices":[{"not_picked":["True Grit","Reckless Charge"],"picked":"Armaments","floor":1},{"not_picked":["Wild Strike","Impervious"],"picked":"Clothesline","floor":7},{"not_picked":["Armaments","Carnage"],"picked":"Inflame","floor":10},{"not_picked":["Havoc","Pummel"],"picked":"Iron Wave","floor":11},{"not_picked":["Armaments","Sentinel"],"picked":"Cleave","floor":12},{"not_picked":["Armaments","Rupture","Clash"],"picked":"SKIP","floor":14},{"not_picked":["Brutality","Fiend Fire"],"picked":"Bludgeon","floor":16},{"not_picked":["Anger","Seeing Red"],"picked":"Pommel Strike","floor":18},{"not_picked":["Clash","Shockwave"],"picked":"Twin Strike","floor":20},{"not_picked":["Twin Strike","Havoc"],"picked":"Whirlwind+1","floor":21},{"not_picked":["Sword Boomerang","Clothesline"],"picked":"Battle Trance","floor":27},{"not_picked":["Bludgeon","Reaper"],"picked":"Limit Break","floor":33},{"not_picked":["Headbutt+1","True Grit+1"],"picked":"Shrug It Off","floor":35},{"not_picked":["Fire Breathing","Evolve+1"],"picked":"Pommel Strike","floor":36},{"not_picked":["Corruption","Perfected Strike+1","Clothesline"],"picked":"SKIP","floor":38},{"not_picked":["Pommel Strike","Flex"],"picked":"Heavy Blade","floor":41},{"not_picked":["Heavy Blade+1","Sentinel"],"picked":"Offering","floor":45},{"not_picked":["Sentinel","Perfected Strike","Thunderclap"],"picked":"SKIP","floor":48}],"player_experience":427754,"relics_obtained":[{"floor":7,"key":"PreservedInsect"},{"floor":9,"key":"Pocketwatch"},{"floor":10,"key":"Old Coin"},{"floor":26,"key":"Happy Flower"},{"floor":31,"key":"Ornamental Fan"},{"floor":36,"key":"Gambling Chip"},{"floor":41,"key":"Pantograph"},{"floor":43,"key":"The Courier"}],"event_choices":[{"damage_healed":0,"gold_gain":0,"player_choice":"Entered Light","damage_taken":23,"max_hp_gain":0,"max_hp_loss":0,"event_name":"Shining Light","floor":3,"gold_loss":0,"cards_upgraded":["Panacea","Strike_R"]},{"damage_healed":0,"gold_gain":50,"player_choice":"Pray","damage_taken":0,"max_hp_gain":0,"max_hp_loss":0,"event_name":"Golden Shrine","floor":4,"gold_loss":0},{"damage_healed":0,"gold_gain":0,"player_choice":"Take Damage","damage_taken":26,"relics_obtained":["Golden Idol"],"max_hp_gain":0,"max_hp_loss":0,"event_name":"Golden Idol","floor":13,"gold_loss":0},{"damage_healed":0,"gold_gain":0,"player_choice":"Inject Mutagens","damage_taken":0,"relics_obtained":["MutagenicStrength"],"max_hp_gain":0,"max_hp_loss":0,"event_name":"Drug Dealer","floor":22,"gold_loss":0},{"damage_healed":0,"gold_gain":0,"player_choice":"Paid Fearfully","damage_taken":0,"max_hp_gain":0,"max_hp_loss":0,"event_name":"Masked Bandits","floor":24,"gold_loss":53},{"damage_healed":0,"gold_gain":0,"player_choice":"Ignored","damage_taken":0,"max_hp_gain":0,"max_hp_loss":0,"event_name":"The Mausoleum","floor":25,"gold_loss":0},{"damage_healed":0,"gold_gain":0,"player_choice":"Fight","damage_taken":0,"max_hp_gain":0,"max_hp_loss":0,"event_name":"MindBloom","floor":36,"gold_loss":0},{"damage_healed":0,"gold_gain":333,"player_choice":"Gave Idol","damage_taken":0,"max_hp_gain":0,"max_hp_loss":0,"event_name":"The Moai Head","floor":37,"relics_lost":["Golden Idol"],"gold_loss":0},{"cards_removed":["Strike_R"],"damage_healed":0,"gold_gain":0,"player_choice":"Offered Basic","damage_taken":0,"max_hp_gain":0,"max_hp_loss":0,"event_name":"Bonfire Elementals","floor":44,"gold_loss":0}],"is_beta":false,"boss_relics":[{"not_picked":["Fusion Hammer","Lizard Tail"],"picked":"Sozu"},{"not_picked":["Runic Pyramid","Calling Bell"],"picked":"Runic Cube"}],"items_purged_floors":[19,39,47],"is_endless":false,"potions_floor_spawned":[7,10,14,16,21,33,38,41],"killed_by":"Donu and Deca","ascension_level":18}