{"gold_per_floor":[119,28,39,39,39,71,81,81,135,149,149,179,193,205,205,302,302,318,51,63,78,78,78,109,109,109,109,109,109,109,121,121,121],"floor_reached":33,"playtime":847,"items_purged":[],"score":440,"play_id":"fe546d0b-d844-45bc-82d6-be5ba26c263c","local_time":"20190521191936","is_ascension_mode":true,"campfire_choices":[{"data":"Inflame","floor":8,"key":"SMITH"},{"data":"Rampage","floor":11,"key":"SMITH"},{"data":"Heavy Blade","floor":15,"key":"SMITH"},{"data":"Double Tap","floor":23,"key":"SMITH"},{"floor":25,"key":"REST"},{"data":"Carnage","floor":27,"key":"SMITH"},{"data":"Shockwave","floor":30,"key":"SMITH"},{"data":"Iron Wave","floor":32,"key":"SMITH"}],"neow_cost":"NONE","seed_source_timestamp":8912053736100,"circlet_count":0,"master_deck":["AscendersBane","Strike_R","Strike_R","Strike_R","Defend_R","Defend_R","Defend_R","Defend_R","Bash+1","Cleave","Headbutt","Iron Wave+1","Inflame+1","Heavy Blade+1","Shockwave+1","Rampage+1","Carnage+1","Double Tap+1","Shrug It Off+1","Pommel Strike","True Grit+1","Shrug It Off+1"],"relics":["Burning Blood","Potion Belt","Pen Nib","Torii","Mark of Pain","Toxic Egg 2","MutagenicStrength","Red Skull","Matryoshka"],"potions_floor_usage":[6,10,12,16,20,24,33,33],"damage_taken":[{"damage":1,"enemies":"Cultist","floor":1,"turns":4},{"damage":3,"enemies":"2 Louse","floor":3,"turns":3},{"damage":25,"enemies":"3 Sentries","floor":6,"turns":7},{"damage":9,"enemies":"Jaw Worm","floor":7,"turns":3},{"damage":15,"enemies":"Gremlin Gang","floor":10,"turns":4},{"damage":25,"enemies":"Lagavulin","floor":12,"turns":6},{"damage":9,"enemies":"3 Louse","floor":13,"turns":3},{"damage":0,"enemies":"Large Slime","floor":14,"turns":3},{"damage":21,"enemies":"Slime Boss","floor":16,"turns":6},{"damage":1,"enemies":"Chosen","floor":18,"turns":4},{"damage":11,"enemies":"2 Thieves","floor":20,"turns":2},{"damage":24,"enemies":"Centurion and Healer","floor":21,"turns":5},{"damage":29,"enemies":"Gremlin Leader","floor":24,"turns":5},{"damage":1,"enemies":"Chosen and Byrds","floor":31,"turns":4},{"damage":79,"enemies":"Collector","floor":33,"turns":9}],"seed_played":"-6038224828345040564","potions_obtained":[{"floor":1,"key":"LiquidBronze"},{"floor":6,"key":"Regen Potion"},{"floor":7,"key":"Block Potion"},{"floor":13,"key":"Explosive Potion"},{"floor":14,"key":"EssenceOfSteel"},{"floor":16,"key":"Energy Potion"},{"floor":18,"key":"Poison Potion"},{"floor":31,"key":"BloodPotion"}],"is_trial":false,"path_per_floor":["M","$","M","$","?","E","M","R","T","M","R","E","M","M","R","B",null,"M","$","M","M","?","R","E","R","T","R","?","?","R","M","R","B"],"character_chosen":"IRONCLAD","items_purchased":["Headbutt","Iron Wave","Toxic Egg 2","Shrug It Off+1"],"campfire_rested":1,"item_purchase_floors":[2,2,19,19],"current_hp_per_floor":[77,77,80,80,80,61,58,58,58,49,49,45,42,48,48,33,68,73,73,68,50,50,50,27,51,51,51,51,51,51,56,56,0],"gold":121,"neow_bonus":"UPGRADE_CARD","is_prod":false,"is_daily":false,"chose_seed":false,"campfire_upgraded":7,"win_rate":0,"timestamp":1558480776,"path_taken":["M","$","M","$","?","E","M","R","T","?","R","E","M","M","R","BOSS","M","$","M","M","?","R","E","R","T","R","?","?","R","M","R","BOSS"],"build_version":"2019-01-23","purchased_purges":0,"victory":false,"max_hp_per_floor":[80,80,80,80,80,80,80,80,80,80,80,80,80,80,80,80,80,80,80,80,80,80,80,80,80,80,80,80,80,80,80,80,80],"card_choices":[{"not_picked":["Intimidate","Sword Boomerang"],"picked":"Cleave","floor":1},{"not_picked":["Iron Wave","Infernal Blade"],"picked":"Inflame","floor":3},{"not_picked":["Feel No Pain","Warcry"],"picked":"Heavy Blade","floor":6},{"not_picked":["Second Wind","Feel No Pain"],"picked":"Shockwave","floor":7},{"not_picked":["Inflame","Infernal Blade"],"picked":"Rampage","floor":10},{"not_picked":["Sword Boomerang","Feel No Pain","Anger"],"picked":"SKIP","floor":12},{"not_picked":["Headbutt","Sentinel","Body Slam"],"picked":"SKIP","floor":13},{"not_picked":["Wild Strike","Sever Soul"],"picked":"Carnage","floor":14},{"not_picked":["Brutality","Impervious"],"picked":"Double Tap","floor":16},{"not_picked":["Perfected Strike","Cleave","Clash+1"],"picked":"SKIP","floor":18},{"not_picked":["Wild Strike","Searing Blow","Intimidate+1"],"picked":"SKIP","floor":20},{"not_picked":["Cleave","Flex+1","Sentinel+1"],"picked":"SKIP","floor":21},{"not_picked":["Fiend Fire","Searing Blow"],"picked":"Pommel Strike","floor":24},{"not_picked":["Flex+1","Sever Soul"],"picked":"Shrug It Off+1","floor":31}],"player_experience":341644,"relics_obtained":[{"floor":6,"key":"Potion Belt"},{"floor":9,"key":"Pen Nib"},{"floor":12,"key":"Torii"},{"floor":24,"key":"Red Skull"},{"floor":26,"key":"Matryoshka"}],"event_choices":[{"cards_removed":["Strike_R"],"damage_healed":0,"gold_gain":0,"player_choice":"Offered Basic","damage_taken":0,"max_hp_gain":0,"max_hp_loss":0,"event_name":"Bonfire Elementals","floor":5,"gold_loss":0},{"damage_healed":0,"gold_gain":0,"player_choice":"Inject Mutagens","damage_taken":0,"relics_obtained":["MutagenicStrength"],"max_hp_gain":0,"max_hp_loss":0,"event_name":"Drug Dealer","floor":22,"gold_loss":0},{"damage_healed":0,"gold_gain":0,"player_choice":"Read","damage_taken":0,"max_hp_gain":0,"max_hp_loss":0,"event_name":"The Library","floor":28,"gold_loss":0,"cards_obtained":["True Grit"]},{"cards_removed":["Strike_R"],"damage_healed":0,"gold_gain":0,"player_choice":"Card Removal","damage_taken":0,"max_hp_gain":0,"max_hp_loss":0,"event_name":"Wheel of Change","floor":29,"gold_loss":0}],"is_beta":false,"boss_relics":[{"not_picked":["Sozu","Tiny House"],"picked":"Mark of Pain"}],"items_purged_floors":[],"is_endless":false,"potions_floor_spawned":[1,6,7,13,14,16,18,31],"killed_by":"Collector","ascension_level":12}