{"gold_per_floor":[110,110,125,4,18,18,43,43,43,43,118,133,133,33,33,132,132,152,152],"floor_reached":19,"playtime":918,"items_purged":["Strike_R","Strike_R"],"score":256,"play_id":"1c88b31a-8602-4ad7-9c76-899d48b02cd0","local_time":"20190515214342","is_ascension_mode":true,"campfire_choices":[{"data":"Bash","floor":6,"key":"SMITH"},{"data":"True Grit","floor":15,"key":"SMITH"}],"neow_cost":"NONE","seed_source_timestamp":17035745735199,"circlet_count":0,"master_deck":["AscendersBane","Strike_R","Defend_R","Defend_R","Defend_R","Defend_R","Bash+1","Limit Break","Headbutt","Wild Strike","Battle Trance","Heavy Blade","Clothesline","True Grit+1","Double Tap"],"relics":["Burning Blood","Blue Candle","Blood Vial","Paper Frog","Eternal Feather"],"potions_floor_usage":[19],"damage_taken":[{"damage":5,"enemies":"Small Slimes","floor":1,"turns":4},{"damage":1,"enemies":"Cultist","floor":3,"turns":3},{"damage":2,"enemies":"Jaw Worm","floor":5,"turns":3},{"damage":16,"enemies":"Gremlin Nob","floor":7,"turns":3},{"damage":45,"enemies":"Exordium Thugs","floor":12,"turns":7},{"damage":47,"enemies":"The Guardian","floor":16,"turns":16},{"damage":46,"enemies":"Spheric Guardian","floor":18,"turns":6},{"damage":26,"enemies":"3 Byrds","floor":19,"turns":4}],"seed_played":"4751456091781322435","potions_obtained":[{"floor":3,"key":"AttackPotion"},{"floor":16,"key":"Strength Potion"}],"is_trial":false,"path_per_floor":["M","?","M","$","M","R","E","?","T","$","?","M","?","$","R","B",null,"M","M"],"character_chosen":"IRONCLAD","items_purchased":["Heavy Blade"],"campfire_rested":0,"item_purchase_floors":[4],"current_hp_per_floor":[73,73,78,78,80,80,70,70,70,70,59,22,48,48,48,9,62,24,0],"gold":152,"neow_bonus":"TRANSFORM_CARD","is_prod":false,"is_daily":false,"chose_seed":false,"campfire_upgraded":2,"win_rate":0,"timestamp":1557971022,"path_taken":["M","?","M","$","?","R","E","?","T","?","?","M","?","$","R","BOSS","M","M"],"build_version":"2019-01-23","purchased_purges":2,"victory":false,"max_hp_per_floor":[80,80,80,80,80,80,80,80,80,80,80,80,80,80,80,80,80,80,80],"card_choices":[{"not_picked":["Fire Breathing","Anger"],"picked":"Headbutt","floor":1},{"not_picked":["Disarm","Flex"],"picked":"Battle Trance","floor":3},{"not_picked":["Heavy Blade","Anger","Rupture"],"picked":"SKIP","floor":5},{"not_picked":["Battle Trance","Body Slam"],"picked":"Clothesline","floor":7},{"not_picked":["Feel No Pain","Rage"],"picked":"True Grit","floor":12},{"not_picked":["Limit Break","Exhume"],"picked":"Double Tap","floor":16},{"not_picked":["Fire Breathing","Uppercut","Rampage"],"picked":"SKIP","floor":18}],"player_experience":286588,"relics_obtained":[{"floor":7,"key":"Blue Candle"},{"floor":9,"key":"Paper Frog"}],"event_choices":[{"damage_healed":0,"gold_gain":0,"cards_transformed":["Strike_R"],"player_choice":"Transformed","damage_taken":0,"max_hp_gain":0,"max_hp_loss":0,"event_name":"Transmorgrifier","floor":2,"gold_loss":0,"cards_obtained":["Wild Strike"]},{"damage_healed":0,"gold_gain":0,"player_choice":"Gave Potion","damage_taken":0,"relics_obtained":["Blood Vial"],"max_hp_gain":0,"max_hp_loss":0,"event_name":"WeMeetAgain","floor":8,"gold_loss":0},{"damage_healed":0,"gold_gain":75,"player_choice":"Gather Gold","damage_taken":11,"max_hp_gain":0,"max_hp_loss":0,"event_name":"World of Goop","floor":11,"gold_loss":0},{"damage_healed":26,"gold_gain":0,"player_choice":"Banana","damage_taken":0,"max_hp_gain":0,"max_hp_loss":0,"event_name":"Big Fish","floor":13,"gold_loss":0}],"is_beta":false,"boss_relics":[{"not_picked":["Coffee Dripper","Lizard Tail"],"picked":"Eternal Feather"}],"items_purged_floors":[4,14],"is_endless":false,"potions_floor_spawned":[3,16],"killed_by":"3 Byrds","ascension_level":11}