{"gold_per_floor":[118,137,156,12,22,57,57,76,76,88,105,116,116,130,130,232,232,232,232,232,232,81,81,6,6,6,6,6,6,6,6,6,6,6,6,6,6,6,6,6,6,6,6,6,6,6,6,6,6,6],"floor_reached":50,"playtime":2664,"items_purged":["Strike_R+1"],"score":777,"play_id":"00bf5d41-f8b0-4e6e-a040-d1a82f6b14d7","local_time":"20190510171649","is_ascension_mode":true,"campfire_choices":[{"data":"Heavy Blade","floor":7,"key":"SMITH"},{"data":"Inflame","floor":13,"key":"SMITH"},{"data":"True Grit","floor":15,"key":"SMITH"},{"data":"Inflame","floor":23,"key":"SMITH"},{"data":"Bash","floor":25,"key":"SMITH"},{"data":"Shrug It Off","floor":28,"key":"SMITH"},{"floor":32,"key":"REST"},{"floor":40,"key":"REST"},{"data":"Immolate","floor":44,"key":"SMITH"},{"floor":46,"key":"REST"},{"data":"Sword Boomerang","floor":49,"key":"SMITH"}],"neow_cost":"NONE","seed_source_timestamp":22909505549300,"circlet_count":0,"master_deck":["AscendersBane","Strike_R+1","Strike_R+1","Strike_R+1","Defend_R+1","Defend_R+1","Defend_R+1","Defend_R+1","Bash+1","Heavy Blade+1","Shrug It Off+1","Inflame+1","Twin Strike","True Grit+1","Inflame+1","Sword Boomerang+1","Immolate+1","Headbutt","Finesse","Spot Weakness","Pommel Strike+1","Heavy Blade+1","Sword Boomerang+1"],"relics":["Burning Blood","Vajra","Centennial Puzzle","Thread and Needle","Ectoplasm","Enchiridion","Potion Belt","Mark of Pain","Prayer Wheel","StoneCalendar","Lantern"],"potions_floor_usage":[8,16,16,27,36,41,47,50,50,50],"damage_taken":[{"damage":1,"enemies":"Cultist","floor":1,"turns":4},{"damage":3,"enemies":"Small Slimes","floor":2,"turns":3},{"damage":11,"enemies":"2 Louse","floor":3,"turns":3},{"damage":7,"enemies":"2 Fungi Beasts","floor":5,"turns":4},{"damage":32,"enemies":"Gremlin Nob","floor":6,"turns":4},{"damage":14,"enemies":"Exordium Thugs","floor":8,"turns":3},{"damage":7,"enemies":"Looter","floor":10,"turns":3},{"damage":0,"enemies":"Large Slime","floor":11,"turns":5},{"damage":5,"enemies":"2 Fungi Beasts","floor":12,"turns":3},{"damage":0,"enemies":"Red Slaver","floor":14,"turns":2},{"damage":29,"enemies":"Slime Boss","floor":16,"turns":4},{"damage":7,"enemies":"Shell Parasite","floor":18,"turns":4},{"damage":7,"enemies":"2 Thieves","floor":24,"turns":4},{"damage":11,"enemies":"3 Cultists","floor":27,"turns":4},{"damage":0,"enemies":"Snake Plant","floor":29,"turns":2},{"damage":8,"enemies":"Shelled Parasite and Fungi","floor":30,"turns":3},{"damage":13,"enemies":"Champ","floor":33,"turns":6},{"damage":3,"enemies":"3 Darklings","floor":35,"turns":3},{"damage":27,"enemies":"2 Orb Walkers","floor":36,"turns":4},{"damage":30,"enemies":"Giant Head","floor":41,"turns":6},{"damage":10,"enemies":"3 Shapes","floor":42,"turns":5},{"damage":12,"enemies":"Spire Growth","floor":45,"turns":2},{"damage":0,"enemies":"Sphere and 2 Shapes","floor":47,"turns":3},{"damage":123,"enemies":"Awakened One","floor":50,"turns":7}],"seed_played":"4000403055239371278","potions_obtained":[{"floor":5,"key":"Explosive Potion"},{"floor":10,"key":"SteroidPotion"},{"floor":11,"key":"GamblersBrew"},{"floor":12,"key":"Fire Potion"},{"floor":21,"key":"Energy Potion"},{"floor":21,"key":"Regen Potion"},{"floor":30,"key":"GamblersBrew"},{"floor":33,"key":"BloodPotion"},{"floor":36,"key":"Energy Potion"},{"floor":41,"key":"Explosive Potion"},{"floor":45,"key":"Fire Potion"}],"is_trial":false,"path_per_floor":["M","M","M","$","M","E","R","M","T","M","M","M","R","M","R","B",null,"M","?","?","?","$","R","M","R","T","M","R","M","M","?","R","B",null,"M","?","?","?","?","R","E","M","T","R","M","R","M","$","R","B"],"character_chosen":"IRONCLAD","items_purchased":["Vajra","Inflame"],"campfire_rested":3,"item_purchase_floors":[4,22],"current_hp_per_floor":[77,80,75,75,74,48,48,40,40,39,45,46,46,52,52,29,67,66,50,50,50,50,50,49,49,49,53,53,59,57,57,80,73,78,80,59,59,59,59,80,56,52,52,52,46,70,76,76,76,0],"gold":6,"neow_bonus":"THREE_CARDS","is_prod":false,"is_daily":false,"chose_seed":false,"campfire_upgraded":8,"win_rate":0,"timestamp":1557523009,"path_taken":["M","M","M","$","?","E","R","M","T","M","M","M","R","M","R","BOSS","M","?","?","?","$","R","?","R","T","M","R","M","M","?","R","BOSS","M","?","?","?","?","R","E","M","T","R","M","R","M","$","R","BOSS"],"build_version":"2019-01-23","purchased_purges":1,"victory":false,"max_hp_per_floor":[80,80,80,80,80,80,80,80,80,80,80,80,80,80,80,80,80,80,80,80,80,80,80,80,80,80,80,80,80,80,80,80,80,80,80,80,80,80,80,80,80,80,80,80,80,80,80,80,80,80],"card_choices":[{"not_picked":["Pommel Strike","True Grit"],"picked":"Heavy Blade","floor":0},{"not_picked":["Headbutt","Seeing Red"],"picked":"Shrug It Off","floor":1},{"not_picked":["Heavy Blade","Twin Strike"],"picked":"Inflame","floor":2},{"not_picked":["Body Slam","Carnage"],"picked":"Twin Strike","floor":3},{"not_picked":["Cleave","Blood for Blood"],"picked":"Ghostly Armor","floor":5},{"not_picked":["Armaments","Feel No Pain","Juggernaut"],"picked":"SKIP","floor":6},{"not_picked":["Havoc","Body Slam"],"picked":"True Grit","floor":8},{"not_picked":["Havoc","Seeing Red","Heavy Blade"],"picked":"SKIP","floor":10},{"not_picked":["Dropkick","Reckless Charge","Corruption"],"picked":"SKIP","floor":11},{"not_picked":["Shrug It Off","Power Through","Dropkick"],"picked":"SKIP","floor":12},{"not_picked":["Warcry","Shrug It Off","Body Slam"],"picked":"SKIP","floor":14},{"not_picked":["Infernal Blade","Heavy Blade","Clash"],"picked":"SKIP","floor":18},{"not_picked":["Disarm+1","Thunderclap","Infernal Blade+1"],"picked":"SKIP","floor":24},{"not_picked":["Clash","Thunderclap"],"picked":"Sword Boomerang","floor":27},{"not_picked":["Body Slam+1","Flex","Feel No Pain+1"],"picked":"SKIP","floor":29},{"not_picked":["Dual Wield+1","Iron Wave","Armaments"],"picked":"SKIP","floor":30},{"not_picked":["Offering","Dark Embrace"],"picked":"Immolate","floor":33},{"not_picked":["Burning Pact","Thunderclap","Shrug It Off+1"],"picked":"SKIP","floor":35},{"not_picked":["Second Wind+1","Fiend Fire"],"picked":"Headbutt","floor":36},{"not_picked":["Impatience","Dark Shackles"],"picked":"Finesse","floor":38},{"not_picked":["Blood for Blood","Ghostly Armor"],"picked":"Pommel Strike+1","floor":41},{"not_picked":["True Grit+1","Intimidate","Havoc"],"picked":"SKIP","floor":42},{"not_picked":["Flex","Havoc+1","Disarm"],"picked":"SKIP","floor":42},{"not_picked":["Shrug It Off+1","Searing Blow"],"picked":"Heavy Blade+1","floor":45},{"not_picked":["Wild Strike+1","Cleave+1","Ghostly Armor+1"],"picked":"SKIP","floor":45},{"not_picked":["Pommel Strike","Inflame+1"],"picked":"Sword Boomerang+1","floor":47},{"not_picked":["Clothesline+1","Exhume","Warcry"],"picked":"SKIP","floor":47}],"player_experience":240336,"relics_obtained":[{"floor":6,"key":"Centennial Puzzle"},{"floor":9,"key":"Thread and Needle"},{"floor":19,"key":"Enchiridion"},{"floor":26,"key":"Potion Belt"},{"floor":36,"key":"Prayer Wheel"},{"floor":41,"key":"StoneCalendar"},{"floor":43,"key":"Lantern"}],"event_choices":[{"damage_healed":0,"gold_gain":0,"player_choice":"Obtained Book","damage_taken":16,"max_hp_gain":0,"max_hp_loss":0,"event_name":"Cursed Tome","floor":19,"gold_loss":0},{"damage_healed":0,"gold_gain":0,"player_choice":"Simplicity","damage_taken":0,"max_hp_gain":0,"max_hp_loss":0,"event_name":"Back to Basics","floor":20,"gold_loss":0,"cards_upgraded":["Strike_R","Strike_R","Strike_R","Strike_R","Strike_R","Defend_R","Defend_R","Defend_R","Defend_R"]},{"damage_healed":0,"gold_gain":0,"player_choice":"Got Potions","damage_taken":0,"max_hp_gain":0,"max_hp_loss":0,"event_name":"Lab","floor":21,"gold_loss":0},{"damage_healed":0,"gold_gain":0,"player_choice":"Ignored","damage_taken":0,"max_hp_gain":0,"max_hp_loss":0,"event_name":"Beggar","floor":31,"gold_loss":0},{"damage_healed":0,"gold_gain":0,"player_choice":"Fight","damage_taken":0,"max_hp_gain":0,"max_hp_loss":0,"event_name":"Mysterious Sphere","floor":36,"gold_loss":0},{"cards_removed":["Ghostly Armor"],"damage_healed":0,"gold_gain":0,"player_choice":"Removed Skill","damage_taken":0,"max_hp_gain":0,"max_hp_loss":0,"event_name":"Falling","floor":37,"gold_loss":0},{"damage_healed":0,"gold_gain":0,"player_choice":"Memory 1","damage_taken":0,"max_hp_gain":0,"max_hp_loss":0,"event_name":"SensoryStone","floor":38,"gold_loss":0},{"damage_healed":0,"gold_gain":0,"cards_transformed":["Strike_R"],"player_choice":"Transformed","damage_taken":0,"max_hp_gain":0,"max_hp_loss":0,"event_name":"Transmorgrifier","floor":39,"gold_loss":0,"cards_obtained":["Spot Weakness"]}],"is_beta":false,"boss_relics":[{"not_picked":["Runic Cube","Pandora\u0027s Box"],"picked":"Ectoplasm"},{"not_picked":["Runic Dome","Snecko Eye"],"picked":"Mark of Pain"}],"items_purged_floors":[22],"is_endless":false,"potions_floor_spawned":[5,10,11,12,14,30,33,36,41,45],"killed_by":"Awakened One","ascension_level":11}