{"gold_per_floor":[113,130,130,6,6,6,6,6,33,33,49,83,99,151,151,228,228,238,238,256,256,270,301,317,317,365,398,398,69,69,80,80,80],"floor_reached":33,"playtime":997,"items_purged":["Strike_R","Doubt"],"score":481,"play_id":"93102916-cbd4-46ab-ab59-b46d7e3054f4","local_time":"20190605171202","is_ascension_mode":true,"campfire_choices":[{"data":"Bash","floor":6,"key":"SMITH"},{"data":"Metallicize","floor":8,"key":"SMITH"},{"data":"Flame Barrier","floor":10,"key":"SMITH"},{"data":"Rampage","floor":15,"key":"SMITH"},{"data":"Whirlwind","floor":25,"key":"SMITH"},{"floor":30,"key":"REST"},{"data":"Panacea","floor":32,"key":"SMITH"}],"neow_cost":"NONE","seed_source_timestamp":637475507300,"circlet_count":0,"master_deck":["AscendersBane","Strike_R+1","Strike_R+1","Strike_R+1","Defend_R+1","Defend_R+1","Defend_R+1","Defend_R+1","Bash+1","Iron Wave","Metallicize+1","Flame Barrier+1","Headbutt","Sword Boomerang","Rampage+1","Reaper","Whirlwind+1","Inflame+1","Iron Wave","Armaments","Infernal Blade","Feed","Panacea+1","Uppercut","Shrug It Off"],"relics":["Burning Blood","Potion Belt","Frozen Egg 2","PreservedInsect","Cursed Key","Dream Catcher","Shuriken","Juzu Bracelet","Meat on the Bone"],"potions_floor_usage":[23,27,33,33],"damage_taken":[{"damage":7,"enemies":"Jaw Worm","floor":1,"turns":4},{"damage":6,"enemies":"Cultist","floor":2,"turns":4},{"damage":3,"enemies":"Small Slimes","floor":11,"turns":4},{"damage":20,"enemies":"Gremlin Nob","floor":12,"turns":5},{"damage":1,"enemies":"2 Fungi Beasts","floor":13,"turns":4},{"damage":45,"enemies":"Slime Boss","floor":16,"turns":11},{"damage":3,"enemies":"Shell Parasite","floor":18,"turns":6},{"damage":9,"enemies":"Spheric Guardian","floor":20,"turns":5},{"damage":7,"enemies":"Snecko","floor":22,"turns":4},{"damage":8,"enemies":"Gremlin Leader","floor":23,"turns":4},{"damage":19,"enemies":"Snake Plant","floor":24,"turns":4},{"damage":34,"enemies":"Book of Stabbing","floor":27,"turns":4},{"damage":42,"enemies":"Colosseum Slavers","floor":28,"turns":6},{"damage":1,"enemies":"Chosen and Byrds","floor":31,"turns":4},{"damage":67,"enemies":"Automaton","floor":33,"turns":10}],"seed_played":"-5106858412457739614","potions_obtained":[{"floor":12,"key":"FearPotion"},{"floor":22,"key":"Ancient Potion"},{"floor":24,"key":"SpeedPotion"},{"floor":31,"key":"Swift Potion"}],"is_trial":false,"path_per_floor":["M","M","?","$","?","R","$","R","T","R","M","E","M","T","R","B",null,"M","?","M","?","M","E","M","R","T","E","?","$","R","M","R","B"],"character_chosen":"IRONCLAD","items_purchased":["Headbutt","Feed","Panacea"],"campfire_rested":1,"item_purchase_floors":[4,29,29],"current_hp_per_floor":[67,67,72,72,72,72,72,72,72,72,75,61,66,66,66,27,67,72,72,73,73,80,78,65,65,65,37,19,19,43,51,51,0],"gold":80,"neow_bonus":"THREE_CARDS","is_prod":false,"is_daily":false,"chose_seed":false,"campfire_upgraded":6,"win_rate":0,"timestamp":1559769122,"path_taken":["M","M","?","$","?","R","$","R","T","R","?","E","M","?","R","BOSS","M","?","M","?","?","E","M","R","T","E","?","$","R","M","R","BOSS"],"build_version":"2019-01-23","purchased_purges":2,"victory":false,"max_hp_per_floor":[75,75,80,80,80,80,80,80,80,80,80,80,80,80,80,80,80,80,80,80,80,80,80,80,80,80,80,80,80,80,83,83,83],"card_choices":[{"not_picked":["Corruption","Headbutt"],"picked":"Iron Wave","floor":0},{"not_picked":["Anger","Ghostly Armor"],"picked":"Metallicize","floor":1},{"not_picked":["Disarm","Havoc"],"picked":"Flame Barrier","floor":2},{"not_picked":["Havoc","Body Slam","Fire Breathing"],"picked":"SKIP","floor":11},{"not_picked":["Flex","Ghostly Armor"],"picked":"Sword Boomerang","floor":12},{"not_picked":["Spot Weakness","Thunderclap"],"picked":"Rampage","floor":13},{"not_picked":["Dark Embrace+1","Limit Break"],"picked":"Reaper","floor":16},{"not_picked":["Intimidate","Wild Strike"],"picked":"Whirlwind","floor":18},{"not_picked":["Body Slam","Disarm"],"picked":"Inflame+1","floor":20},{"not_picked":["Havoc","Clothesline"],"picked":"Iron Wave","floor":22},{"not_picked":["Pommel Strike","Thunderclap"],"picked":"Armaments","floor":23},{"not_picked":["Whirlwind","Dual Wield","Warcry"],"picked":"SKIP","floor":24},{"not_picked":["Flex","Power Through"],"picked":"Infernal Blade","floor":27},{"not_picked":["Bloodletting","Reckless Charge"],"picked":"Uppercut","floor":30},{"not_picked":["Pommel Strike+1","Warcry"],"picked":"Shrug It Off","floor":31}],"player_experience":376831,"relics_obtained":[{"floor":9,"key":"Potion Belt"},{"floor":12,"key":"Frozen Egg 2"},{"floor":14,"key":"PreservedInsect"},{"floor":23,"key":"Shuriken"},{"floor":26,"key":"Juzu Bracelet"},{"floor":27,"key":"Meat on the Bone"}],"event_choices":[{"damage_healed":0,"gold_gain":0,"player_choice":"Donut","damage_taken":0,"max_hp_gain":5,"max_hp_loss":0,"event_name":"Big Fish","floor":3,"gold_loss":0},{"cards_removed":["Strike_R"],"damage_healed":0,"gold_gain":0,"player_choice":"Offered Basic","damage_taken":0,"max_hp_gain":0,"max_hp_loss":0,"event_name":"Bonfire Elementals","floor":5,"gold_loss":0},{"damage_healed":0,"gold_gain":0,"player_choice":"Simplicity","damage_taken":0,"max_hp_gain":0,"max_hp_loss":0,"event_name":"Back to Basics","floor":19,"gold_loss":0,"cards_upgraded":["Strike_R","Strike_R","Strike_R","Defend_R","Defend_R","Defend_R","Defend_R"]},{"damage_healed":0,"gold_gain":0,"player_choice":"Opened","damage_taken":0,"relics_obtained":["Dream Catcher"],"max_hp_gain":0,"max_hp_loss":0,"event_name":"The Mausoleum","floor":21,"gold_loss":0},{"damage_healed":0,"gold_gain":0,"player_choice":"Fight","damage_taken":0,"max_hp_gain":0,"max_hp_loss":0,"event_name":"Colosseum","floor":28,"gold_loss":0},{"damage_healed":0,"gold_gain":0,"player_choice":"Fled From Nobs","damage_taken":0,"max_hp_gain":0,"max_hp_loss":0,"event_name":"Colosseum","floor":28,"gold_loss":0}],"is_beta":false,"boss_relics":[{"not_picked":["Sozu","Philosopher\u0027s Stone"],"picked":"Cursed Key"}],"items_purged_floors":[4,29],"is_endless":false,"potions_floor_spawned":[12,22,24,31],"killed_by":"Automaton","ascension_level":14}