{"gold_per_floor":[116,133,147,163,177,177,177,195,195,206,218,249,249,277,277,382,382,392,392,411,411,424,424,455,468,494,494,510,510],"floor_reached":29,"playtime":1590,"items_purged":[],"score":300,"play_id":"4bb8a004-09f5-482c-b730-4275e583ea61","local_time":"20190324155533","is_ascension_mode":true,"campfire_choices":[{"floor":6,"key":"REST"},{"floor":13,"key":"REST"},{"floor":15,"key":"REST"},{"floor":23,"key":"REST"},{"floor":27,"key":"REST"}],"neow_cost":"PERCENT_DAMAGE","seed_source_timestamp":7261241467200,"circlet_count":0,"master_deck":["Strike_B+1","Strike_B+1","Strike_B+1","Strike_B+1","Defend_B+1","Defend_B+1","Defend_B+1","Defend_B+1","Zap","Dualcast","Echo Form","Conserve Battery","Go for the Eyes+1","Cold Snap","Beam Cell+1","Rebound","Go for the Eyes","Streamline","Steam","Leap","Amplify","Biased Cognition","Turbo+1","Hello World","Steam","Zap","Gash","Turbo","FTL+1","Go for the Eyes"],"relics":["Cracked Core","Ornamental Fan","Sundial","Blood Vial","Busted Crown","Shuriken","Whetstone"],"potions_floor_usage":[12,12,12,25],"damage_taken":[{"damage":4,"enemies":"Cultist","floor":1,"turns":5},{"damage":2,"enemies":"2 Louse","floor":2,"turns":3},{"damage":2,"enemies":"Jaw Worm","floor":3,"turns":3},{"damage":10,"enemies":"Looter","floor":4,"turns":4},{"damage":7,"enemies":"Red Slaver","floor":5,"turns":4},{"damage":8,"enemies":"Blue Slaver","floor":8,"turns":3},{"damage":13,"enemies":"Large Slime","floor":10,"turns":6},{"damage":14,"enemies":"3 Louse","floor":11,"turns":3},{"damage":18,"enemies":"Lagavulin","floor":12,"turns":8},{"damage":6,"enemies":"Gremlin Nob","floor":14,"turns":4},{"damage":43,"enemies":"Slime Boss","floor":16,"turns":13},{"damage":0,"enemies":"Chosen","floor":18,"turns":3},{"damage":20,"enemies":"Spheric Guardian","floor":20,"turns":4},{"damage":19,"enemies":"3 Cultists","floor":22,"turns":5},{"damage":45,"enemies":"Book of Stabbing","floor":24,"turns":7},{"damage":30,"enemies":"Snake Plant","floor":25,"turns":6},{"damage":2,"enemies":"Cultist and Chosen","floor":28,"turns":5},{"damage":29,"enemies":"Slavers","floor":29,"turns":3}],"seed_played":"-263879271671109839","potions_obtained":[{"floor":2,"key":"Block Potion"},{"floor":4,"key":"Regen Potion"},{"floor":5,"key":"Strength Potion"},{"floor":11,"key":"AttackPotion"},{"floor":22,"key":"Regen Potion"}],"is_trial":false,"path_per_floor":["M","M","M","M","M","R","?","M","T","M","M","E","R","E","R","B",null,"M","?","M","?","M","R","E","M","T","R","M","E"],"character_chosen":"DEFECT","items_purchased":[],"campfire_rested":5,"item_purchase_floors":[],"current_hp_per_floor":[50,48,46,36,29,51,51,43,43,30,16,13,35,29,51,10,75,75,75,55,55,38,60,17,4,4,26,26,0],"gold":510,"neow_bonus":"THREE_RARE_CARDS","is_prod":false,"is_daily":false,"chose_seed":false,"campfire_upgraded":0,"win_rate":0,"timestamp":1553457333,"path_taken":["M","M","M","?","M","R","?","M","T","M","M","E","R","E","R","BOSS","M","?","M","?","M","R","E","M","T","R","?","E"],"build_version":"2019-01-23","purchased_purges":0,"victory":false,"max_hp_per_floor":[75,75,75,75,75,75,75,75,75,75,75,75,75,75,75,75,75,75,75,75,75,75,75,75,75,75,75,75,75],"card_choices":[{"not_picked":["Amplify","Rainbow"],"picked":"Echo Form","floor":0},{"not_picked":["Redo","Hologram"],"picked":"Conserve Battery","floor":1},{"not_picked":["Redo","Rip and Tear"],"picked":"Go for the Eyes","floor":2},{"not_picked":["Consume","Chill"],"picked":"Cold Snap","floor":3},{"not_picked":["Compile Driver","Steam"],"picked":"Beam Cell","floor":4},{"not_picked":["Steam","Reinforced Body"],"picked":"Rebound","floor":5},{"not_picked":["Turbo","Reinforced Body"],"picked":"Go for the Eyes","floor":8},{"not_picked":["Compile Driver","Beam Cell"],"picked":"Streamline","floor":10},{"not_picked":["Fusion","Fission"],"picked":"Steam","floor":11},{"not_picked":["Undo","Ball Lightning"],"picked":"Leap","floor":12},{"not_picked":["Coolheaded","Thunder Strike"],"picked":"Amplify","floor":14},{"not_picked":["Echo Form","Meteor Strike"],"picked":"Biased Cognition","floor":16},{"not_picked":[],"picked":"Turbo+1","floor":18},{"not_picked":[],"picked":"Hello World","floor":20},{"not_picked":[],"picked":"Gash","floor":22},{"not_picked":[],"picked":"Turbo","floor":24},{"not_picked":[],"picked":"FTL+1","floor":25},{"not_picked":[],"picked":"Go for the Eyes","floor":28}],"player_experience":65412,"relics_obtained":[{"floor":9,"key":"Ornamental Fan"},{"floor":12,"key":"Sundial"},{"floor":14,"key":"Blood Vial"},{"floor":24,"key":"Shuriken"},{"floor":26,"key":"Whetstone"}],"event_choices":[{"damage_healed":0,"gold_gain":0,"player_choice":"Ignored","damage_taken":0,"max_hp_gain":0,"max_hp_loss":0,"event_name":"Liars Game","floor":7,"gold_loss":0},{"damage_healed":0,"gold_gain":0,"player_choice":"Simplicity","damage_taken":0,"max_hp_gain":0,"max_hp_loss":0,"event_name":"Back to Basics","floor":19,"gold_loss":0,"cards_upgraded":["Strike_B","Strike_B","Strike_B","Strike_B","Defend_B","Defend_B","Defend_B","Defend_B"]},{"damage_healed":0,"gold_gain":0,"player_choice":"2 cards matched","damage_taken":0,"max_hp_gain":0,"max_hp_loss":0,"event_name":"Match and Keep!","floor":21,"gold_loss":0,"cards_obtained":["Steam","Zap"]}],"is_beta":false,"boss_relics":[{"not_picked":["White Beast Statue","Velvet Choker"],"picked":"Busted Crown"}],"items_purged_floors":[],"is_endless":false,"potions_floor_spawned":[2,4,5,8,11,22],"killed_by":"Slavers","ascension_level":3}