{"gold_per_floor":[209,46,46,46,46,89,108,108,108,2,25,25,41,66,66,197,197,217,217,237,14,34,34,57,57,126,141,141,164,164],"floor_reached":30,"playtime":1420,"items_purged":[],"score":324,"play_id":"63d3cb38-97ec-409a-9817-9a8686a82b57","local_time":"20190327190821","is_ascension_mode":true,"campfire_choices":[{"data":"Demon Form","floor":8,"key":"SMITH"},{"floor":12,"key":"REST"},{"data":"Flame Barrier","floor":15,"key":"SMITH"},{"data":"Limit Break","floor":23,"key":"SMITH"},{"floor":25,"key":"REST"},{"data":"Pommel Strike","floor":28,"key":"SMITH"}],"neow_cost":"NONE","seed_source_timestamp":12697436661900,"circlet_count":0,"master_deck":["Strike_R","Strike_R","Strike_R","Strike_R","Strike_R","Defend_R","Defend_R","Defend_R","Defend_R","Bash","Flex","Rampage","Reckless Charge","Armaments+1","Demon Form+1","Wild Strike","Rage","Bloodletting","Flame Barrier+1","Heavy Blade","Iron Wave","Double Tap","Thunderclap+1","Perfected Strike","Limit Break+1","Evolve","Pommel Strike+1","Wild Strike","Immolate","Power Through"],"relics":["Burning Blood","Golden Idol","Regal Pillow","Bottled Lightning","Mark of Pain","Strawberry","Shuriken"],"potions_floor_usage":[16,24,27],"damage_taken":[{"damage":9,"enemies":"Small Slimes","floor":1,"turns":4},{"damage":37,"enemies":"3 Sentries","floor":6,"turns":9},{"damage":0,"enemies":"2 Louse","floor":7,"turns":3},{"damage":11,"enemies":"Cultist","floor":11,"turns":4},{"damage":10,"enemies":"2 Fungi Beasts","floor":13,"turns":5},{"damage":8,"enemies":"Lots of Slimes","floor":14,"turns":5},{"damage":3,"enemies":"Slime Boss","floor":16,"turns":8},{"damage":13,"enemies":"Spheric Guardian","floor":18,"turns":4},{"damage":11,"enemies":"2 Thieves","floor":20,"turns":5},{"damage":24,"enemies":"Snake Plant","floor":22,"turns":4},{"damage":37,"enemies":"Chosen and Byrds","floor":24,"turns":7},{"damage":8,"enemies":"Cultist and Chosen","floor":27,"turns":5},{"damage":20,"enemies":"Centurion and Healer","floor":29,"turns":4},{"damage":65,"enemies":"Book of Stabbing","floor":30,"turns":5}],"seed_played":"7664360689273547706","potions_obtained":[{"floor":1,"key":"Weak Potion"},{"floor":7,"key":"BloodPotion"},{"floor":14,"key":"FearPotion"},{"floor":16,"key":"EssenceOfSteel"},{"floor":24,"key":"SkillPotion"}],"is_trial":false,"path_per_floor":["M","$","?","?","?","E","M","R","T","$","M","R","M","M","R","B",null,"M","?","M","$","M","R","M","R","T","M","R","M","E"],"character_chosen":"IRONCLAD","items_purchased":["Rampage","Reckless Charge","Armaments","Rage","Bloodletting","Limit Break","Evolve"],"campfire_rested":2,"item_purchase_floors":[2,2,2,10,10,21,21],"current_hp_per_floor":[77,77,77,57,57,26,32,32,32,32,27,66,62,60,60,63,80,73,80,75,75,57,57,34,75,75,73,73,59,0],"gold":164,"neow_bonus":"HUNDRED_GOLD","is_prod":false,"is_daily":false,"chose_seed":false,"campfire_upgraded":4,"win_rate":0,"timestamp":1553728101,"path_taken":["M","$","?","?","?","E","?","R","T","$","M","R","M","M","R","BOSS","M","?","?","?","?","R","M","R","T","M","R","M","E"],"build_version":"2019-01-23","purchased_purges":0,"victory":false,"max_hp_per_floor":[80,80,80,80,80,80,80,80,80,80,80,80,80,80,80,80,80,80,87,87,87,87,87,87,87,87,87,87,87,87],"card_choices":[{"not_picked":["Feel No Pain","True Grit"],"picked":"Flex","floor":1},{"not_picked":["Iron Wave","Wild Strike"],"picked":"Demon Form","floor":6},{"not_picked":["Havoc","Warcry"],"picked":"Wild Strike","floor":7},{"not_picked":["Sword Boomerang","Body Slam"],"picked":"Flame Barrier","floor":11},{"not_picked":["Whirlwind","Sword Boomerang"],"picked":"Heavy Blade","floor":13},{"not_picked":["Warcry","Rampage"],"picked":"Iron Wave","floor":14},{"not_picked":["Dark Embrace","Offering"],"picked":"Double Tap","floor":16},{"not_picked":["Iron Wave+1","Warcry"],"picked":"Thunderclap+1","floor":18},{"not_picked":["Burning Pact+1","Fire Breathing+1"],"picked":"Perfected Strike","floor":20},{"not_picked":["Heavy Blade","Intimidate"],"picked":"Pommel Strike","floor":22},{"not_picked":["Clash","Sword Boomerang"],"picked":"Wild Strike","floor":24},{"not_picked":["Twin Strike+1","Shrug It Off+1"],"picked":"Immolate","floor":27},{"not_picked":["Thunderclap","Twin Strike"],"picked":"Power Through","floor":29}],"player_experience":69744,"relics_obtained":[{"floor":6,"key":"Regal Pillow"},{"floor":9,"key":"Bottled Lightning"},{"floor":26,"key":"Shuriken"}],"event_choices":[{"damage_healed":0,"gold_gain":0,"player_choice":"Grow","damage_taken":0,"max_hp_gain":0,"max_hp_loss":0,"event_name":"Living Wall","floor":3,"gold_loss":0,"cards_upgraded":["Armaments"]},{"damage_healed":0,"gold_gain":0,"player_choice":"Take Damage","damage_taken":20,"relics_obtained":["Golden Idol"],"max_hp_gain":0,"max_hp_loss":0,"event_name":"Golden Idol","floor":4,"gold_loss":0},{"damage_healed":0,"gold_gain":0,"player_choice":"Ignored","damage_taken":0,"max_hp_gain":0,"max_hp_loss":0,"event_name":"Purifier","floor":5,"gold_loss":0},{"damage_healed":0,"gold_gain":0,"player_choice":"Gave Potion","damage_taken":0,"relics_obtained":["Strawberry"],"max_hp_gain":0,"max_hp_loss":0,"event_name":"WeMeetAgain","floor":19,"gold_loss":0}],"is_beta":false,"boss_relics":[{"not_picked":["Runic Pyramid","Cursed Key"],"picked":"Mark of Pain"}],"items_purged_floors":[],"is_endless":false,"potions_floor_spawned":[1,7,14,16,18,24],"killed_by":"Book of Stabbing","ascension_level":3}