{"gold_per_floor":[119,119,119,138,154,188,204,204,229,261,30,61,61,11,11,11],"floor_reached":16,"playtime":427,"items_purged":["Strike_R","Strike_R"],"score":272,"play_id":"a7deea11-6c42-40ca-8d8b-ab7bee1c595b","local_time":"20190706210444","is_ascension_mode":true,"campfire_choices":[{"data":"Whirlwind","floor":8,"key":"SMITH"},{"data":"Infernal Blade","floor":13,"key":"SMITH"},{"data":"Infernal Blade","floor":15,"key":"SMITH"}],"neow_cost":"NONE","seed_source_timestamp":16184343424300,"circlet_count":0,"master_deck":["AscendersBane","Strike_R","Strike_R","Strike_R","Defend_R","Defend_R","Defend_R","Defend_R","Bash+1","Whirlwind+1","Infernal Blade+1","Sword Boomerang","Clothesline","Headbutt","Offering","Twin Strike","Infernal Blade+1","Thunderclap"],"relics":["Burning Blood","PreservedInsect","Frozen Egg 2","Omamori","Smiling Mask","Lantern"],"potions_floor_usage":[10,12,12],"damage_taken":[{"damage":6,"enemies":"Cultist","floor":1,"turns":3},{"damage":7,"enemies":"Jaw Worm","floor":4,"turns":4},{"damage":0,"enemies":"2 Louse","floor":5,"turns":1},{"damage":25,"enemies":"3 Sentries","floor":6,"turns":4},{"damage":17,"enemies":"2 Fungi Beasts","floor":7,"turns":4},{"damage":25,"enemies":"Lagavulin","floor":10,"turns":5},{"damage":0,"enemies":"3 Sentries","floor":12,"turns":2},{"damage":55,"enemies":"The Guardian","floor":16,"turns":10}],"seed_played":"-8792396092016831677","potions_obtained":[{"floor":4,"key":"FearPotion"},{"floor":5,"key":"BloodPotion"},{"floor":6,"key":"Weak Potion"}],"is_trial":false,"path_per_floor":["M","?","T","M","M","E","M","R","T","E","$","E","R","$","R","B"],"character_chosen":"IRONCLAD","items_purchased":["Twin Strike","Infernal Blade","AttackPotion"],"campfire_rested":0,"item_purchase_floors":[11,11,11],"current_hp_per_floor":[68,73,73,72,78,59,48,48,48,29,29,55,55,55,55,0],"gold":11,"neow_bonus":"UPGRADE_CARD","is_prod":false,"is_daily":false,"chose_seed":false,"campfire_upgraded":3,"win_rate":0,"timestamp":1562461484,"path_taken":["M","?","?","M","M","E","M","R","T","E","$","E","R","$","R","BOSS"],"build_version":"2019-07-05","purchased_purges":2,"victory":false,"max_hp_per_floor":[75,80,80,80,80,80,80,80,80,80,80,80,80,80,80,80],"card_choices":[{"not_picked":["Wild Strike","Clash"],"picked":"Whirlwind","floor":1},{"not_picked":["Feel No Pain","Heavy Blade"],"picked":"Infernal Blade","floor":4},{"not_picked":["Heavy Blade","Disarm"],"picked":"Sword Boomerang","floor":5},{"not_picked":["Headbutt","Body Slam"],"picked":"Clothesline","floor":6},{"not_picked":["Evolve+1","Body Slam"],"picked":"Headbutt","floor":7},{"not_picked":["Blood for Blood","Reckless Charge"],"picked":"Offering","floor":10},{"not_picked":["Wild Strike","Clash"],"picked":"Thunderclap","floor":12}],"player_experience":423761,"relics_obtained":[{"floor":3,"key":"PreservedInsect"},{"floor":6,"key":"Frozen Egg 2"},{"floor":9,"key":"Omamori"},{"floor":10,"key":"Smiling Mask"},{"floor":12,"key":"Lantern"}],"event_choices":[{"damage_healed":0,"gold_gain":0,"player_choice":"Donut","damage_taken":0,"max_hp_gain":5,"max_hp_loss":0,"event_name":"Big Fish","floor":2,"gold_loss":0}],"is_beta":false,"boss_relics":[],"items_purged_floors":[11,14],"is_endless":false,"potions_floor_spawned":[4,5,6],"killed_by":"The Guardian","ascension_level":18}