{"gold_per_floor":[111,125,139,35,35,66,66,76,76,151,101,114,131,5,5,5],"floor_reached":16,"playtime":933,"items_purged":["Strike_B"],"score":133,"play_id":"8f715e74-156b-4ebc-b4e4-25a203a7101c","local_time":"20190807194241","is_ascension_mode":true,"campfire_choices":[{"floor":15,"key":"REST"}],"neow_cost":"NONE","seed_source_timestamp":67365414147899,"circlet_count":0,"master_deck":["Strike_B+1","Strike_B+1","Defend_B","Defend_B","Defend_B","Defend_B","Zap","Dualcast","Double Energy","Compile Driver","Defragment","Coolheaded","Conserve Battery","Cold Snap","Rebound","Turbo","Coolheaded"],"relics":["Cracked Core","Whetstone","Juzu Bracelet","Shuriken"],"potions_floor_usage":[13,13],"damage_taken":[{"damage":0,"enemies":"Cultist","floor":1,"turns":3},{"damage":0,"enemies":"2 Louse","floor":2,"turns":1},{"damage":7,"enemies":"Jaw Worm","floor":3,"turns":3},{"damage":17,"enemies":"3 Sentries","floor":6,"turns":10},{"damage":14,"enemies":"3 Louse","floor":8,"turns":3},{"damage":4,"enemies":"Exordium Wildlife","floor":12,"turns":6},{"damage":10,"enemies":"Gremlin Gang","floor":13,"turns":4},{"damage":47,"enemies":"The Guardian","floor":16,"turns":13}],"seed_played":"-4890255400407133067","potions_obtained":[{"floor":2,"key":"SteroidPotion"},{"floor":3,"key":"PowerPotion"},{"floor":13,"key":"Block Potion"}],"is_trial":false,"path_per_floor":["M","M","M","$","$","E","?","M","T","?","?","M","M","$","R","B"],"character_chosen":"DEFECT","items_purchased":["Defragment","Coolheaded","Coolheaded"],"campfire_rested":1,"item_purchase_floors":[4,4,14],"current_hp_per_floor":[68,68,61,61,61,44,44,30,30,19,19,15,5,5,27,0],"gold":5,"neow_bonus":"RANDOM_COMMON_RELIC","is_prod":false,"is_daily":false,"chose_seed":false,"campfire_upgraded":0,"win_rate":0,"timestamp":1565232161,"path_taken":["M","M","M","?","$","E","?","M","T","?","?","M","M","$","R","BOSS"],"build_version":"2019-07-17","purchased_purges":1,"victory":false,"max_hp_per_floor":[75,75,75,75,75,75,75,75,75,75,75,75,75,75,75,75],"card_choices":[{"not_picked":["Streamline","Lockon"],"picked":"Double Energy","floor":1},{"not_picked":["Barrage","Fusion","Go for the Eyes"],"picked":"SKIP","floor":2},{"not_picked":["Coolheaded","Barrage"],"picked":"Compile Driver","floor":3},{"not_picked":["White Noise","Double Energy"],"picked":"Conserve Battery","floor":6},{"not_picked":["Sweeping Beam","Turbo"],"picked":"Cold Snap","floor":8},{"not_picked":["Hologram","Ball Lightning"],"picked":"Rebound","floor":12},{"not_picked":["Hyperbeam","Streamline"],"picked":"Turbo","floor":13}],"player_experience":223827,"relics_obtained":[{"floor":6,"key":"Juzu Bracelet"},{"floor":9,"key":"Shuriken"}],"event_choices":[{"damage_healed":0,"gold_gain":0,"player_choice":"Ignored","damage_taken":0,"max_hp_gain":0,"max_hp_loss":0,"event_name":"Liars Game","floor":7,"gold_loss":0},{"damage_healed":0,"gold_gain":75,"player_choice":"Gather Gold","damage_taken":11,"max_hp_gain":0,"max_hp_loss":0,"event_name":"World of Goop","floor":10,"gold_loss":0},{"cards_removed":["Strike_B"],"damage_healed":0,"gold_gain":0,"player_choice":"Card Removal","damage_taken":0,"max_hp_gain":0,"max_hp_loss":0,"event_name":"The Cleric","floor":11,"gold_loss":50}],"is_beta":false,"boss_relics":[],"items_purged_floors":[14],"is_endless":false,"potions_floor_spawned":[2,3,13],"killed_by":"The Guardian","ascension_level":6}