{"gold_per_floor":[116,128,138,138,151,151,176,189,257,94,113,113,113,113,113,214,214,233,133,133,147,147,147],"floor_reached":23,"playtime":625,"items_purged":["Strike_B","Strike_B"],"score":229,"play_id":"5af677c8-c1c5-4823-a55d-e7e64ccefb94","local_time":"20190614221116","is_ascension_mode":true,"campfire_choices":[{"data":"Glacier","floor":6,"key":"SMITH"},{"floor":12,"key":"REST"},{"data":"Streamline","floor":15,"key":"SMITH"}],"neow_cost":"NONE","seed_source_timestamp":15143329073600,"circlet_count":0,"master_deck":["Strike_B","Strike_B","Defend_B","Defend_B","Defend_B","Defend_B","Zap+1","Dualcast","Glacier+1","Leap","Chill","Skim","Ball Lightning","Steam","Sunder+1","Sweeping Beam","Streamline+1","Parasite","Echo Form","Cold Snap+1","RitualDagger"],"relics":["Cracked Core","Singing Bowl","Kunai","Inserter"],"potions_floor_usage":[16,16,23,23],"damage_taken":[{"damage":5,"enemies":"2 Louse","floor":1,"turns":2},{"damage":0,"enemies":"Jaw Worm","floor":2,"turns":4},{"damage":0,"enemies":"Small Slimes","floor":3,"turns":3},{"damage":1,"enemies":"3 Louse","floor":5,"turns":4},{"damage":66,"enemies":"Gremlin Nob","floor":7,"turns":7},{"damage":0,"enemies":"Exordium Thugs","floor":8,"turns":4},{"damage":2,"enemies":"Lots of Slimes","floor":11,"turns":3},{"damage":18,"enemies":"Hexaghost","floor":16,"turns":9},{"damage":25,"enemies":"3 Byrds","floor":18,"turns":6},{"damage":7,"enemies":"Chosen","floor":21,"turns":7},{"damage":57,"enemies":"Slavers","floor":23,"turns":3}],"seed_played":"-4805196518431188804","potions_obtained":[{"floor":3,"key":"GamblersBrew"},{"floor":8,"key":"Block Potion"},{"floor":11,"key":"LiquidBronze"},{"floor":16,"key":"Regen Potion"}],"is_trial":false,"path_per_floor":["M","M","M","?","M","R","E","M","T","$","M","R","?","?","R","B",null,"M","$","?","M","?","E"],"character_chosen":"DEFECT","items_purchased":["Sunder","Sweeping Beam"],"campfire_rested":1,"item_purchase_floors":[10,10],"current_hp_per_floor":[70,70,70,70,69,69,3,3,3,3,1,23,41,46,46,28,80,55,55,49,44,44,0],"gold":147,"neow_bonus":"UPGRADE_CARD","is_prod":false,"is_daily":false,"chose_seed":false,"campfire_upgraded":2,"win_rate":0,"timestamp":1560564676,"path_taken":["M","M","M","?","M","R","E","M","T","$","M","R","?","?","R","BOSS","M","$","?","M","?","E"],"build_version":"2019-01-23","purchased_purges":2,"victory":false,"max_hp_per_floor":[75,75,75,75,75,75,75,75,75,75,75,75,75,80,80,80,80,80,80,80,82,82,82],"card_choices":[{"not_picked":["Hologram","Reinforced Body"],"picked":"Glacier","floor":1},{"not_picked":["Redo","Gash"],"picked":"Leap","floor":2},{"not_picked":["Coolheaded","Streamline"],"picked":"Chill","floor":3},{"not_picked":["Loop","Streamline"],"picked":"Skim","floor":5},{"not_picked":["Thunder Strike","Darkness"],"picked":"Ball Lightning","floor":7},{"not_picked":["Leap","Barrage"],"picked":"Steam","floor":8},{"not_picked":["Barrage","Recycle"],"picked":"Streamline","floor":11},{"not_picked":["Amplify","Machine Learning"],"picked":"Echo Form","floor":16},{"not_picked":["Gash","Go for the Eyes"],"picked":"Cold Snap+1","floor":18},{"not_picked":["Sunder","Doom and Gloom+1","Compile Driver"],"picked":"Singing Bowl","floor":21}],"player_experience":402013,"relics_obtained":[{"floor":7,"key":"Singing Bowl"},{"floor":9,"key":"Kunai"}],"event_choices":[{"damage_healed":0,"gold_gain":0,"player_choice":"Ignored","damage_taken":0,"max_hp_gain":0,"max_hp_loss":0,"event_name":"Golden Wing","floor":4,"gold_loss":0},{"damage_healed":18,"gold_gain":0,"player_choice":"Healed and dodged fight","damage_taken":0,"max_hp_gain":0,"max_hp_loss":0,"event_name":"Mushrooms","floor":13,"gold_loss":0,"cards_obtained":["Parasite"]},{"damage_healed":0,"gold_gain":0,"player_choice":"Donut","damage_taken":0,"max_hp_gain":5,"max_hp_loss":0,"event_name":"Big Fish","floor":14,"gold_loss":0},{"damage_healed":0,"gold_gain":0,"player_choice":"Joined the Cult","damage_taken":6,"max_hp_gain":0,"max_hp_loss":0,"event_name":"Nest","floor":20,"gold_loss":0,"cards_obtained":["RitualDagger"]},{"damage_healed":0,"gold_gain":0,"player_choice":"Forge","damage_taken":0,"max_hp_gain":0,"max_hp_loss":0,"event_name":"Accursed Blacksmith","floor":22,"gold_loss":0,"cards_upgraded":["Sunder"]}],"is_beta":false,"boss_relics":[{"not_picked":["Calling Bell","Nuclear Battery"],"picked":"Inserter"}],"items_purged_floors":[10,19],"is_endless":false,"potions_floor_spawned":[3,8,11,16],"killed_by":"Slavers","ascension_level":4}