{"gold_per_floor":[117,2,13,29,29,29,60,60,60,60,73,86,86,121,121,222,222,238,238,57,77,77,77,89,89,89,100,111,111,65,65,65,163,163,179,194,194,194,22,22,22,52,52,71,71],"floor_reached":45,"playtime":1602,"items_purged":["Strike_B","Strike_B","Strike_B"],"score":519,"play_id":"7201eeda-8346-4290-b739-4853c64fcb7e","local_time":"20190415012032","is_ascension_mode":true,"campfire_choices":[{"data":"1","floor":6,"key":"LIFT"},{"data":"2","floor":8,"key":"LIFT"},{"floor":13,"key":"REST"},{"floor":15,"key":"REST"},{"data":"3","floor":23,"key":"LIFT"},{"floor":29,"key":"REST"},{"floor":32,"key":"REST"},{"data":"Stack","floor":40,"key":"SMITH"}],"neow_cost":"NONE","seed_source_timestamp":14055144935900,"circlet_count":0,"master_deck":["Strike_B","Defend_B","Defend_B","Defend_B","Defend_B","Zap","Dualcast","FTL","Melter","Chaos+1","Loop","Electrodynamics","Leap","Conserve Battery","Steam","Machine Learning","Rebound","Doom and Gloom","Stack+1","Sweeping Beam+1","Stack","Leap","Echo Form","Ball Lightning+1","Leap","Stack","Regret","Static Discharge"],"relics":["Cracked Core","Girya","Omamori","Emotion Chip","Darkstone Periapt","Cursed Key","Necronomicon","Blue Candle","Eternal Feather","Gremlin Horn","Pantograph"],"potions_floor_usage":[4,7,14,33,33,42],"damage_taken":[{"damage":10,"enemies":"Small Slimes","floor":1,"turns":3},{"damage":0,"enemies":"2 Louse","floor":3,"turns":1},{"damage":10,"enemies":"Jaw Worm","floor":4,"turns":2},{"damage":34,"enemies":"Gremlin Nob","floor":7,"turns":3},{"damage":14,"enemies":"3 Louse","floor":11,"turns":3},{"damage":6,"enemies":"Large Slime","floor":12,"turns":3},{"damage":20,"enemies":"Lagavulin","floor":14,"turns":5},{"damage":21,"enemies":"The Guardian","floor":16,"turns":8},{"damage":0,"enemies":"Spheric Guardian","floor":18,"turns":2},{"damage":0,"enemies":"3 Byrds","floor":21,"turns":2},{"damage":0,"enemies":"3 Cultists","floor":24,"turns":3},{"damage":21,"enemies":"Colosseum Slavers","floor":25,"turns":2},{"damage":19,"enemies":"Snake Plant","floor":27,"turns":3},{"damage":13,"enemies":"Shelled Parasite and Fungi","floor":28,"turns":4},{"damage":33,"enemies":"Automaton","floor":33,"turns":7},{"damage":14,"enemies":"3 Shapes","floor":35,"turns":3},{"damage":15,"enemies":"Orb Walker","floor":36,"turns":4},{"damage":3,"enemies":"Nemesis","floor":42,"turns":7},{"damage":32,"enemies":"3 Darklings","floor":44,"turns":5},{"damage":39,"enemies":"Spire Growth","floor":45,"turns":4}],"seed_played":"-3348337903313458113","potions_obtained":[{"floor":1,"key":"Fire Potion"},{"floor":3,"key":"LiquidBronze"},{"floor":12,"key":"Strength Potion"},{"floor":16,"key":"SpeedPotion"},{"floor":18,"key":"Ancient Potion"},{"floor":21,"key":"PowerPotion"},{"floor":36,"key":"SkillPotion"}],"is_trial":false,"path_per_floor":["M","$","M","M","?","R","E","R","T","?","M","M","R","E","R","B",null,"M","?","$","M","?","R","M","?","T","M","M","R","$","?","R","B",null,"M","M","?","?","$","R","$","E","T","M","M"],"character_chosen":"DEFECT","items_purchased":["Melter","Doom and Gloom","Leap","Leap"],"campfire_rested":4,"item_purchase_floors":[2,20,30,39],"current_hp_per_floor":[72,72,72,62,55,55,21,21,21,21,7,1,25,5,29,8,82,82,66,66,66,66,66,66,45,45,26,13,37,37,37,61,28,82,68,53,53,53,53,68,68,65,71,39,0],"gold":71,"neow_bonus":"TEN_PERCENT_HP_BONUS","is_prod":false,"is_daily":false,"chose_seed":false,"campfire_upgraded":1,"win_rate":0,"timestamp":1555305632,"path_taken":["M","$","M","M","?","R","E","R","T","?","M","M","R","E","R","BOSS","M","?","$","M","?","R","M","?","T","M","M","R","$","?","R","BOSS","M","M","?","?","$","R","$","E","T","M","M"],"build_version":"2019-01-23","purchased_purges":3,"victory":false,"max_hp_per_floor":[82,82,82,82,82,82,82,82,82,82,82,82,82,82,82,82,82,82,82,82,82,82,82,82,82,82,82,82,82,82,82,82,82,82,82,82,82,78,78,78,78,78,84,84,84],"card_choices":[{"not_picked":["Steam","Rebound"],"picked":"FTL","floor":1},{"not_picked":["Scrape","Lockon"],"picked":"Chaos","floor":3},{"not_picked":["Force Field","Barrage"],"picked":"Loop","floor":4},{"not_picked":["Stack","Chaos"],"picked":"Electrodynamics","floor":7},{"not_picked":["Aggregate","Fusion"],"picked":"Leap","floor":11},{"not_picked":["Heatsinks","Hello World"],"picked":"Conserve Battery","floor":12},{"not_picked":["Loop","Beam Cell"],"picked":"Steam","floor":14},{"not_picked":["Electrodynamics","Biased Cognition"],"picked":"Machine Learning","floor":16},{"not_picked":["Ball Lightning","Beam Cell"],"picked":"Rebound","floor":18},{"not_picked":["Ball Lightning","Doom and Gloom"],"picked":"Stack","floor":21},{"not_picked":["Compile Driver+1","Stack"],"picked":"Sweeping Beam+1","floor":24},{"not_picked":["Steam","Rip and Tear","Blizzard+1"],"picked":"SKIP","floor":27},{"not_picked":["Go for the Eyes","Coolheaded"],"picked":"Stack","floor":28},{"not_picked":["Machine Learning","Seek"],"picked":"Echo Form","floor":33},{"not_picked":["Compile Driver","Steam+1"],"picked":"Ball Lightning+1","floor":35},{"not_picked":["Blizzard","Undo+1","Fusion+1"],"picked":"SKIP","floor":36},{"not_picked":["Sweeping Beam+1","Go for the Eyes"],"picked":"Stack","floor":42},{"not_picked":["Gash+1","Darkness+1"],"picked":"Static Discharge","floor":44}],"player_experience":136185,"relics_obtained":[{"floor":7,"key":"Omamori"},{"floor":9,"key":"Emotion Chip"},{"floor":14,"key":"Darkstone Periapt"},{"floor":19,"key":"Necronomicon"},{"floor":26,"key":"Blue Candle"},{"floor":42,"key":"Gremlin Horn"},{"floor":43,"key":"Pantograph"}],"event_choices":[{"damage_healed":0,"gold_gain":0,"player_choice":"Success","damage_taken":7,"relics_obtained":["Girya"],"max_hp_gain":0,"max_hp_loss":0,"event_name":"Scrap Ooze","floor":5,"gold_loss":0},{"damage_healed":0,"gold_gain":0,"player_choice":"Grow","damage_taken":0,"max_hp_gain":0,"max_hp_loss":0,"event_name":"Living Wall","floor":10,"gold_loss":0,"cards_upgraded":["Chaos"]},{"damage_healed":0,"gold_gain":0,"player_choice":"Obtained Book","damage_taken":16,"max_hp_gain":0,"max_hp_loss":0,"event_name":"Cursed Tome","floor":19,"gold_loss":0},{"damage_healed":0,"gold_gain":0,"player_choice":"Ignored","damage_taken":0,"max_hp_gain":0,"max_hp_loss":0,"event_name":"Vampires","floor":22,"gold_loss":0},{"damage_healed":0,"gold_gain":0,"player_choice":"Fight","damage_taken":0,"max_hp_gain":0,"max_hp_loss":0,"event_name":"Colosseum","floor":25,"gold_loss":0},{"damage_healed":0,"gold_gain":0,"player_choice":"Fled From Nobs","damage_taken":0,"max_hp_gain":0,"max_hp_loss":0,"event_name":"Colosseum","floor":25,"gold_loss":0},{"damage_healed":0,"gold_gain":0,"player_choice":"Ignored","damage_taken":0,"max_hp_gain":0,"max_hp_loss":0,"event_name":"Mysterious Sphere","floor":37,"gold_loss":0},{"damage_healed":0,"gold_gain":0,"player_choice":"Max HP","damage_taken":0,"max_hp_gain":0,"max_hp_loss":4,"event_name":"Winding Halls","floor":38,"gold_loss":0}],"is_beta":false,"boss_relics":[{"not_picked":["Astrolabe","Black Star"],"picked":"Cursed Key"},{"not_picked":["Philosopher\u0027s Stone","Runic Dome"],"picked":"Eternal Feather"}],"items_purged_floors":[2,20,39],"is_endless":false,"potions_floor_spawned":[1,3,12,16,18,21,24,25,36],"killed_by":"Spire Growth","ascension_level":3}