{"gold_per_floor":[115,127,145,145,162,194,194,214,214,226,226,6,26,45,45,149,149,161,177,177,15,31,31,44,63,90,90,4,4,14,14,14,14],"floor_reached":33,"playtime":2224,"items_purged":[],"score":253,"play_id":"a0b4dab1-aa83-45bd-ae88-5083c5292ff7","local_time":"20190311020340","is_ascension_mode":false,"campfire_choices":[{"floor":7,"key":"REST"},{"data":"Footwork","floor":11,"key":"SMITH"},{"floor":15,"key":"REST"},{"data":"Infinite Blades","floor":23,"key":"SMITH"},{"floor":27,"key":"REST"},{"data":"Caltrops","floor":32,"key":"SMITH"}],"neow_cost":"NONE","seed_source_timestamp":8222164835699,"circlet_count":0,"master_deck":["Defend_G","Defend_G","Defend_G","Defend_G","Defend_G","Strike_G","Strike_G","Survivor","Neutralize","Dagger Throw","Flying Knee","Heel Hook","Crippling Poison+1","Footwork+1","Underhanded Strike","Backflip","Backstab","Flying Knee","Dodge and Roll","Dash","Deflect","After Image","Corpse Explosion+1","Finisher+1","Skewer+1","Poisoned Stab","Infinite Blades+1","Adrenaline","Bane+1","Deadly Poison","Backflip+1","Caltrops+1","Quick Slash","Sucker Punch"],"relics":["Ring of the Snake","Bottled Flame","Bottled Tornado","Pen Nib","Astrolabe","Orichalcum"],"potions_floor_usage":[16,22,30,33,33,33],"damage_taken":[{"damage":0,"enemies":"Cultist","floor":1,"turns":4},{"damage":0,"enemies":"Jaw Worm","floor":2,"turns":4},{"damage":4,"enemies":"2 Louse","floor":3,"turns":2},{"damage":4,"enemies":"Exordium Thugs","floor":5,"turns":5},{"damage":25,"enemies":"3 Sentries","floor":6,"turns":10},{"damage":2,"enemies":"2 Fungi Beasts","floor":8,"turns":3},{"damage":10,"enemies":"Blue Slaver","floor":10,"turns":4},{"damage":4,"enemies":"Large Slime","floor":13,"turns":4},{"damage":0,"enemies":"3 Louse","floor":14,"turns":4},{"damage":16,"enemies":"Hexaghost","floor":16,"turns":15},{"damage":8,"enemies":"3 Byrds","floor":18,"turns":5},{"damage":2,"enemies":"Spheric Guardian","floor":19,"turns":5},{"damage":4,"enemies":"Centurion and Healer","floor":22,"turns":6},{"damage":1,"enemies":"3 Cultists","floor":24,"turns":5},{"damage":5,"enemies":"Snecko","floor":25,"turns":5},{"damage":9,"enemies":"Snake Plant","floor":30,"turns":4},{"damage":75,"enemies":"Automaton","floor":33,"turns":12}],"seed_played":"-500820136479354067","potions_obtained":[{"floor":2,"key":"SpeedPotion"},{"floor":6,"key":"SpeedPotion"},{"floor":8,"key":"Strength Potion"},{"floor":13,"key":"GhostInAJar"},{"floor":16,"key":"Swift Potion"},{"floor":18,"key":"AttackPotion"},{"floor":25,"key":"AttackPotion"},{"floor":30,"key":"Ancient Potion"}],"is_trial":false,"path_per_floor":["M","M","M","?","M","E","R","M","T","M","R","$","M","M","R","B",null,"M","M","?","$","M","R","M","M","T","R","$","?","M","$","R","B"],"character_chosen":"THE_SILENT","items_purchased":["Pen Nib","Flying Knee","Dodge and Roll","Adrenaline","Caltrops","Quick Slash"],"campfire_rested":3,"item_purchase_floors":[12,12,12,21,28,28],"current_hp_per_floor":[70,70,66,66,62,37,58,56,56,46,46,46,42,42,63,47,70,62,60,60,60,56,56,55,50,50,70,70,70,61,61,61,0],"gold":14,"neow_bonus":"THREE_CARDS","is_prod":false,"is_daily":false,"chose_seed":false,"campfire_upgraded":3,"win_rate":0.0,"timestamp":1552284220,"path_taken":["M","M","?","?","M","E","R","M","T","M","R","$","M","M","R","BOSS","M","M","?","?","M","R","M","M","T","R","$","?","M","?","R","BOSS"],"build_version":"2019-01-23","purchased_purges":0,"victory":false,"max_hp_per_floor":[70,70,70,70,70,70,70,70,70,70,70,70,70,70,70,70,70,70,70,70,70,70,70,70,70,70,70,70,70,70,70,70,70],"card_choices":[{"not_picked":["PiercingWail","Deflect"],"picked":"Dagger Throw","floor":0},{"not_picked":["Dagger Throw","Flechettes"],"picked":"Flying Knee","floor":1},{"not_picked":["Deflect","Flechettes"],"picked":"Heel Hook","floor":2},{"not_picked":["Deflect","Footwork"],"picked":"Crippling Poison","floor":3},{"not_picked":["Blur","Expertise"],"picked":"Footwork","floor":5},{"not_picked":["Quick Slash","Distraction"],"picked":"Underhanded Strike","floor":6},{"not_picked":["PiercingWail","Underhanded Strike"],"picked":"Backflip","floor":8},{"not_picked":["Prepared","Slice"],"picked":"Backstab","floor":10},{"not_picked":["Tactician","Skewer"],"picked":"Dash","floor":13},{"not_picked":["Leg Sweep","Riddle With Holes"],"picked":"Deflect","floor":14},{"not_picked":["Wraith Form v2","A Thousand Cuts"],"picked":"After Image","floor":16},{"not_picked":["Deflect+1","Deadly Poison"],"picked":"Poisoned Stab","floor":18},{"not_picked":["Predator","Dodge and Roll"],"picked":"Infinite Blades","floor":19},{"not_picked":["Footwork","Flying Knee"],"picked":"Bane+1","floor":22},{"not_picked":["Tools of the Trade","Quick Slash"],"picked":"Deadly Poison","floor":24},{"not_picked":["Prepared","Calculated Gamble"],"picked":"Backflip+1","floor":25},{"not_picked":["Crippling Poison+1","Blur"],"picked":"Sucker Punch","floor":30}],"player_experience":24723,"relics_obtained":[{"floor":6,"key":"Bottled Flame"},{"floor":9,"key":"Bottled Tornado"},{"floor":26,"key":"Orichalcum"}],"event_choices":[{"damage_healed":0,"gold_gain":0,"player_choice":"Grow","damage_taken":0,"max_hp_gain":0,"max_hp_loss":0,"event_name":"Living Wall","floor":4,"gold_loss":0,"cards_upgraded":["Crippling Poison"]},{"damage_healed":0,"gold_gain":0,"player_choice":"Ignored","damage_taken":0,"max_hp_gain":0,"max_hp_loss":0,"event_name":"Beggar","floor":20,"gold_loss":0},{"damage_healed":0,"gold_gain":0,"player_choice":"Ignored","damage_taken":0,"max_hp_gain":0,"max_hp_loss":0,"event_name":"Ghosts","floor":29,"gold_loss":0}],"is_beta":false,"boss_relics":[{"not_picked":["Velvet Choker","Ectoplasm"],"picked":"Astrolabe"}],"items_purged_floors":[],"is_endless":false,"potions_floor_spawned":[2,6,8,13,16,18,25,30],"killed_by":"Automaton","ascension_level":0}