{"gold_per_floor":[110,130,130,41,51,51,51,51,126,160,180,211,136,155,155,233,233,246,48,61,72,72,72,18,18,72,83,83,94,94,0,0,0],"floor_reached":33,"playtime":827,"items_purged":["Strike_R"],"score":488,"play_id":"c0849b19-6e69-4017-818f-136dfb45db5d","local_time":"20190727172905","is_ascension_mode":true,"campfire_choices":[{"data":"Bash","floor":6,"key":"SMITH"},{"data":"Inflame","floor":8,"key":"SMITH"},{"data":"True Grit","floor":15,"key":"SMITH"},{"data":"Shrug It Off","floor":23,"key":"SMITH"},{"floor":25,"key":"REST"},{"floor":28,"key":"REST"},{"data":"Whirlwind","floor":30,"key":"SMITH"},{"floor":32,"key":"REST"}],"neow_cost":"NONE","seed_source_timestamp":505879858700,"circlet_count":0,"master_deck":["AscendersBane","Strike_R","Strike_R","Strike_R","Strike_R","Defend_R","Defend_R","Defend_R","Defend_R","Bash+1","Flex","Clothesline","Inflame+1","Iron Wave","Shrug It Off+1","Whirlwind+1","True Grit+1","Twin Strike","Inflame","Shrug It Off","Rage","Pommel Strike","Armaments","Twin Strike+1"],"relics":["Burning Blood","NeowsBlessing","Orichalcum","Paper Frog","Blood Vial","Anchor","Philosopher\u0027s Stone","Vajra","Strawberry"],"potions_floor_usage":[7,10,21,21],"damage_taken":[{"damage":1,"enemies":"2 Louse","floor":1,"turns":2},{"damage":0,"enemies":"Jaw Worm","floor":2,"turns":1},{"damage":0,"enemies":"Small Slimes","floor":5,"turns":2},{"damage":0,"enemies":"Exordium Wildlife","floor":7,"turns":1},{"damage":24,"enemies":"3 Sentries","floor":10,"turns":8},{"damage":4,"enemies":"2 Fungi Beasts","floor":11,"turns":4},{"damage":35,"enemies":"Lagavulin","floor":12,"turns":7},{"damage":7,"enemies":"Blue Slaver","floor":14,"turns":5},{"damage":28,"enemies":"Hexaghost","floor":16,"turns":11},{"damage":20,"enemies":"2 Thieves","floor":18,"turns":5},{"damage":0,"enemies":"Spheric Guardian","floor":20,"turns":3},{"damage":37,"enemies":"Chosen and Byrds","floor":21,"turns":6},{"damage":33,"enemies":"Snake Plant","floor":27,"turns":4},{"damage":28,"enemies":"Shelled Parasite and Fungi","floor":29,"turns":7},{"damage":70,"enemies":"Collector","floor":33,"turns":6}],"seed_played":"-3942455619396201211","potions_obtained":[{"floor":1,"key":"SkillPotion"},{"floor":2,"key":"SmokeBomb"},{"floor":5,"key":"AttackPotion"},{"floor":18,"key":"AttackPotion"},{"floor":20,"key":"SkillPotion"}],"is_trial":false,"path_per_floor":["M","M","?","$","M","R","M","R","T","E","M","E","$","M","R","B",null,"M","$","M","M","?","R","$","R","T","M","R","M","R","?","R","B"],"character_chosen":"IRONCLAD","items_purchased":["Inflame","Vajra","Shrug It Off","Armaments"],"campfire_rested":3,"item_purchase_floors":[4,19,19,24],"current_hp_per_floor":[73,75,64,64,70,70,75,75,75,57,61,34,34,35,35,15,60,48,48,56,27,27,27,27,49,56,31,55,35,35,35,59,0],"gold":0,"neow_bonus":"THREE_ENEMY_KILL","is_prod":false,"is_daily":false,"chose_seed":false,"campfire_upgraded":5,"win_rate":0,"timestamp":1564262945,"path_taken":["M","M","?","$","M","R","M","R","T","E","M","E","$","M","R","BOSS","M","$","M","M","?","R","$","R","T","M","R","M","R","?","R","BOSS"],"build_version":"2019-07-17","purchased_purges":1,"victory":false,"max_hp_per_floor":[75,75,75,75,75,75,75,75,75,75,75,75,75,75,75,75,75,75,75,75,75,75,75,75,75,82,82,82,82,82,82,82,82],"card_choices":[{"not_picked":["True Grit","Clash"],"picked":"Flex","floor":1},{"not_picked":["Hemokinesis","Body Slam"],"picked":"Clothesline","floor":2},{"not_picked":["Havoc","Cleave"],"picked":"Iron Wave","floor":5},{"not_picked":["Thunderclap","Second Wind"],"picked":"Shrug It Off","floor":10},{"not_picked":["Twin Strike","Evolve"],"picked":"Whirlwind","floor":11},{"not_picked":["Sword Boomerang","Cleave"],"picked":"True Grit","floor":12},{"not_picked":["Body Slam","Flex"],"picked":"Twin Strike","floor":14},{"not_picked":["Havoc","True Grit"],"picked":"Inflame","floor":18},{"not_picked":["Clothesline","Metallicize"],"picked":"Rage","floor":20},{"not_picked":["Iron Wave","Flex+1"],"picked":"Pommel Strike","floor":21},{"not_picked":["Intimidate","Havoc+1","Rupture+1"],"picked":"SKIP","floor":27},{"not_picked":["Havoc","Combust"],"picked":"Twin Strike+1","floor":29}],"player_experience":444613,"relics_obtained":[{"floor":9,"key":"Paper Frog"},{"floor":10,"key":"Blood Vial"},{"floor":12,"key":"Anchor"},{"floor":26,"key":"Strawberry"}],"event_choices":[{"damage_healed":0,"gold_gain":0,"player_choice":"Success","damage_taken":11,"relics_obtained":["Orichalcum"],"max_hp_gain":0,"max_hp_loss":0,"event_name":"Scrap Ooze","floor":3,"gold_loss":0},{"damage_healed":0,"gold_gain":0,"player_choice":"Paid Fearfully","damage_taken":0,"max_hp_gain":0,"max_hp_loss":0,"event_name":"Masked Bandits","floor":31,"gold_loss":94}],"is_beta":false,"boss_relics":[{"not_picked":["Runic Dome","Snecko Eye"],"picked":"Philosopher\u0027s Stone"}],"items_purged_floors":[13],"is_endless":false,"potions_floor_spawned":[1,2,5,18,20],"killed_by":"Collector","ascension_level":18}