{"gold_per_floor":[119,63,78,92,103,103,128,128,128,146,146,46,46,96,96,174,174,174,174,174,39,39,39,39,39,39,39,39,39,39,39,39,39,39,39,39,39,39,39,39,39,39,39,39,39,39,39,39,39,39],"floor_reached":51,"playtime":3826,"items_purged":["Strike_B"],"score":1596,"play_id":"cf93094b-ae5d-4554-b1c5-65174f2b238e","local_time":"20190727101735","is_ascension_mode":true,"campfire_choices":[{"data":"Go for the Eyes","floor":6.0,"key":"SMITH"},{"data":"Zap","floor":8.0,"key":"SMITH"},{"data":"Glacier","floor":13.0,"key":"SMITH"},{"data":"Ball Lightning","floor":15.0,"key":"SMITH"},{"data":"RitualDagger","floor":23.0,"key":"SMITH"},{"floor":27.0,"key":"REST"},{"data":"Cold Snap","floor":30.0,"key":"SMITH"},{"floor":32.0,"key":"REST"},{"data":"Biased Cognition","floor":46.0,"key":"SMITH"},{"floor":49.0,"key":"REST"}],"neow_cost":"NONE","seed_source_timestamp":0,"circlet_count":0,"master_deck":["AscendersBane","Strike_B+1","Strike_B","Defend_B","Defend_B","Defend_B","Defend_B","Zap+1","Dualcast","FTL","Cold Snap+1","Go for the Eyes+1","Compile Driver","FTL","Glacier+1","Ball Lightning+1","Electrodynamics+1","Gash+1","Cold Snap+1","RitualDagger+1","FTL","Gash","Coolheaded+1","Ball Lightning","Capacitor","Biased Cognition+1","Undo","Sweeping Beam+1","Gash","Hologram","Loop+1","Beam Cell+1","Skim+1","Electrodynamics","Compile Driver"],"special_seed":0,"relics":["Cracked Core","Bag of Preparation","Centennial Puzzle","The Courier","Happy Flower","Ectoplasm","Lantern","Shuriken","Blue Candle","Vajra","Philosopher\u0027s Stone","Whetstone","StoneCalendar","Ginger","Bird Faced Urn"],"potions_floor_usage":[50,50,50,50],"damage_taken":[{"damage":0.0,"enemies":"2 Louse","floor":1.0,"turns":2.0},{"damage":1.0,"enemies":"Cultist","floor":3.0,"turns":3.0},{"damage":0.0,"enemies":"Jaw Worm","floor":4.0,"turns":3.0},{"damage":5.0,"enemies":"Exordium Wildlife","floor":5.0,"turns":4.0},{"damage":22.0,"enemies":"3 Sentries","floor":7.0,"turns":9.0},{"damage":7.0,"enemies":"3 Louse","floor":10.0,"turns":2.0},{"damage":0.0,"enemies":"Slime Boss","floor":16.0,"turns":5.0},{"damage":4.0,"enemies":"3 Byrds","floor":18.0,"turns":3.0},{"damage":1.0,"enemies":"Shell Parasite","floor":19.0,"turns":4.0},{"damage":23.0,"enemies":"Slavers","floor":24.0,"turns":3.0},{"damage":0.0,"enemies":"Cultist and Chosen","floor":25.0,"turns":3.0},{"damage":12.0,"enemies":"Gremlin Leader","floor":28.0,"turns":4.0},{"damage":0.0,"enemies":"Sentry and Sphere","floor":29.0,"turns":3.0},{"damage":10.0,"enemies":"Snake Plant","floor":31.0,"turns":3.0},{"damage":7.0,"enemies":"Automaton","floor":33.0,"turns":6.0},{"damage":2.0,"enemies":"Orb Walker","floor":35.0,"turns":2.0},{"damage":4.0,"enemies":"3 Darklings","floor":36.0,"turns":2.0},{"damage":9.0,"enemies":"Transient","floor":37.0,"turns":6.0},{"damage":0.0,"enemies":"Spire Growth","floor":38.0,"turns":3.0},{"damage":0.0,"enemies":"Nemesis","floor":40.0,"turns":6.0},{"damage":0.0,"enemies":"Reptomancer","floor":42.0,"turns":4.0},{"damage":12.0,"enemies":"2 Orb Walkers","floor":44.0,"turns":2.0},{"damage":0.0,"enemies":"Maw","floor":45.0,"turns":5.0},{"damage":25.0,"enemies":"Nemesis","floor":47.0,"turns":3.0},{"damage":0.0,"enemies":"Transient","floor":48.0,"turns":6.0},{"damage":11,"enemies":"Donu and Deca","floor":50,"turns":7}],"seed_played":"7039039091710344009","potions_obtained":[{"floor":1.0,"key":"Fire Potion"},{"floor":3.0,"key":"GamblersBrew"},{"floor":7.0,"key":"Explosive Potion"},{"floor":25.0,"key":"SpeedPotion"},{"floor":28.0,"key":"PowerPotion"},{"floor":31.0,"key":"Strength Potion"},{"floor":35.0,"key":"AttackPotion"},{"floor":37.0,"key":"EntropicBrew"},{"floor":42.0,"key":"LiquidBronze"},{"floor":45.0,"key":"FearPotion"}],"is_trial":false,"path_per_floor":["M","?","M","M","M","R","E","R","T","M","?","$","R","?","R","B",null,"M","M","?","$","?","R","E","M","T","R","E","M","R","M","R","B",null,"M","M","M","M","?","E","?","E","T","?","M","R","E","M","R","B",null],"character_chosen":"DEFECT","items_purchased":["Ball Lightning","Lantern"],"campfire_rested":3,"item_purchase_floors":[12,21],"current_hp_per_floor":[64,64,63,63,58,58,36,36,36,29,34,34,34,34,34,34,66,62,61,55,55,55,55,32,32,32,54,42,42,42,32,54,47,69,67,63,54,54,54,54,54,54,54,42,42,42,17,25,46,43],"gold":39,"neow_bonus":"RANDOM_COMMON_RELIC","is_prod":false,"is_daily":false,"chose_seed":false,"campfire_upgraded":7,"win_rate":0,"timestamp":1564247855,"path_taken":["M","?","M","M","M","R","E","R","T","?","?","?","R","?","R","BOSS","M","M","?","$","?","R","E","M","T","R","E","M","R","M","R","BOSS","M","M","M","?","?","E","?","E","T","?","M","R","E","?","R","BOSS"],"build_version":"2019-07-17","purchased_purges":1,"victory":true,"max_hp_per_floor":[71,71,71,71,71,71,71,71,71,71,76,76,76,76,76,76,76,76,76,76,76,76,76,76,76,76,76,76,76,76,76,76,76,76,76,76,76,76,76,76,72,72,72,72,72,72,72,72,72,72],"card_choices":[{"not_picked":["Conserve Battery","Stack"],"picked":"FTL","floor":1.0},{"not_picked":["Tempest","Sweeping Beam"],"picked":"Cold Snap","floor":3.0},{"not_picked":["Skim","Hologram"],"picked":"Go for the Eyes","floor":4.0},{"not_picked":["Auto Shields","Static Discharge"],"picked":"Compile Driver","floor":5.0},{"not_picked":["Reprogram","Recycle"],"picked":"FTL","floor":7.0},{"not_picked":["Rebound","Static Discharge"],"picked":"Glacier","floor":10.0},{"not_picked":["Meteor Strike","Core Surge"],"picked":"Electrodynamics","floor":16.0},{"not_picked":["Chaos","Hello World"],"picked":"Gash+1","floor":18.0},{"not_picked":["Blizzard","Sunder"],"picked":"Cold Snap","floor":19.0},{"not_picked":["White Noise","Fission"],"picked":"FTL","floor":24.0},{"not_picked":["Sweeping Beam","White Noise+1"],"picked":"Gash","floor":25.0},{"not_picked":["Fusion","Rainbow"],"picked":"Coolheaded+1","floor":28.0},{"not_picked":["Storm","Streamline+1"],"picked":"Ball Lightning","floor":29.0},{"not_picked":["Compile Driver","Steam"],"picked":"Capacitor","floor":31.0},{"not_picked":["Fission","Amplify"],"picked":"Biased Cognition","floor":33.0},{"not_picked":["Redo","Tempest"],"picked":"Undo","floor":35.0},{"not_picked":["Streamline","Leap"],"picked":"Sweeping Beam+1","floor":36.0},{"not_picked":["Doom and Gloom","Aggregate"],"picked":"Gash","floor":37.0},{"not_picked":["Thunder Strike","Go for the Eyes"],"picked":"Hologram","floor":38.0},{"not_picked":["Ball Lightning","Undo+1"],"picked":"Loop+1","floor":40.0},{"not_picked":["Leap","Darkness+1","Storm"],"picked":"SKIP","floor":42.0},{"not_picked":["Chill+1","Rebound"],"picked":"Beam Cell+1","floor":44.0},{"not_picked":["Genetic Algorithm","Hello World+1"],"picked":"Skim+1","floor":45.0},{"not_picked":["Fusion","Stack"],"picked":"Electrodynamics","floor":47.0},{"not_picked":["Scrape","Hologram"],"picked":"Compile Driver","floor":48.0}],"player_experience":575591,"relics_obtained":[{"floor":7.0,"key":"The Courier"},{"floor":9.0,"key":"Happy Flower"},{"floor":24.0,"key":"Shuriken"},{"floor":26.0,"key":"Blue Candle"},{"floor":28.0,"key":"Vajra"},{"floor":40.0,"key":"Whetstone"},{"floor":42.0,"key":"StoneCalendar"},{"floor":44.0,"key":"Ginger"},{"floor":47.0,"key":"Bird Faced Urn"}],"event_choices":[{"damage_healed":0.0,"max_hp_gain":0.0,"max_hp_loss":0.0,"gold_gain":0.0,"event_name":"WeMeetAgain","player_choice":"Paid Gold","floor":2.0,"gold_loss":56.0,"damage_taken":0.0,"relics_obtained":["Centennial Puzzle"]},{"damage_healed":0.0,"max_hp_gain":5.0,"max_hp_loss":0.0,"gold_gain":0.0,"event_name":"Big Fish","player_choice":"Donut","floor":11.0,"gold_loss":0.0,"damage_taken":0.0},{"damage_healed":0.0,"max_hp_gain":0.0,"max_hp_loss":0.0,"gold_gain":50.0,"event_name":"Golden Shrine","player_choice":"Pray","floor":14.0,"gold_loss":0.0,"damage_taken":0.0},{"damage_healed":0.0,"max_hp_gain":0.0,"max_hp_loss":0.0,"gold_gain":0.0,"event_name":"Nest","player_choice":"Joined the Cult","floor":20.0,"gold_loss":0.0,"damage_taken":6.0,"cards_obtained":["RitualDagger"]},{"damage_healed":0.0,"max_hp_gain":0.0,"max_hp_loss":0.0,"gold_gain":0.0,"event_name":"Upgrade Shrine","player_choice":"Upgraded","floor":22.0,"gold_loss":0.0,"damage_taken":0.0,"cards_upgraded":["Electrodynamics"]},{"cards_removed":["Strike_B"],"damage_healed":0.0,"max_hp_gain":0.0,"max_hp_loss":0.0,"gold_gain":0.0,"event_name":"Falling","player_choice":"Removed Attack","floor":39.0,"gold_loss":0.0,"damage_taken":0.0},{"damage_healed":0.0,"max_hp_gain":0.0,"max_hp_loss":4.0,"gold_gain":0.0,"event_name":"Winding Halls","player_choice":"Max HP","floor":41.0,"gold_loss":0.0,"damage_taken":0.0},{"damage_healed":0.0,"max_hp_gain":0.0,"max_hp_loss":0.0,"gold_gain":0.0,"event_name":"Mysterious Sphere","player_choice":"Fight","floor":44.0,"gold_loss":0.0,"damage_taken":0.0}],"is_beta":false,"boss_relics":[{"not_picked":["FrozenCore","Orrery"],"picked":"Ectoplasm"},{"not_picked":["Lizard Tail","Snecko Eye"],"picked":"Philosopher\u0027s Stone"}],"items_purged_floors":[12],"is_endless":false,"potions_floor_spawned":[1,3,7,10,25,28,31,35,37,42,45,47],"ascension_level":18}