{"gold_per_floor":[113,113,131,145,161,161,179,179,203,203,220,253,283,26,26,26],"floor_reached":16,"playtime":632,"items_purged":["Strike_R"],"score":156,"play_id":"eac42b9f-0e91-43c8-8c7c-195c515b828d","local_time":"20190509191356","is_ascension_mode":true,"campfire_choices":[{"data":"Spot Weakness","floor":6,"key":"SMITH"},{"data":"Twin Strike","floor":8,"key":"SMITH"},{"data":"Ghostly Armor","floor":10,"key":"SMITH"},{"data":"Whirlwind","floor":15,"key":"SMITH"}],"neow_cost":"NONE","seed_source_timestamp":20550786140500,"circlet_count":0,"master_deck":["AscendersBane","Strike_R","Strike_R","Strike_R","Strike_R","Defend_R","Defend_R","Defend_R","Defend_R","Bash+1","Twin Strike+1","Ghostly Armor+1","Spot Weakness+1","Whirlwind+1","Shrug It Off","Heavy Blade"],"relics":["Burning Blood","Anchor","Boot","MawBank","MealTicket"],"potions_floor_usage":[7,16],"damage_taken":[{"damage":5,"enemies":"Small Slimes","floor":1,"turns":4},{"damage":16,"enemies":"Cultist","floor":3,"turns":4},{"damage":2,"enemies":"Jaw Worm","floor":4,"turns":4},{"damage":5,"enemies":"2 Fungi Beasts","floor":5,"turns":5},{"damage":0,"enemies":"Gremlin Gang","floor":7,"turns":3},{"damage":2,"enemies":"Exordium Thugs","floor":11,"turns":4},{"damage":37,"enemies":"Gremlin Nob","floor":12,"turns":4},{"damage":3,"enemies":"Large Slime","floor":13,"turns":6},{"damage":52,"enemies":"Slime Boss","floor":16,"turns":7}],"seed_played":"5707730572602126455","potions_obtained":[{"floor":3,"key":"Explosive Potion"},{"floor":5,"key":"Weak Potion"},{"floor":7,"key":"Dexterity Potion"},{"floor":12,"key":"Energy Potion"}],"is_trial":false,"path_per_floor":["M","?","M","M","M","R","M","R","T","R","M","E","M","$","R","B"],"character_chosen":"IRONCLAD","items_purchased":["MealTicket"],"campfire_rested":0,"item_purchase_floors":[14],"current_hp_per_floor":[73,73,63,67,68,68,74,74,74,74,78,47,50,50,50,0],"gold":26,"neow_bonus":"RANDOM_COMMON_RELIC","is_prod":false,"is_daily":false,"chose_seed":false,"campfire_upgraded":4,"win_rate":0,"timestamp":1557443636,"path_taken":["M","?","M","M","M","R","M","R","T","R","?","E","M","?","R","BOSS"],"build_version":"2019-01-23","purchased_purges":1,"victory":false,"max_hp_per_floor":[80,80,80,80,80,80,80,80,80,80,80,80,80,80,80,80],"card_choices":[{"not_picked":["Blood for Blood","Armaments"],"picked":"Twin Strike","floor":1},{"not_picked":["Clothesline","Cleave"],"picked":"Ghostly Armor","floor":3},{"not_picked":["Intimidate","Corruption","Armaments"],"picked":"SKIP","floor":4},{"not_picked":["Combust","Cleave"],"picked":"Spot Weakness","floor":5},{"not_picked":["Havoc","Reckless Charge","Wild Strike"],"picked":"SKIP","floor":7},{"not_picked":["Uppercut","Fire Breathing"],"picked":"Whirlwind","floor":11},{"not_picked":["Juggernaut","Twin Strike"],"picked":"Shrug It Off","floor":12},{"not_picked":["Pommel Strike","Berserk"],"picked":"Heavy Blade","floor":13}],"player_experience":225137,"relics_obtained":[{"floor":9,"key":"Boot"},{"floor":12,"key":"MawBank"}],"event_choices":[{"damage_healed":0,"gold_gain":0,"player_choice":"Upgraded","damage_taken":0,"max_hp_gain":0,"max_hp_loss":0,"event_name":"Upgrade Shrine","floor":2,"gold_loss":0,"cards_upgraded":["Bash"]}],"is_beta":false,"boss_relics":[],"items_purged_floors":[14],"is_endless":false,"potions_floor_spawned":[3,5,7,12],"killed_by":"Slime Boss","ascension_level":10}