{"gold_per_floor":[210,46,46,46,63,63,79,114,137,157,157,157,172,198,198,276,276,287,287],"floor_reached":19,"playtime":597,"items_purged":[],"score":327,"play_id":"8f0645fb-3936-44fa-a6c8-8c822f5f4d25","local_time":"20190626173718","is_ascension_mode":true,"campfire_choices":[{"data":"Bash","floor":6,"key":"SMITH"},{"data":"Shrug It Off","floor":12,"key":"SMITH"},{"data":"Shrug It Off","floor":15,"key":"SMITH"}],"neow_cost":"NONE","seed_source_timestamp":1764931927800,"circlet_count":0,"master_deck":["AscendersBane","Strike_R","Strike_R","Strike_R","Strike_R","Strike_R+1","Defend_R+1","Defend_R","Defend_R","Defend_R+1","Bash+1","Thunderclap+1","Pommel Strike","Headbutt","Clothesline","Shrug It Off+1","Shrug It Off+1","Anger","Offering","Spot Weakness"],"relics":["Burning Blood","Strawberry","War Paint","Whetstone","Vajra","Eternal Feather"],"potions_floor_usage":[8,14,14],"damage_taken":[{"damage":9,"enemies":"Jaw Worm","floor":1,"turns":5},{"damage":9,"enemies":"2 Louse","floor":5,"turns":4},{"damage":1,"enemies":"Cultist","floor":7,"turns":3},{"damage":35,"enemies":"3 Sentries","floor":8,"turns":7},{"damage":5,"enemies":"Large Slime","floor":10,"turns":6},{"damage":6,"enemies":"Exordium Thugs","floor":13,"turns":3},{"damage":12,"enemies":"Gremlin Nob","floor":14,"turns":3},{"damage":42,"enemies":"The Guardian","floor":16,"turns":12},{"damage":44,"enemies":"3 Byrds","floor":18,"turns":6},{"damage":31,"enemies":"Spheric Guardian","floor":19,"turns":3}],"seed_played":"5800642074941044591","potions_obtained":[{"floor":5,"key":"Fire Potion"},{"floor":7,"key":"Regen Potion"},{"floor":8,"key":"AttackPotion"},{"floor":11,"key":"Energy Potion"}],"is_trial":false,"path_per_floor":["M","$","?","?","M","R","M","E","T","M","?","R","M","E","R","B",null,"M","M"],"character_chosen":"IRONCLAD","items_purchased":["Strawberry"],"campfire_rested":0,"item_purchase_floors":[2],"current_hp_per_floor":[65,72,77,77,74,74,79,50,50,51,51,51,51,45,45,9,68,30,0],"gold":287,"neow_bonus":"HUNDRED_GOLD","is_prod":false,"is_daily":false,"chose_seed":false,"campfire_upgraded":3,"win_rate":0,"timestamp":1561585038,"path_taken":["M","$","?","?","M","R","M","E","T","M","?","R","?","E","R","BOSS","M","M"],"build_version":"2019-01-23","purchased_purges":0,"victory":false,"max_hp_per_floor":[75,82,87,87,87,87,87,87,87,87,87,87,87,87,87,87,87,87,87],"card_choices":[{"not_picked":["Havoc","Evolve"],"picked":"Thunderclap","floor":1},{"not_picked":["Warcry","Flex"],"picked":"Pommel Strike","floor":5},{"not_picked":["Perfected Strike","Juggernaut"],"picked":"Headbutt","floor":7},{"not_picked":["Burning Pact","Heavy Blade"],"picked":"Clothesline","floor":8},{"not_picked":["Thunderclap","Iron Wave"],"picked":"Shrug It Off","floor":10},{"not_picked":["Anger","Sword Boomerang"],"picked":"Shrug It Off","floor":13},{"not_picked":["Demon Form","Flex"],"picked":"Anger","floor":14},{"not_picked":["Dark Embrace","Berserk"],"picked":"Offering","floor":16},{"not_picked":["Wild Strike","Headbutt"],"picked":"Spot Weakness","floor":18}],"player_experience":411035,"relics_obtained":[{"floor":8,"key":"War Paint"},{"floor":9,"key":"Whetstone"},{"floor":14,"key":"Vajra"}],"event_choices":[{"damage_healed":0,"gold_gain":0,"player_choice":"Donut","damage_taken":0,"max_hp_gain":5,"max_hp_loss":0,"event_name":"Big Fish","floor":3,"gold_loss":0},{"damage_healed":0,"gold_gain":0,"player_choice":"Ignored","damage_taken":0,"max_hp_gain":0,"max_hp_loss":0,"event_name":"Golden Wing","floor":4,"gold_loss":0},{"damage_healed":0,"gold_gain":0,"player_choice":"Got Potions","damage_taken":0,"max_hp_gain":0,"max_hp_loss":0,"event_name":"Lab","floor":11,"gold_loss":0}],"is_beta":false,"boss_relics":[{"not_picked":["Snecko Eye","Black Star"],"picked":"Eternal Feather"}],"items_purged_floors":[],"is_endless":false,"potions_floor_spawned":[5,7,8,13],"killed_by":"Spheric Guardian","ascension_level":17}