{"gold_per_floor":[219,237,254,268,268,268,280,280,280,280,313,330,330,342,342,442,442,457,19,19],"floor_reached":20,"playtime":823,"items_purged":[],"score":202,"play_id":"814d8423-b4ac-4cd1-ba74-dba946fec925","local_time":"20190327193338","is_ascension_mode":true,"campfire_choices":[{"data":"Zap","floor":6,"key":"SMITH"},{"data":"Leap","floor":8,"key":"SMITH"},{"data":"Sweeping Beam","floor":10,"key":"SMITH"},{"floor":15,"key":"REST"}],"neow_cost":"NONE","seed_source_timestamp":14811807348700,"circlet_count":0,"master_deck":["Strike_B","Strike_B","Strike_B","Strike_B","Defend_B","Defend_B","Defend_B","Defend_B","Zap+1","Dualcast","Sweeping Beam+1","Gash","Reinforced Body","Leap+1","Gash","Conserve Battery","Gash","Ball Lightning","Echo Form","Steam","Self Repair","Coolheaded","Barrage"],"relics":["Cracked Core","Question Card","Happy Flower","Busted Crown","Vajra","Dream Catcher"],"potions_floor_usage":[16,16,16],"damage_taken":[{"damage":0,"enemies":"Cultist","floor":1,"turns":3},{"damage":3,"enemies":"Small Slimes","floor":2,"turns":3},{"damage":6,"enemies":"2 Louse","floor":3,"turns":3},{"damage":4,"enemies":"Large Slime","floor":4,"turns":6},{"damage":9,"enemies":"Red Slaver","floor":7,"turns":4},{"damage":19,"enemies":"Lagavulin","floor":11,"turns":6},{"damage":0,"enemies":"Looter","floor":12,"turns":2},{"damage":0,"enemies":"3 Louse","floor":14,"turns":2},{"damage":21,"enemies":"Hexaghost","floor":16,"turns":8},{"damage":26,"enemies":"3 Byrds","floor":18,"turns":4},{"damage":49,"enemies":"Colosseum Slavers","floor":20,"turns":5}],"seed_played":"5051017427531943195","potions_obtained":[{"floor":1,"key":"Ancient Potion"},{"floor":3,"key":"FocusPotion"},{"floor":11,"key":"EssenceOfSteel"},{"floor":12,"key":"Strength Potion"}],"is_trial":false,"path_per_floor":["M","M","M","M","?","R","M","R","T","R","E","M","?","M","R","B",null,"M","$","?"],"character_chosen":"DEFECT","items_purchased":["Vajra","Dream Catcher","Self Repair","Coolheaded","Barrage"],"campfire_rested":1,"item_purchase_floors":[19,19,19,19,19],"current_hp_per_floor":[75,72,66,62,62,62,53,53,53,53,34,34,34,34,56,35,75,49,49,0],"gold":19,"neow_bonus":"HUNDRED_GOLD","is_prod":false,"is_daily":false,"chose_seed":false,"campfire_upgraded":3,"win_rate":0,"timestamp":1553729618,"path_taken":["M","?","M","M","?","R","M","R","T","R","E","?","?","M","R","BOSS","M","$","?"],"build_version":"2019-01-23","purchased_purges":0,"victory":false,"max_hp_per_floor":[75,75,75,75,75,75,75,75,75,75,75,75,75,75,75,75,75,75,75,75],"card_choices":[{"not_picked":["Lockon","Stack"],"picked":"Sweeping Beam","floor":1},{"not_picked":["Cold Snap","Rebound"],"picked":"Gash","floor":2},{"not_picked":["Storm","Consume"],"picked":"Reinforced Body","floor":3},{"not_picked":["Double Energy","Go for the Eyes"],"picked":"Leap","floor":4},{"not_picked":["Doom and Gloom","Static Discharge"],"picked":"Gash","floor":7},{"not_picked":["Core Surge","Aggregate","Beam Cell"],"picked":"Conserve Battery","floor":11},{"not_picked":["Stack","Leap","Fusion"],"picked":"Gash","floor":12},{"not_picked":["Compile Driver","Rip and Tear","Steam"],"picked":"Ball Lightning","floor":14},{"not_picked":["Reboot","Seek","Buffer"],"picked":"Echo Form","floor":16},{"not_picked":["Sweeping Beam"],"picked":"Steam","floor":18}],"player_experience":71837,"relics_obtained":[{"floor":9,"key":"Question Card"},{"floor":11,"key":"Happy Flower"}],"event_choices":[{"damage_healed":0,"gold_gain":0,"player_choice":"Bought 0 Potions","damage_taken":0,"max_hp_gain":0,"max_hp_loss":0,"event_name":"The Woman in Blue","floor":5,"gold_loss":0},{"damage_healed":0,"gold_gain":0,"player_choice":"Ignored","damage_taken":0,"max_hp_gain":0,"max_hp_loss":0,"event_name":"Liars Game","floor":13,"gold_loss":0},{"damage_healed":0,"gold_gain":0,"player_choice":"Fight","damage_taken":0,"max_hp_gain":0,"max_hp_loss":0,"event_name":"Colosseum","floor":20,"gold_loss":0}],"is_beta":false,"boss_relics":[{"not_picked":["Empty Cage","Runic Dome"],"picked":"Busted Crown"}],"items_purged_floors":[],"is_endless":false,"potions_floor_spawned":[1,3,11,12,14],"killed_by":"Colosseum Slavers","ascension_level":3}