{"gold_per_floor":[114,60,76,146,163,163,194,194,194,194,208,208,219,230,230,327,327,339,35,48,48,64,97,26,26,53,53,53,53,53,66,66,162,212,225,325,122,135,10,10,22,54,102,114,114,131,141,159,159,159],"floor_reached":51,"playtime":2299,"items_purged":["Strike_R","Strike_R","Strike_R"],"score":1074,"play_id":"09196489-1ad4-4b43-9161-75cd643655e0","local_time":"20190414003120","is_ascension_mode":true,"campfire_choices":[{"data":"Bash","floor":6,"key":"SMITH"},{"data":"Pommel Strike","floor":8,"key":"SMITH"},{"data":"Flex","floor":12,"key":"SMITH"},{"data":"Defend_R","floor":15,"key":"SMITH"},{"data":"Inflame","floor":27,"key":"SMITH"},{"data":"Ghostly Armor","floor":30,"key":"SMITH"},{"floor":32,"key":"REST"},{"data":"Inflame","floor":40,"key":"SMITH"},{"floor":45,"key":"REST"},{"floor":49,"key":"REST"}],"neow_cost":"NONE","seed_source_timestamp":2686931096800,"circlet_count":0,"master_deck":["Strike_R","Defend_R+1","Defend_R+1","Defend_R","Defend_R","Bash+1","Pommel Strike+1","Rage+1","Body Slam+1","Headbutt+1","Flex+1","Iron Wave+1","Uppercut+1","Feed+1","Inflame+1","Cleave+1","Ghostly Armor+1","Shrug It Off+1","Whirlwind+1","Dropkick+1","Immolate+1","Heavy Blade+1","Heavy Blade+1","Heavy Blade+1","Inflame+1","Burning Pact+1","Battle Trance+1","Rampage+1"],"relics":["Burning Blood","Molten Egg 2","Turnip","Kunai","Mark of Pain","Centennial Puzzle","Red Skull","Orichalcum","Tiny House","Self Forming Clay","Anchor"],"potions_floor_usage":[7,16,16,16,23,41,42,42,50,50],"damage_taken":[{"damage":1,"enemies":"Cultist","floor":1,"turns":3},{"damage":7,"enemies":"Small Slimes","floor":3,"turns":3},{"damage":7,"enemies":"Jaw Worm","floor":5,"turns":4},{"damage":24,"enemies":"Lagavulin","floor":7,"turns":7},{"damage":15,"enemies":"Exordium Thugs","floor":11,"turns":4},{"damage":16,"enemies":"Blue Slaver","floor":13,"turns":3},{"damage":0,"enemies":"Red Slaver","floor":14,"turns":2},{"damage":0,"enemies":"Slime Boss","floor":16,"turns":5},{"damage":0,"enemies":"Shell Parasite","floor":18,"turns":3},{"damage":0,"enemies":"Chosen","floor":20,"turns":4},{"damage":6,"enemies":"Centurion and Healer","floor":22,"turns":5},{"damage":0,"enemies":"Gremlin Leader","floor":23,"turns":8},{"damage":0,"enemies":"Shelled Parasite and Fungi","floor":31,"turns":5},{"damage":48,"enemies":"Collector","floor":33,"turns":9},{"damage":12,"enemies":"3 Shapes","floor":35,"turns":4},{"damage":6,"enemies":"3 Darklings","floor":38,"turns":4},{"damage":22,"enemies":"Spire Growth","floor":41,"turns":4},{"damage":7,"enemies":"Giant Head","floor":42,"turns":5},{"damage":12,"enemies":"Sphere and 2 Shapes","floor":44,"turns":4},{"damage":11,"enemies":"3 Darklings","floor":46,"turns":3},{"damage":17,"enemies":"Spire Growth","floor":47,"turns":3},{"damage":17,"enemies":"Jaw Worm Horde","floor":48,"turns":4},{"damage":110,"enemies":"Time Eater","floor":50,"turns":8}],"seed_played":"5605758519707651310","potions_obtained":[{"floor":5,"key":"Block Potion"},{"floor":7,"key":"SteroidPotion"},{"floor":11,"key":"PowerPotion"},{"floor":13,"key":"FearPotion"},{"floor":18,"key":"GamblersBrew"},{"floor":22,"key":"EssenceOfSteel"},{"floor":33,"key":"Poison Potion"},{"floor":34,"key":"SkillPotion"},{"floor":42,"key":"SteroidPotion"},{"floor":48,"key":"BloodPotion"}],"is_trial":false,"path_per_floor":["M","$","M","T","M","R","E","R","T","?","M","R","M","M","R","B",null,"M","$","M","?","M","E","$","?","T","R","$","?","R","M","R","B",null,"M","?","$","M","$","R","M","E","T","M","R","M","M","M","R","B",null],"character_chosen":"IRONCLAD","items_purchased":["Pommel Strike","Inflame","Centennial Puzzle","Whirlwind+1","Heavy Blade+1","Inflame"],"campfire_rested":3,"item_purchase_floors":[2,19,19,24,37,37],"current_hp_per_floor":[77,77,76,76,75,75,57,57,57,57,48,48,38,44,44,50,73,83,83,88,80,84,90,90,90,90,90,90,72,72,82,101,59,96,94,94,94,94,94,94,82,85,85,83,119,114,103,92,122,34],"gold":159,"neow_bonus":"REMOVE_CARD","is_prod":false,"is_daily":false,"chose_seed":false,"campfire_upgraded":7,"win_rate":0,"timestamp":1555216280,"path_taken":["M","$","M","?","M","R","E","R","T","?","?","R","M","M","R","BOSS","M","$","M","?","?","E","$","?","T","R","?","?","R","M","R","BOSS","M","?","$","M","$","R","M","E","T","M","R","M","?","M","R","BOSS"],"build_version":"2019-01-23","purchased_purges":3,"victory":true,"max_hp_per_floor":[80,80,80,80,80,80,80,80,80,80,80,80,80,80,80,80,80,84,84,88,88,92,92,92,92,92,92,92,97,97,101,101,101,106,110,110,110,110,110,110,114,118,118,122,122,122,122,122,122,126],"card_choices":[{"not_picked":["Sword Boomerang","Anger","Thunderclap"],"picked":"SKIP","floor":1},{"not_picked":["Warcry","Bludgeon"],"picked":"Rage","floor":3},{"not_picked":["Warcry","Burning Pact"],"picked":"Body Slam+1","floor":5},{"not_picked":["Clothesline+1","Armaments"],"picked":"Headbutt+1","floor":7},{"not_picked":["Body Slam+1","Warcry"],"picked":"Flex","floor":11},{"not_picked":["Clash+1","Heavy Blade+1"],"picked":"Iron Wave+1","floor":13},{"not_picked":["Iron Wave+1","Corruption"],"picked":"Uppercut+1","floor":14},{"not_picked":["Impervious","Double Tap"],"picked":"Feed+1","floor":16},{"not_picked":["Armaments","Thunderclap+1","Dual Wield"],"picked":"SKIP","floor":18},{"not_picked":["Anger+1","Inflame+1"],"picked":"Cleave+1","floor":20},{"not_picked":["Armaments","Anger+1"],"picked":"Ghostly Armor","floor":22},{"not_picked":["Barricade","Reckless Charge+1"],"picked":"Shrug It Off","floor":23},{"not_picked":["Dual Wield+1","Thunderclap+1"],"picked":"Dropkick+1","floor":31},{"not_picked":["Offering","Feed+1"],"picked":"Immolate+1","floor":33},{"not_picked":["Clash+1","Warcry+1"],"picked":"Heavy Blade+1","floor":34},{"not_picked":["Clash+1","Demon Form"],"picked":"Heavy Blade+1","floor":35},{"not_picked":["Clash+1","Pommel Strike+1"],"picked":"Burning Pact+1","floor":38},{"not_picked":["Anger+1","Entrench"],"picked":"Battle Trance+1","floor":41},{"not_picked":["Seeing Red","Shockwave+1"],"picked":"Rampage+1","floor":42},{"not_picked":["Clash+1","True Grit","Bludgeon+1"],"picked":"SKIP","floor":44},{"not_picked":["Flex+1","Iron Wave+1","Clothesline+1"],"picked":"SKIP","floor":46},{"not_picked":["Iron Wave+1","Demon Form","Burning Pact+1"],"picked":"SKIP","floor":47},{"not_picked":["Twin Strike+1","Rampage+1","Anger+1"],"picked":"SKIP","floor":48}],"player_experience":122526,"relics_obtained":[{"floor":4,"key":"Molten Egg 2"},{"floor":7,"key":"Turnip"},{"floor":9,"key":"Kunai"},{"floor":23,"key":"Red Skull"},{"floor":26,"key":"Orichalcum"},{"floor":42,"key":"Self Forming Clay"},{"floor":43,"key":"Anchor"}],"event_choices":[{"damage_healed":0,"gold_gain":0,"player_choice":"Upgraded","damage_taken":0,"max_hp_gain":0,"max_hp_loss":0,"event_name":"Upgrade Shrine","floor":10,"gold_loss":0,"cards_upgraded":["Rage"]},{"damage_healed":0,"gold_gain":0,"player_choice":"Damaged","damage_taken":8,"max_hp_gain":0,"max_hp_loss":0,"event_name":"Wheel of Change","floor":21,"gold_loss":0},{"damage_healed":0,"gold_gain":0,"player_choice":"Forge","damage_taken":0,"max_hp_gain":0,"max_hp_loss":0,"event_name":"Accursed Blacksmith","floor":25,"gold_loss":0,"cards_upgraded":["Shrug It Off"]},{"damage_healed":0,"gold_gain":0,"player_choice":"Shed Blood","damage_taken":23,"max_hp_gain":5,"max_hp_loss":0,"event_name":"Forgotten Altar","floor":29,"gold_loss":0},{"damage_healed":0,"gold_gain":100,"player_choice":"Pray","damage_taken":0,"max_hp_gain":0,"max_hp_loss":0,"event_name":"Golden Shrine","floor":36,"gold_loss":0}],"is_beta":false,"boss_relics":[{"not_picked":["Coffee Dripper","Black Star"],"picked":"Mark of Pain"},{"not_picked":["Orrery","Velvet Choker"],"picked":"Tiny House"}],"items_purged_floors":[19,37,39],"is_endless":false,"potions_floor_spawned":[5,7,11,13,14,18,22,33,42,48],"ascension_level":6}