{"gold_per_floor":[114,114,114,24,45,80,5,5,5,5,24,62,62,83,83,213,213,238,253,253,54,69,69,89,108,108,122,136,136,177,177,177,177],"floor_reached":33,"playtime":1692,"items_purged":["Strike_R","Strike_R+1"],"score":508,"play_id":"8bb55dde-36dd-4fb0-b8d9-d729a07a56f9","local_time":"20190518152423","is_ascension_mode":true,"campfire_choices":[{"data":"Rampage","floor":8,"key":"SMITH"},{"data":"Battle Trance","floor":10,"key":"SMITH"},{"data":"Inflame","floor":13,"key":"SMITH"},{"data":"Shrug It Off","floor":15,"key":"SMITH"},{"data":"Feed","floor":23,"key":"SMITH"},{"floor":29,"key":"REST"},{"floor":32,"key":"REST"}],"neow_cost":"NONE","seed_source_timestamp":16877806833300,"circlet_count":0,"master_deck":["AscendersBane","Strike_R+1","Strike_R+1","Defend_R+1","Defend_R+1","Defend_R+1","Defend_R+1","Bash+1","Battle Trance+1","Shrug It Off+1","Rampage+1","Inflame+1","Shrug It Off","Feed+1","Ghostly Armor","Inflame","Headbutt+1","Cleave+1"],"relics":["Burning Blood","NeowsBlessing","Golden Idol","Meat on the Bone","The Courier","Ginger","Eternal Feather","Ancient Tea Set","Molten Egg 2","Gremlin Horn"],"potions_floor_usage":[12,16,24,27],"damage_taken":[{"damage":0,"enemies":"Jaw Worm","floor":1,"turns":1},{"damage":0,"enemies":"2 Louse","floor":5,"turns":1},{"damage":0,"enemies":"3 Sentries","floor":6,"turns":2},{"damage":0,"enemies":"Small Slimes","floor":11,"turns":3},{"damage":26,"enemies":"Gremlin Nob","floor":12,"turns":4},{"damage":5,"enemies":"Gremlin Gang","floor":14,"turns":6},{"damage":26,"enemies":"The Guardian","floor":16,"turns":10},{"damage":36,"enemies":"Spheric Guardian","floor":18,"turns":7},{"damage":45,"enemies":"3 Byrds","floor":19,"turns":8},{"damage":8,"enemies":"Snake Plant","floor":22,"turns":6},{"damage":16,"enemies":"3 Cultists","floor":24,"turns":7},{"damage":38,"enemies":"Cultist and Chosen","floor":25,"turns":6},{"damage":15,"enemies":"Sentry and Sphere","floor":27,"turns":5},{"damage":34,"enemies":"3 Cultists","floor":28,"turns":6},{"damage":36,"enemies":"Gremlin Leader","floor":30,"turns":7},{"damage":105,"enemies":"Automaton","floor":33,"turns":10}],"seed_played":"8097039989880685013","potions_obtained":[{"floor":6,"key":"PowerPotion"},{"floor":11,"key":"PowerPotion"},{"floor":19,"key":"Fire Potion"},{"floor":24,"key":"AttackPotion"}],"is_trial":false,"path_per_floor":["M","?","?","$","M","E","$","R","T","R","M","E","R","M","R","B",null,"M","M","?","$","M","R","M","M","T","M","M","R","E","?","R","B"],"character_chosen":"IRONCLAD","items_purchased":["Shrug It Off","Rampage","Ancient Tea Set"],"campfire_rested":2,"item_purchase_floors":[4,4,21],"current_hp_per_floor":[78,58,58,58,64,70,70,70,70,70,76,56,56,57,57,49,72,54,30,30,30,40,49,55,39,39,42,30,67,53,53,91,0],"gold":177,"neow_bonus":"THREE_ENEMY_KILL","is_prod":false,"is_daily":false,"chose_seed":false,"campfire_upgraded":5,"win_rate":0,"timestamp":1558207463,"path_taken":["M","?","?","$","M","E","$","R","T","R","M","E","R","M","R","BOSS","M","M","?","$","M","R","M","M","T","M","M","R","E","?","R","BOSS"],"build_version":"2019-01-23","purchased_purges":2,"victory":false,"max_hp_per_floor":[80,80,80,80,80,80,80,80,80,80,80,80,80,80,80,80,80,80,83,83,83,83,83,87,91,91,91,95,95,99,99,99,99],"card_choices":[{"not_picked":["Clash","Shrug It Off"],"picked":"Battle Trance","floor":1},{"not_picked":["Cleave","Body Slam","Armaments"],"picked":"SKIP","floor":5},{"not_picked":["Hemokinesis","Body Slam"],"picked":"Inflame","floor":6},{"not_picked":["Uppercut","Havoc","Sever Soul"],"picked":"SKIP","floor":11},{"not_picked":["Heavy Blade","Clothesline"],"picked":"Shrug It Off","floor":12},{"not_picked":["Flex","Clothesline","Armaments"],"picked":"SKIP","floor":14},{"not_picked":["Limit Break","Barricade"],"picked":"Feed","floor":16},{"not_picked":["Entrench","Shockwave","Shrug It Off"],"picked":"SKIP","floor":18},{"not_picked":["Battle Trance","Carnage"],"picked":"Ghostly Armor","floor":19},{"not_picked":["Wild Strike","Anger","Feel No Pain"],"picked":"SKIP","floor":22},{"not_picked":["Thunderclap","Pummel"],"picked":"Inflame","floor":24},{"not_picked":["Searing Blow+1","Wild Strike+1","Corruption"],"picked":"SKIP","floor":25},{"not_picked":["Brutality","Clothesline+1"],"picked":"Headbutt+1","floor":27},{"not_picked":["Blood for Blood+1","Clash+1","Warcry"],"picked":"SKIP","floor":28},{"not_picked":["Shockwave","Reckless Charge+1"],"picked":"Cleave+1","floor":30}],"player_experience":302579,"relics_obtained":[{"floor":6,"key":"Meat on the Bone"},{"floor":9,"key":"The Courier"},{"floor":12,"key":"Ginger"},{"floor":26,"key":"Molten Egg 2"},{"floor":30,"key":"Gremlin Horn"}],"event_choices":[{"damage_healed":0,"gold_gain":0,"player_choice":"Take Damage","damage_taken":20,"relics_obtained":["Golden Idol"],"max_hp_gain":0,"max_hp_loss":0,"event_name":"Golden Idol","floor":2,"gold_loss":0},{"damage_healed":0,"gold_gain":0,"player_choice":"Grow","damage_taken":0,"max_hp_gain":0,"max_hp_loss":0,"event_name":"Living Wall","floor":3,"gold_loss":0,"cards_upgraded":["Bash"]},{"damage_healed":0,"gold_gain":0,"player_choice":"Simplicity","damage_taken":0,"max_hp_gain":0,"max_hp_loss":0,"event_name":"Back to Basics","floor":20,"gold_loss":0,"cards_upgraded":["Strike_R","Strike_R","Strike_R","Strike_R","Defend_R","Defend_R","Defend_R","Defend_R"]},{"cards_removed":["Strike_R"],"damage_healed":0,"gold_gain":0,"player_choice":"Offered Basic","damage_taken":0,"max_hp_gain":0,"max_hp_loss":0,"event_name":"Bonfire Elementals","floor":31,"gold_loss":0}],"is_beta":false,"boss_relics":[{"not_picked":["Calling Bell","Orrery"],"picked":"Eternal Feather"}],"items_purged_floors":[7,21],"is_endless":false,"potions_floor_spawned":[6,11,19,24],"killed_by":"Automaton","ascension_level":12}