{"gold_per_floor":[113,126,126,140,215,215,250,250,250,69,69,79,79,102,102,200,200,219,219,75,75,0,0],"floor_reached":23,"playtime":526,"items_purged":["Strike_R"],"score":355,"play_id":"9425597f-48ad-451c-91c9-3839fab07e5e","local_time":"20190725183920","is_ascension_mode":true,"campfire_choices":[{"data":"Bash","floor":6,"key":"SMITH"},{"data":"Armaments","floor":11,"key":"SMITH"},{"floor":15,"key":"REST"}],"neow_cost":"NONE","seed_source_timestamp":739220925100,"circlet_count":0,"master_deck":["AscendersBane","Strike_R","Strike_R","Strike_R","Defend_R","Defend_R","Defend_R","Defend_R","Bash+1","Armaments+1","Thunderclap","Clothesline","Flame Barrier","Panacea","Injury","Uppercut","Fiend Fire","Ghostly Armor+1","Necronomicurse","True Grit","Bandage Up"],"relics":["Burning Blood","NeowsBlessing","Peace Pipe","Torii","Golden Idol","Mark of Pain","Necronomicon"],"potions_floor_usage":[7,23,23,23],"damage_taken":[{"damage":0,"enemies":"2 Louse","floor":1,"turns":1},{"damage":0,"enemies":"Jaw Worm","floor":2,"turns":1},{"damage":0,"enemies":"Cultist","floor":4,"turns":1},{"damage":44,"enemies":"Lagavulin","floor":7,"turns":8},{"damage":1,"enemies":"Exordium Wildlife","floor":12,"turns":6},{"damage":13,"enemies":"3 Louse","floor":14,"turns":4},{"damage":34,"enemies":"The Guardian","floor":16,"turns":17},{"damage":21,"enemies":"3 Byrds","floor":18,"turns":5},{"damage":29,"enemies":"Gremlin Leader","floor":23,"turns":3}],"seed_played":"-5902408456104866509","potions_obtained":[{"floor":4,"key":"Fire Potion"},{"floor":12,"key":"SteroidPotion"},{"floor":16,"key":"EntropicBrew"}],"is_trial":false,"path_per_floor":["M","M","?","M","?","R","E","?","T","$","R","M","?","M","R","B",null,"M","?","$","?","?","E"],"character_chosen":"IRONCLAD","items_purchased":["Panacea","True Grit","Bandage Up"],"campfire_rested":1,"item_purchase_floors":[10,20,20],"current_hp_per_floor":[74,75,75,75,64,64,26,26,26,26,26,31,31,24,46,18,61,46,25,25,25,25,0],"gold":0,"neow_bonus":"THREE_ENEMY_KILL","is_prod":false,"is_daily":false,"chose_seed":false,"campfire_upgraded":2,"win_rate":0,"timestamp":1564094360,"path_taken":["M","M","?","M","?","R","E","?","T","$","R","?","?","M","R","BOSS","M","?","$","?","?","E"],"build_version":"2019-07-17","purchased_purges":1,"victory":false,"max_hp_per_floor":[75,75,75,75,75,75,75,75,75,75,75,75,75,75,75,75,75,75,75,75,75,75,75],"card_choices":[{"not_picked":["Clash","Anger"],"picked":"Armaments","floor":1},{"not_picked":["Warcry","Armaments"],"picked":"Thunderclap","floor":2},{"not_picked":["Anger","Heavy Blade"],"picked":"Clothesline","floor":4},{"not_picked":["Flex","Heavy Blade"],"picked":"Flame Barrier","floor":7},{"not_picked":["Warcry","Reckless Charge","Juggernaut"],"picked":"SKIP","floor":12},{"not_picked":["Warcry","Flex"],"picked":"Uppercut","floor":14},{"not_picked":["Impervious","Brutality"],"picked":"Fiend Fire","floor":16},{"not_picked":["Rupture","Burning Pact+1"],"picked":"Ghostly Armor+1","floor":18}],"player_experience":441040,"relics_obtained":[{"floor":7,"key":"Peace Pipe"},{"floor":9,"key":"Torii"},{"floor":19,"key":"Necronomicon"}],"event_choices":[{"damage_healed":0,"gold_gain":0,"player_choice":"Ignored","damage_taken":0,"max_hp_gain":0,"max_hp_loss":0,"event_name":"Liars Game","floor":3,"gold_loss":0},{"damage_healed":0,"gold_gain":75,"player_choice":"Gather Gold","damage_taken":11,"max_hp_gain":0,"max_hp_loss":0,"event_name":"World of Goop","floor":5,"gold_loss":0},{"cards_removed":["Strike_R"],"damage_healed":0,"gold_gain":0,"player_choice":"Offered Basic","damage_taken":0,"max_hp_gain":0,"max_hp_loss":0,"event_name":"Bonfire Elementals","floor":8,"gold_loss":0},{"damage_healed":0,"gold_gain":0,"player_choice":"Take Wound","damage_taken":0,"relics_obtained":["Golden Idol"],"max_hp_gain":0,"max_hp_loss":0,"event_name":"Golden Idol","floor":13,"gold_loss":0,"cards_obtained":["Injury"]},{"damage_healed":0,"gold_gain":0,"player_choice":"Obtained Book","damage_taken":21,"max_hp_gain":0,"max_hp_loss":0,"event_name":"Cursed Tome","floor":19,"gold_loss":0},{"damage_healed":0,"gold_gain":0,"player_choice":"Ignored","damage_taken":0,"max_hp_gain":0,"max_hp_loss":0,"event_name":"Ghosts","floor":21,"gold_loss":0},{"damage_healed":0,"gold_gain":0,"player_choice":"Paid Fearfully","damage_taken":0,"max_hp_gain":0,"max_hp_loss":0,"event_name":"Masked Bandits","floor":22,"gold_loss":75}],"is_beta":false,"boss_relics":[{"not_picked":["Velvet Choker","Pandora\u0027s Box"],"picked":"Mark of Pain"}],"items_purged_floors":[10],"is_endless":false,"potions_floor_spawned":[4,12,16],"killed_by":"Gremlin Leader","ascension_level":18}