{"gold_per_floor":[116,134,151,164,180,180,197,228,228,228,244,22,22,22,22,124,124,136,51,51,70,86,86,98,127,154,168,168,178,178,193,193,193],"floor_reached":33,"playtime":1253,"items_purged":[],"score":287,"play_id":"3b506939-6095-4f4f-af76-c66f81bab3f6","local_time":"20190529211701","is_ascension_mode":true,"campfire_choices":[{"data":"Noxious Fumes","floor":6,"key":"SMITH"},{"data":"A Thousand Cuts","floor":10,"key":"SMITH"},{"data":"Dash","floor":15,"key":"SMITH"},{"data":"Blade Dance","floor":23,"key":"SMITH"},{"floor":28,"key":"REST"},{"data":"Deflect","floor":30,"key":"SMITH"},{"data":"Poisoned Stab","floor":32,"key":"SMITH"}],"neow_cost":"NONE","seed_source_timestamp":15173120738200,"circlet_count":0,"master_deck":["Defend_G","Defend_G","Defend_G","Defend_G","Defend_G","Strike_G","Strike_G","Strike_G","Strike_G","Strike_G","Survivor","Neutralize","Noxious Fumes+1","Backflip","Dash+1","Deflect+1","Infinite Blades+1","Poisoned Stab+1","A Thousand Cuts+1","Footwork","Deadly Poison","Bandage Up+1","Deadly Poison","Blade Dance+1","Caltrops+1","Deflect+1","Flying Knee"],"relics":["Ring of the Snake","NeowsBlessing","Mummified Hand","Tough Bandages","Ninja Scroll","WristBlade","Unceasing Top","Gambling Chip","Bronze Scales"],"potions_floor_usage":[27,27,29,33,33],"damage_taken":[{"damage":0,"enemies":"Cultist","floor":1,"turns":1},{"damage":0,"enemies":"2 Louse","floor":2,"turns":1},{"damage":0,"enemies":"Small Slimes","floor":3,"turns":1},{"damage":0,"enemies":"3 Louse","floor":4,"turns":5},{"damage":4,"enemies":"Blue Slaver","floor":5,"turns":4},{"damage":2,"enemies":"Exordium Thugs","floor":7,"turns":5},{"damage":17,"enemies":"Gremlin Nob","floor":8,"turns":5},{"damage":4,"enemies":"Large Slime","floor":11,"turns":6},{"damage":11,"enemies":"Hexaghost","floor":16,"turns":8},{"damage":6,"enemies":"3 Byrds","floor":18,"turns":4},{"damage":0,"enemies":"Chosen","floor":21,"turns":3},{"damage":0,"enemies":"Snecko","floor":22,"turns":4},{"damage":22,"enemies":"Shelled Parasite and Fungi","floor":24,"turns":5},{"damage":41,"enemies":"Gremlin Leader","floor":25,"turns":6},{"damage":0,"enemies":"Snake Plant","floor":27,"turns":3},{"damage":0,"enemies":"Centurion and Healer","floor":29,"turns":4},{"damage":5,"enemies":"Shelled Parasite and Fungi","floor":31,"turns":3},{"damage":61,"enemies":"Automaton","floor":33,"turns":8}],"seed_played":"6192111908006625896","potions_obtained":[{"floor":1,"key":"Swift Potion"},{"floor":2,"key":"GhostInAJar"},{"floor":7,"key":"Weak Potion"},{"floor":25,"key":"EssenceOfSteel"},{"floor":27,"key":"Poison Potion"},{"floor":31,"key":"SteroidPotion"}],"is_trial":false,"path_per_floor":["M","M","M","M","M","R","M","E","T","R","M","$","?","?","R","B",null,"M","?","?","M","M","R","M","E","T","M","R","M","R","M","R","B"],"character_chosen":"THE_SILENT","items_purchased":["Footwork","Deadly Poison","Bandage Up"],"campfire_rested":1,"item_purchase_floors":[12,12,12],"current_hp_per_floor":[70,70,70,70,66,66,64,47,47,47,43,43,43,43,43,38,70,70,70,70,70,70,70,48,13,13,19,40,46,46,47,47,0],"gold":193,"neow_bonus":"THREE_ENEMY_KILL","is_prod":false,"is_daily":false,"chose_seed":false,"campfire_upgraded":6,"win_rate":0,"timestamp":1559179021,"path_taken":["M","M","?","M","M","R","M","E","T","R","?","?","?","?","R","BOSS","M","?","?","M","M","R","?","E","T","M","R","M","R","M","R","BOSS"],"build_version":"2019-01-23","purchased_purges":0,"victory":false,"max_hp_per_floor":[70,70,70,70,70,70,70,70,70,70,70,70,70,70,70,70,70,70,70,70,70,70,70,70,70,70,70,70,70,70,70,70,70],"card_choices":[{"not_picked":["Setup","Finisher"],"picked":"Noxious Fumes","floor":1},{"not_picked":["Prepared","Heel Hook"],"picked":"Backflip","floor":2},{"not_picked":["Distraction","PiercingWail"],"picked":"Dash","floor":3},{"not_picked":["Dash","Wraith Form v2"],"picked":"Deflect","floor":4},{"not_picked":["Expertise","Backstab"],"picked":"Infinite Blades","floor":5},{"not_picked":["Eviscerate","Heel Hook"],"picked":"Poisoned Stab","floor":7},{"not_picked":["All Out Attack","Backstab"],"picked":"A Thousand Cuts","floor":8},{"not_picked":["Dagger Throw","Heel Hook","Outmaneuver"],"picked":"SKIP","floor":11},{"not_picked":["Sucker Punch","Slice+1"],"picked":"Deadly Poison","floor":18},{"not_picked":["Dash+1","Prepared"],"picked":"Blade Dance","floor":21},{"not_picked":["Expertise","Deflect+1"],"picked":"Caltrops+1","floor":22},{"not_picked":["Sucker Punch+1","Footwork+1"],"picked":"Deflect+1","floor":24},{"not_picked":["Burst","Skewer","Doppelganger"],"picked":"SKIP","floor":25},{"not_picked":["Underhanded Strike","Blur","Acrobatics"],"picked":"SKIP","floor":27},{"not_picked":["Flechettes","Slice+1","Sucker Punch"],"picked":"SKIP","floor":29},{"not_picked":["Deadly Poison","Outmaneuver"],"picked":"Flying Knee","floor":31}],"player_experience":358902,"relics_obtained":[{"floor":8,"key":"Mummified Hand"},{"floor":9,"key":"Tough Bandages"},{"floor":25,"key":"Gambling Chip"},{"floor":26,"key":"Bronze Scales"}],"event_choices":[{"damage_healed":0,"gold_gain":0,"player_choice":"Grow","damage_taken":0,"max_hp_gain":0,"max_hp_loss":0,"event_name":"Living Wall","floor":13,"gold_loss":0,"cards_upgraded":["Bandage Up"]},{"damage_healed":0,"gold_gain":0,"player_choice":"Searched \u00271\u0027 times","damage_taken":0,"relics_obtained":["Ninja Scroll"],"max_hp_gain":0,"max_hp_loss":0,"event_name":"Dead Adventurer","floor":14,"gold_loss":0},{"damage_healed":0,"gold_gain":0,"player_choice":"Obtained Relic","damage_taken":0,"relics_obtained":["Unceasing Top"],"max_hp_gain":0,"max_hp_loss":0,"event_name":"Addict","floor":19,"gold_loss":85},{"damage_healed":0,"gold_gain":0,"player_choice":"Forge","damage_taken":0,"max_hp_gain":0,"max_hp_loss":0,"event_name":"Accursed Blacksmith","floor":20,"gold_loss":0,"cards_upgraded":["Infinite Blades"]}],"is_beta":false,"boss_relics":[{"not_picked":["Orrery","Snecko Eye"],"picked":"WristBlade"}],"items_purged_floors":[],"is_endless":false,"potions_floor_spawned":[1,2,7,8,16,24,25,27,31],"killed_by":"Automaton","ascension_level":1}