{"gold_per_floor":[109,109,121,136,14,40,1,28,81,81,35,35,47,63,63,158,158,175,250,261,278,19,19,34,34,106,123,158,33,49,49,49,49],"floor_reached":33,"playtime":1045,"items_purged":["Strike_R","Barricade","Decay"],"score":291,"play_id":"00053861-5574-492c-9589-f982be4efd3f","local_time":"20190717181902","is_ascension_mode":true,"campfire_choices":[{"floor":10,"key":"RECALL"},{"data":"Immolate","floor":12,"key":"SMITH"},{"data":"True Grit","floor":15,"key":"SMITH"},{"data":"Bash","floor":23,"key":"SMITH"},{"data":"Anger","floor":25,"key":"SMITH"},{"data":"Berserk","floor":32,"key":"SMITH"}],"neow_cost":"NONE","seed_source_timestamp":404891609200,"circlet_count":0,"master_deck":["Strike_R","Strike_R","Strike_R","Strike_R","Defend_R","Defend_R","Defend_R","Defend_R","Bash+1","True Grit+1","Pommel Strike","Headbutt","Shrug It Off","Iron Wave","Infernal Blade","Immolate+1","Anger+1","Cleave","Sword Boomerang","Reaper","Armaments+1","Shrug It Off","Bandage Up","Shrug It Off","Twin Strike","Disarm","Berserk+1"],"relics":["Burning Blood","Shuriken","Pen Nib","Cursed Key","Dodecahedron","Oddly Smooth Stone"],"potions_floor_usage":[6,13,13,16,21,21,28,30],"damage_taken":[{"damage":6,"enemies":"2 Louse","floor":1,"turns":3},{"damage":6,"enemies":"Cultist","floor":3,"turns":3},{"damage":6,"enemies":"Jaw Worm","floor":4,"turns":5},{"damage":24,"enemies":"3 Sentries","floor":6,"turns":13},{"damage":31,"enemies":"Lagavulin","floor":8,"turns":8},{"damage":16,"enemies":"Red Slaver","floor":13,"turns":4},{"damage":2,"enemies":"Exordium Wildlife","floor":14,"turns":2},{"damage":34,"enemies":"Hexaghost","floor":16,"turns":9},{"damage":15,"enemies":"2 Thieves","floor":18,"turns":2},{"damage":5,"enemies":"Spheric Guardian","floor":20,"turns":3},{"damage":0,"enemies":"Snake Plant","floor":21,"turns":1},{"damage":15,"enemies":"Centurion and Healer","floor":24,"turns":6},{"damage":25,"enemies":"Shelled Parasite and Fungi","floor":27,"turns":6},{"damage":47,"enemies":"Book of Stabbing","floor":28,"turns":6},{"damage":21,"enemies":"Snake Plant","floor":30,"turns":2},{"damage":61,"enemies":"Champ","floor":33,"turns":9}],"seed_played":"3489843149100621559","potions_obtained":[{"floor":1,"key":"EntropicBrew"},{"floor":6,"key":"SkillPotion"},{"floor":13,"key":"FearPotion"},{"floor":20,"key":"SteroidPotion"},{"floor":21,"key":"PowerPotion"},{"floor":28,"key":"BloodPotion"}],"is_trial":false,"path_per_floor":["M","?","M","M","$","E","$","E","T","R","$","R","M","M","R","B",null,"M","?","M","M","$","R","M","R","T","M","E","$","M","?","R","B"],"character_chosen":"IRONCLAD","items_purchased":["Shrug It Off","Infernal Blade","Anger","Bandage Up","Shrug It Off","Twin Strike"],"campfire_rested":0,"item_purchase_floors":[5,7,11,22,22,22],"current_hp_per_floor":[80,80,80,80,80,62,62,37,37,37,37,37,27,31,31,23,80,71,63,68,74,74,74,80,80,80,66,39,39,44,36,36,0],"gold":49,"neow_bonus":"ONE_RANDOM_RARE_CARD","is_prod":false,"is_daily":false,"chose_seed":false,"campfire_upgraded":5,"win_rate":0,"timestamp":1563401942,"path_taken":["M","?","M","M","$","E","$","E","T","R","$","R","?","M","R","BOSS","M","?","M","M","$","R","M","R","T","?","E","?","M","?","R","BOSS"],"build_version":"2019-07-05","purchased_purges":3,"victory":false,"max_hp_per_floor":[80,80,80,80,80,80,80,80,80,80,80,80,80,80,80,80,80,80,80,80,80,80,80,80,80,80,80,80,80,80,80,80,80],"card_choices":[{"not_picked":["Sever Soul","Evolve"],"picked":"True Grit","floor":1},{"not_picked":["Second Wind","Entrench"],"picked":"Pommel Strike","floor":3},{"not_picked":["Rupture","Heavy Blade"],"picked":"Headbutt","floor":4},{"not_picked":["Blood for Blood","Flex"],"picked":"Iron Wave","floor":6},{"not_picked":["Thunderclap","Hemokinesis"],"picked":"Immolate","floor":8},{"not_picked":["Seeing Red","Warcry"],"picked":"Cleave","floor":13},{"not_picked":["Ghostly Armor","Body Slam"],"picked":"Sword Boomerang","floor":14},{"not_picked":["Demon Form","Impervious"],"picked":"Reaper","floor":16},{"not_picked":["Clash+1","Thunderclap"],"picked":"Armaments+1","floor":18},{"not_picked":["Combust","Sword Boomerang+1","Spot Weakness"],"picked":"SKIP","floor":20},{"not_picked":["Body Slam","Rampage+1"],"picked":"Shrug It Off","floor":21},{"not_picked":["Rupture","Havoc","Blood for Blood"],"picked":"SKIP","floor":24},{"not_picked":["Blood for Blood+1","Infernal Blade","Shockwave"],"picked":"SKIP","floor":27},{"not_picked":["Headbutt","Spot Weakness"],"picked":"Disarm","floor":28},{"not_picked":["Sever Soul","Pommel Strike+1"],"picked":"Berserk","floor":30}],"player_experience":431499,"relics_obtained":[{"floor":6,"key":"Shuriken"},{"floor":8,"key":"Pen Nib"},{"floor":26,"key":"Dodecahedron"},{"floor":28,"key":"Oddly Smooth Stone"}],"event_choices":[{"damage_healed":0,"gold_gain":0,"player_choice":"Bought 0 Potions","damage_taken":0,"max_hp_gain":0,"max_hp_loss":0,"event_name":"The Woman in Blue","floor":2,"gold_loss":0},{"damage_healed":0,"gold_gain":75,"player_choice":"Touch","damage_taken":8,"max_hp_gain":0,"max_hp_loss":0,"event_name":"FaceTrader","floor":19,"gold_loss":0},{"damage_healed":0,"gold_gain":0,"player_choice":"","damage_taken":8,"max_hp_gain":0,"max_hp_loss":0,"event_name":"Knowing Skull","floor":31,"potions_obtained":[],"gold_loss":0,"cards_obtained":[]}],"is_beta":false,"boss_relics":[{"not_picked":["Snecko Eye","Runic Pyramid"],"picked":"Cursed Key"}],"items_purged_floors":[5,22,29],"is_endless":false,"potions_floor_spawned":[1,6,8,13,20,21,28],"killed_by":"Champ","ascension_level":1}