{"gold_per_floor":[109,109,125,137,137,170,170,186,213,19,19,19,34,34,34,139,139,154,154,79,79,97,97,72,72,120,120,147,47,47,65,65,166,166,178,178,198,178,107,107,124,124,124,124,140,15,29,29,29,29],"floor_reached":51,"playtime":2313,"items_purged":["Strike_R","Strike_R+1","Clothesline"],"score":980,"play_id":"97897f8c-2d73-45fc-a035-e8aebfd0a6de","local_time":"20190414021332","is_ascension_mode":true,"campfire_choices":[{"data":"Juggernaut","floor":7,"key":"SMITH"},{"data":"Rage","floor":12,"key":"SMITH"},{"floor":15,"key":"REST"},{"floor":23,"key":"REST"},{"data":"Barricade","floor":25,"key":"SMITH"},{"floor":27,"key":"REST"},{"data":"Shrug It Off","floor":30,"key":"SMITH"},{"floor":32,"key":"REST"},{"data":"Flame Barrier","floor":40,"key":"SMITH"},{"floor":42,"key":"REST"},{"floor":49,"key":"REST"}],"neow_cost":"NONE","seed_source_timestamp":8804502217500,"circlet_count":0,"master_deck":["Defend_R","Defend_R","Defend_R","Defend_R","Bash","Juggernaut+1","Pommel Strike","Shrug It Off+1","Rage+1","Pommel Strike","Armaments+1","Rampage+1","Shrug It Off","Barricade+1","Shrug It Off","Immolate","Burning Pact","Body Slam+1","Cleave","Rampage","Flame Barrier+1","Mind Blast","Shrug It Off+1","Metallicize","Seeing Red+1","Iron Wave+1"],"relics":["Burning Blood","Anchor","Vajra","Lantern","Lizard Tail","Orichalcum","Bottled Lightning","Mark of Pain","Pear","Incense Burner"],"potions_floor_usage":[8,18,28,41,41,48,50,50,50],"damage_taken":[{"damage":4,"enemies":"2 Louse","floor":1,"turns":3},{"damage":2,"enemies":"Jaw Worm","floor":3,"turns":3},{"damage":7,"enemies":"Small Slimes","floor":4,"turns":4},{"damage":34,"enemies":"3 Sentries","floor":6,"turns":9},{"damage":0,"enemies":"Exordium Thugs","floor":8,"turns":2},{"damage":0,"enemies":"Blue Slaver","floor":13,"turns":3},{"damage":44,"enemies":"Hexaghost","floor":16,"turns":10},{"damage":27,"enemies":"3 Byrds","floor":18,"turns":6},{"damage":35,"enemies":"Shell Parasite","floor":22,"turns":8},{"damage":17,"enemies":"Gremlin Leader","floor":28,"turns":9},{"damage":21,"enemies":"Snake Plant","floor":31,"turns":5},{"damage":40,"enemies":"Automaton","floor":33,"turns":11},{"damage":16,"enemies":"Orb Walker","floor":35,"turns":4},{"damage":16,"enemies":"3 Darklings","floor":37,"turns":5},{"damage":83,"enemies":"Transient","floor":41,"turns":5},{"damage":5,"enemies":"4 Shapes","floor":45,"turns":7},{"damage":52,"enemies":"3 Darklings","floor":47,"turns":5},{"damage":38,"enemies":"Time Eater","floor":50,"turns":13}],"seed_played":"8493109009386913091","potions_obtained":[{"floor":6,"key":"PowerPotion"},{"floor":8,"key":"Explosive Potion"},{"floor":22,"key":"LiquidBronze"},{"floor":28,"key":"SpeedPotion"},{"floor":37,"key":"Poison Potion"},{"floor":38,"key":"GamblersBrew"},{"floor":41,"key":"FearPotion"},{"floor":48,"key":"Fruit Juice"},{"floor":48,"key":"EssenceOfSteel"},{"floor":48,"key":"Fire Potion"}],"is_trial":false,"path_per_floor":["M","?","M","M","?","E","R","M","T","$","?","R","M","?","R","B",null,"M","?","?","?","M","R","$","R","T","R","E","$","R","M","R","B",null,"M","?","M","?","$","R","M","R","T","T","M","$","M","?","R","B",null],"character_chosen":"IRONCLAD","items_purchased":["Armaments","Rampage","Cleave","Metallicize"],"campfire_rested":6,"item_purchase_floors":[10,10,24,39],"current_hp_per_floor":[74,79,83,82,64,36,36,42,42,42,42,42,48,31,56,18,68,47,47,47,47,18,43,43,43,43,68,57,57,57,42,67,33,72,62,62,52,52,52,52,20,45,55,55,56,56,10,15,45,13],"gold":29,"neow_bonus":"ONE_RANDOM_RARE_CARD","is_prod":false,"is_daily":false,"chose_seed":false,"campfire_upgraded":5,"win_rate":0,"timestamp":1555222412,"path_taken":["M","?","M","M","?","E","R","M","T","$","?","R","?","?","R","BOSS","M","?","?","?","M","R","?","R","T","R","E","$","R","M","R","BOSS","M","?","M","?","$","R","?","R","T","?","M","?","M","?","R","BOSS"],"build_version":"2019-01-23","purchased_purges":3,"victory":true,"max_hp_per_floor":[80,85,85,85,85,85,85,85,85,85,85,85,85,85,85,85,85,85,85,85,85,85,85,85,85,85,85,85,85,85,85,85,85,85,85,85,85,85,85,85,85,85,95,95,95,95,95,100,100,100],"card_choices":[{"not_picked":["Headbutt","Bloodletting"],"picked":"Pommel Strike","floor":1},{"not_picked":["Searing Blow","Second Wind"],"picked":"Shrug It Off","floor":3},{"not_picked":["Wild Strike","Thunderclap"],"picked":"Clothesline","floor":4},{"not_picked":["Rupture","Fire Breathing"],"picked":"Rage","floor":6},{"not_picked":["Combust","Fire Breathing"],"picked":"Pommel Strike","floor":8},{"not_picked":["Warcry","Body Slam"],"picked":"Shrug It Off","floor":13},{"not_picked":["Fiend Fire","Reaper"],"picked":"Barricade","floor":16},{"not_picked":["Sword Boomerang+1","Spot Weakness"],"picked":"Shrug It Off","floor":18},{"not_picked":["Ghostly Armor+1","Armaments+1"],"picked":"Body Slam+1","floor":22},{"not_picked":["Sever Soul","Sword Boomerang"],"picked":"Rampage","floor":28},{"not_picked":["Second Wind+1","Wild Strike","Heavy Blade"],"picked":"SKIP","floor":31},{"not_picked":["Uppercut","Searing Blow"],"picked":"Flame Barrier","floor":35},{"not_picked":["Discovery","Dark Shackles"],"picked":"Mind Blast","floor":36},{"not_picked":["Cleave","Ghostly Armor"],"picked":"Shrug It Off+1","floor":37},{"not_picked":["Anger+1","Twin Strike+1"],"picked":"Seeing Red+1","floor":41},{"not_picked":["Sword Boomerang+1","True Grit+1","Disarm+1"],"picked":"SKIP","floor":45},{"not_picked":["Metallicize+1","Pummel"],"picked":"Iron Wave+1","floor":47}],"player_experience":128585,"relics_obtained":[{"floor":6,"key":"Vajra"},{"floor":9,"key":"Lantern"},{"floor":26,"key":"Orichalcum"},{"floor":28,"key":"Bottled Lightning"},{"floor":43,"key":"Pear"},{"floor":44,"key":"Incense Burner"}],"event_choices":[{"damage_healed":0,"gold_gain":0,"player_choice":"Donut","damage_taken":0,"max_hp_gain":5,"max_hp_loss":0,"event_name":"Big Fish","floor":2,"gold_loss":0},{"damage_healed":0,"gold_gain":0,"player_choice":"Success","damage_taken":18,"relics_obtained":["Anchor"],"max_hp_gain":0,"max_hp_loss":0,"event_name":"Scrap Ooze","floor":5,"gold_loss":0},{"damage_healed":0,"gold_gain":0,"player_choice":"Forge","damage_taken":0,"max_hp_gain":0,"max_hp_loss":0,"event_name":"Accursed Blacksmith","floor":11,"gold_loss":0,"cards_upgraded":["Armaments"]},{"damage_healed":0,"gold_gain":0,"player_choice":"Entered Light","damage_taken":17,"max_hp_gain":0,"max_hp_loss":0,"event_name":"Shining Light","floor":14,"gold_loss":0,"cards_upgraded":["Strike_R","Rampage"]},{"damage_healed":0,"gold_gain":0,"cards_transformed":["Strike_R","Strike_R"],"player_choice":"Became Test Subject","damage_taken":0,"max_hp_gain":0,"max_hp_loss":0,"event_name":"Drug Dealer","floor":19,"gold_loss":0,"cards_obtained":["Immolate","Burning Pact"]},{"cards_removed":["Strike_R"],"damage_healed":0,"gold_gain":0,"player_choice":"Gave Gold","damage_taken":0,"max_hp_gain":0,"max_hp_loss":0,"event_name":"Beggar","floor":20,"gold_loss":75},{"damage_healed":0,"gold_gain":0,"player_choice":"Ignored","damage_taken":0,"max_hp_gain":0,"max_hp_loss":0,"event_name":"Ghosts","floor":21,"gold_loss":0},{"damage_healed":0,"gold_gain":0,"player_choice":"Memory 1","damage_taken":0,"max_hp_gain":0,"max_hp_loss":0,"event_name":"SensoryStone","floor":36,"gold_loss":0},{"damage_healed":0,"gold_gain":0,"player_choice":"Bought 1 Potion","damage_taken":0,"max_hp_gain":0,"max_hp_loss":0,"event_name":"The Woman in Blue","floor":38,"gold_loss":0},{"damage_healed":0,"gold_gain":0,"player_choice":"Got Potions","damage_taken":0,"max_hp_gain":0,"max_hp_loss":0,"event_name":"Lab","floor":48,"gold_loss":0}],"is_beta":false,"boss_relics":[{"not_picked":["Velvet Choker","Pandora\u0027s Box"],"picked":"Lizard Tail"},{"not_picked":["White Beast Statue","Philosopher\u0027s Stone"],"picked":"Mark of Pain"}],"items_purged_floors":[10,29,46],"is_endless":false,"potions_floor_spawned":[6,8,22,28,37,41],"ascension_level":8}