{"gold_per_floor":[212,212,162,87,105,117,144,163,186,197,226,226,226],"floor_reached":13,"playtime":488,"items_purged":["Strike_B"],"score":95,"play_id":"29263aab-37de-459f-bb44-f36ed94aac04","local_time":"20190831155010","is_ascension_mode":false,"campfire_choices":[],"neow_cost":"NONE","seed_source_timestamp":2636293380998,"circlet_count":0,"master_deck":["Strike_B","Defend_B","Defend_B","Defend_B","Defend_B","Zap","Dualcast","Compile Driver","Coolheaded","Darkness","Reprogram","Ball Lightning","FTL","BootSequence"],"relics":["Cracked Core","Lantern","Omamori","Boot"],"potions_floor_usage":[],"damage_taken":[{"damage":10,"enemies":"Small Slimes","floor":1,"turns":3},{"damage":1,"enemies":"Jaw Worm","floor":5,"turns":3},{"damage":2,"enemies":"Cultist","floor":6,"turns":4},{"damage":16,"enemies":"Lagavulin","floor":7,"turns":5},{"damage":9,"enemies":"Red Slaver","floor":8,"turns":3},{"damage":14,"enemies":"Blue Slaver","floor":10,"turns":3},{"damage":22,"enemies":"Gremlin Nob","floor":11,"turns":4},{"damage":3,"enemies":"Lots of Slimes","floor":13,"turns":1}],"seed_played":"6594389255483090399","potions_obtained":[{"floor":7,"key":"Strength Potion"},{"floor":10,"key":"Explosive Potion"},{"floor":11,"key":"SpeedPotion"}],"is_trial":false,"path_per_floor":["M","?","?","$","M","M","E","M","T","M","E","?","M"],"character_chosen":"DEFECT","items_purchased":[],"campfire_rested":0,"item_purchase_floors":[],"current_hp_per_floor":[65,65,65,65,64,62,46,37,37,23,1,1,0],"gold":226,"neow_bonus":"HUNDRED_GOLD","is_prod":false,"is_daily":false,"chose_seed":false,"campfire_upgraded":0,"win_rate":0,"timestamp":1567237810,"path_taken":["M","?","?","$","M","M","E","M","T","M","E","?","M"],"build_version":"2019-07-17","purchased_purges":1,"victory":false,"max_hp_per_floor":[75,75,75,75,75,75,75,75,75,75,75,75,75],"card_choices":[{"not_picked":["Hologram","Barrage"],"picked":"Compile Driver","floor":1},{"not_picked":["Beam Cell","Heatsinks"],"picked":"Coolheaded","floor":5},{"not_picked":["Stack","Rebound"],"picked":"Darkness","floor":6},{"not_picked":["Defragment","Thunder Strike"],"picked":"Reprogram","floor":7},{"not_picked":["Sweeping Beam","Gash"],"picked":"Ball Lightning","floor":8},{"not_picked":["Chill","Auto Shields"],"picked":"FTL","floor":10},{"not_picked":["Go for the Eyes","Coolheaded"],"picked":"BootSequence","floor":11}],"player_experience":254359,"relics_obtained":[{"floor":7,"key":"Lantern"},{"floor":9,"key":"Omamori"},{"floor":11,"key":"Boot"}],"event_choices":[{"cards_removed":["Strike_B"],"damage_healed":0,"gold_gain":0,"player_choice":"Forget","damage_taken":0,"max_hp_gain":0,"max_hp_loss":0,"event_name":"Living Wall","floor":2,"gold_loss":0},{"cards_removed":["Strike_B"],"damage_healed":0,"gold_gain":0,"player_choice":"Card Removal","damage_taken":0,"max_hp_gain":0,"max_hp_loss":0,"event_name":"The Cleric","floor":3,"gold_loss":50},{"damage_healed":0,"gold_gain":0,"player_choice":"Fled","damage_taken":0,"max_hp_gain":0,"max_hp_loss":0,"event_name":"Scrap Ooze","floor":12,"gold_loss":0}],"is_beta":false,"boss_relics":[],"items_purged_floors":[4],"is_endless":false,"potions_floor_spawned":[7,10,11],"killed_by":"Lots of Slimes","ascension_level":0}