{"gold_per_floor":[118,118,173,26,101,101,51,68,94,123,136,146,156,173,173,249,249,267,277,277,277,287,287,158,158,158,158,158,169,169,183,183,183],"floor_reached":33,"playtime":770,"items_purged":["Strike_R"],"score":420,"play_id":"a5fabdfc-b957-4476-ba2f-c9b96ed4d082","local_time":"20190529203954","is_ascension_mode":true,"campfire_choices":[{"data":"Bash","floor":6,"key":"SMITH"},{"data":"Rampage","floor":15,"key":"SMITH"},{"floor":23,"key":"REST"},{"floor":30,"key":"REST"},{"data":"Whirlwind","floor":32,"key":"SMITH"}],"neow_cost":"NONE","seed_source_timestamp":13430678418400,"circlet_count":0,"master_deck":["AscendersBane","Strike_R+1","Strike_R+1","Defend_R+1","Defend_R+1","Defend_R+1","Defend_R+1","Bash+1","Ghostly Armor","Anger","Rampage+1","Headbutt","Twin Strike","Clothesline","Feed","Headbutt","Battle Trance","True Grit","Whirlwind+1","Spot Weakness"],"relics":["Burning Blood","Smiling Mask","Pen Nib","Ancient Tea Set","Whetstone","Lizard Tail","Letter Opener"],"potions_floor_usage":[10,16,16,33],"damage_taken":[{"damage":1,"enemies":"Cultist","floor":1,"turns":4},{"damage":4,"enemies":"Jaw Worm","floor":8,"turns":5},{"damage":29,"enemies":"Gremlin Nob","floor":10,"turns":4},{"damage":0,"enemies":"Small Slimes","floor":11,"turns":2},{"damage":14,"enemies":"3 Louse","floor":12,"turns":4},{"damage":0,"enemies":"Large Slime","floor":13,"turns":4},{"damage":4,"enemies":"2 Fungi Beasts","floor":14,"turns":2},{"damage":49,"enemies":"The Guardian","floor":16,"turns":12},{"damage":7,"enemies":"Chosen","floor":18,"turns":4},{"damage":18,"enemies":"3 Byrds","floor":19,"turns":8},{"damage":29,"enemies":"Centurion and Healer","floor":22,"turns":5},{"damage":20,"enemies":"Snecko","floor":29,"turns":5},{"damage":23,"enemies":"Snake Plant","floor":31,"turns":4},{"damage":85,"enemies":"Collector","floor":33,"turns":7}],"seed_played":"-6750458869450377475","potions_obtained":[{"floor":0,"key":"Poison Potion"},{"floor":0,"key":"BloodPotion"},{"floor":12,"key":"SteroidPotion"},{"floor":22,"key":"Fire Potion"}],"is_trial":false,"path_per_floor":["M","?","T","$","?","R","?","M","T","E","M","M","M","M","R","B",null,"M","M","?","?","M","R","$","?","T","?","?","M","R","M","R","B"],"character_chosen":"IRONCLAD","items_purchased":["Pen Nib","True Grit","Whirlwind"],"campfire_rested":2,"item_purchase_floors":[4,24,24],"current_hp_per_floor":[73,73,73,73,62,62,62,64,64,41,47,39,45,47,47,11,59,58,49,34,34,14,39,39,39,39,39,39,25,50,33,33,0],"gold":183,"neow_bonus":"THREE_SMALL_POTIONS","is_prod":false,"is_daily":false,"chose_seed":false,"campfire_upgraded":3,"win_rate":0,"timestamp":1559176794,"path_taken":["M","?","?","$","?","R","?","M","T","E","M","M","M","M","R","BOSS","M","M","?","?","M","R","$","?","T","?","?","M","R","?","R","BOSS"],"build_version":"2019-01-23","purchased_purges":1,"victory":false,"max_hp_per_floor":[75,75,75,75,75,75,75,75,75,75,75,75,75,75,75,75,75,75,78,83,83,86,86,86,86,86,86,86,86,86,86,86,86],"card_choices":[{"not_picked":["Burning Pact","Corruption"],"picked":"Ghostly Armor","floor":1},{"not_picked":["Pummel","Perfected Strike"],"picked":"Anger","floor":8},{"not_picked":["Seeing Red","Iron Wave"],"picked":"Rampage","floor":10},{"not_picked":["Evolve","Searing Blow","Clash"],"picked":"SKIP","floor":11},{"not_picked":["Perfected Strike","Inflame"],"picked":"Headbutt","floor":12},{"not_picked":["Perfected Strike","Thunderclap"],"picked":"Twin Strike","floor":13},{"not_picked":["Entrench","Limit Break"],"picked":"Clothesline","floor":14},{"not_picked":["Impervious","Berserk"],"picked":"Feed","floor":16},{"not_picked":["Flex","Twin Strike"],"picked":"Headbutt","floor":18},{"not_picked":["Pommel Strike","Carnage"],"picked":"Battle Trance","floor":19},{"not_picked":["Combust","Power Through","Wild Strike"],"picked":"SKIP","floor":22},{"not_picked":["Rupture","Perfected Strike"],"picked":"Spot Weakness","floor":29},{"not_picked":["Clothesline","Pommel Strike","Sword Boomerang+1"],"picked":"SKIP","floor":31}],"player_experience":358132,"relics_obtained":[{"floor":3,"key":"Smiling Mask"},{"floor":9,"key":"Ancient Tea Set"},{"floor":10,"key":"Whetstone"},{"floor":26,"key":"Letter Opener"}],"event_choices":[{"damage_healed":0,"gold_gain":0,"player_choice":"Ignored","damage_taken":0,"max_hp_gain":0,"max_hp_loss":0,"event_name":"Golden Wing","floor":2,"gold_loss":0},{"damage_healed":0,"gold_gain":75,"player_choice":"Gather Gold","damage_taken":11,"max_hp_gain":0,"max_hp_loss":0,"event_name":"World of Goop","floor":5,"gold_loss":0},{"cards_removed":["Strike_R"],"damage_healed":0,"gold_gain":0,"player_choice":"Card Removal","damage_taken":0,"max_hp_gain":0,"max_hp_loss":0,"event_name":"The Cleric","floor":7,"gold_loss":50},{"damage_healed":0,"gold_gain":0,"player_choice":"Shed Blood","damage_taken":20,"max_hp_gain":5,"max_hp_loss":0,"event_name":"Forgotten Altar","floor":20,"gold_loss":0},{"damage_healed":0,"gold_gain":0,"player_choice":"Ignored","damage_taken":0,"max_hp_gain":0,"max_hp_loss":0,"event_name":"Vampires","floor":21,"gold_loss":0},{"damage_healed":0,"gold_gain":0,"player_choice":"Ignored","damage_taken":0,"max_hp_gain":0,"max_hp_loss":0,"event_name":"Cursed Tome","floor":25,"gold_loss":0},{"damage_healed":0,"gold_gain":0,"player_choice":"Simplicity","damage_taken":0,"max_hp_gain":0,"max_hp_loss":0,"event_name":"Back to Basics","floor":27,"gold_loss":0,"cards_upgraded":["Strike_R","Defend_R","Defend_R","Defend_R","Defend_R"]},{"cards_removed":["Strike_R"],"damage_healed":0,"gold_gain":0,"player_choice":"Offered Basic","damage_taken":0,"max_hp_gain":0,"max_hp_loss":0,"event_name":"Bonfire Elementals","floor":28,"gold_loss":0}],"is_beta":false,"boss_relics":[{"not_picked":["Runic Cube","Runic Pyramid"],"picked":"Lizard Tail"}],"items_purged_floors":[24],"is_endless":false,"potions_floor_spawned":[1,8,12,14,22],"killed_by":"Collector","ascension_level":14}