{"gold_per_floor":[20,38,38,57,57,57,76,86,86,86,101,126,126,141,141,236,236,246,60,60,60,60,90,90],"floor_reached":24,"playtime":897,"items_purged":["Strike_B"],"score":324,"play_id":"0ba8b2b4-ce1e-4e42-8b20-16c8c46e08eb","local_time":"20190906165421","is_ascension_mode":true,"campfire_choices":[{"data":"Zap","floor":10,"key":"SMITH"},{"floor":13,"key":"REST"},{"floor":15,"key":"REST"}],"neow_cost":"NO_GOLD","seed_source_timestamp":1764230510256400,"circlet_count":0,"master_deck":["AscendersBane","Strike_B","Defend_B","Defend_B","Defend_B","Zap+1","Dualcast","Core Surge","Streamline","Redo","Gash","Go for the Eyes","Darkness","Finesse","Leap","Hologram+1"],"relics":["Cracked Core","Symbiotic Virus","Bottled Lightning","Ornamental Fan","Black Star","Smiling Mask","Toxic Egg 2","Bronze Scales"],"potions_floor_usage":[7,12,23,23],"damage_taken":[{"damage":11,"enemies":"2 Louse","floor":1,"turns":2},{"damage":0,"enemies":"Cultist","floor":2,"turns":3},{"damage":0,"enemies":"Small Slimes","floor":4,"turns":2},{"damage":0,"enemies":"Gremlin Gang","floor":7,"turns":3},{"damage":24,"enemies":"Exordium Thugs","floor":8,"turns":4},{"damage":8,"enemies":"Blue Slaver","floor":11,"turns":3},{"damage":20,"enemies":"3 Sentries","floor":12,"turns":6},{"damage":5,"enemies":"3 Louse","floor":14,"turns":2},{"damage":34,"enemies":"Slime Boss","floor":16,"turns":8},{"damage":4,"enemies":"Chosen","floor":18,"turns":4},{"damage":53,"enemies":"Book of Stabbing","floor":23,"turns":7},{"damage":2,"enemies":"3 Byrds","floor":24,"turns":1}],"seed_played":"6977249052843070302","potions_obtained":[{"floor":3,"key":"Block Potion"},{"floor":3,"key":"AttackPotion"},{"floor":3,"key":"SkillPotion"},{"floor":7,"key":"Strength Potion"},{"floor":8,"key":"FearPotion"},{"floor":12,"key":"SkillPotion"},{"floor":18,"key":"SkillPotion"}],"is_trial":false,"path_per_floor":["M","M","?","M","?","?","M","M","T","R","M","E","R","M","R","B",null,"M","$","?","?","?","E","M"],"character_chosen":"DEFECT","items_purchased":["Finesse","Leap"],"campfire_rested":2,"item_purchase_floors":[19,19],"current_hp_per_floor":[57,57,57,57,57,57,57,33,33,33,25,5,27,22,44,10,59,55,55,55,55,55,2,0],"gold":90,"neow_bonus":"REMOVE_TWO","is_prod":false,"is_daily":false,"chose_seed":false,"campfire_upgraded":1,"win_rate":0,"timestamp":1567814061,"path_taken":["M","M","?","?","?","?","M","M","T","R","?","E","R","M","R","BOSS","M","$","?","?","?","E","M"],"build_version":"2019-07-17","purchased_purges":1,"victory":false,"max_hp_per_floor":[75,75,75,75,75,75,75,75,75,75,75,75,75,75,75,75,75,75,75,75,75,75,75,75],"card_choices":[{"not_picked":["Turbo","Stack","Hologram"],"picked":"SKIP","floor":1},{"not_picked":["Steam Power","Skim","Reinforced Body"],"picked":"SKIP","floor":2},{"not_picked":["Sunder","Static Discharge"],"picked":"Core Surge","floor":4},{"not_picked":["Rip and Tear","Leap"],"picked":"Streamline","floor":7},{"not_picked":["Sweeping Beam","Hologram"],"picked":"Redo","floor":8},{"not_picked":["Streamline","Doom and Gloom","Heatsinks"],"picked":"SKIP","floor":11},{"not_picked":["Redo","Consume"],"picked":"Gash","floor":12},{"not_picked":["Heatsinks","Storm"],"picked":"Go for the Eyes","floor":14},{"not_picked":["Steam+1","Scrape"],"picked":"Darkness","floor":18},{"not_picked":["Coolheaded+1","Streamline"],"picked":"Hologram+1","floor":23}],"player_experience":274826,"relics_obtained":[{"floor":9,"key":"Bottled Lightning"},{"floor":12,"key":"Ornamental Fan"},{"floor":23,"key":"Toxic Egg 2"},{"floor":23,"key":"Bronze Scales"}],"event_choices":[{"damage_healed":0,"gold_gain":0,"player_choice":"Got Potions","damage_taken":0,"max_hp_gain":0,"max_hp_loss":0,"event_name":"Lab","floor":3,"gold_loss":0},{"cards_removed":["Strike_B"],"damage_healed":0,"gold_gain":0,"player_choice":"Forget","damage_taken":0,"max_hp_gain":0,"max_hp_loss":0,"event_name":"Living Wall","floor":5,"gold_loss":0},{"damage_healed":0,"gold_gain":0,"player_choice":"Gave Potion","damage_taken":0,"relics_obtained":["Symbiotic Virus"],"max_hp_gain":0,"max_hp_loss":0,"event_name":"WeMeetAgain","floor":6,"gold_loss":0},{"damage_healed":0,"gold_gain":0,"player_choice":"Ignored","damage_taken":0,"max_hp_gain":0,"max_hp_loss":0,"event_name":"Ghosts","floor":20,"gold_loss":0},{"damage_healed":0,"gold_gain":0,"player_choice":"Ignored","damage_taken":0,"max_hp_gain":0,"max_hp_loss":0,"event_name":"Cursed Tome","floor":21,"gold_loss":0},{"damage_healed":0,"gold_gain":0,"player_choice":"Opened","damage_taken":0,"relics_obtained":["Smiling Mask"],"max_hp_gain":0,"max_hp_loss":0,"event_name":"The Mausoleum","floor":22,"gold_loss":0}],"is_beta":false,"boss_relics":[{"not_picked":["Eternal Feather","Cursed Key"],"picked":"Black Star"}],"items_purged_floors":[19],"is_endless":false,"potions_floor_spawned":[7,8,12,18],"killed_by":"3 Byrds","ascension_level":10}