{"gold_per_floor":[109,109,120,133,133,133,164,164,164,194,194,194,47,64,64,160,160,170,95,111,11,22,22,22],"floor_reached":24,"playtime":1199,"items_purged":["Strike_R","Sever Soul"],"score":326,"play_id":"264d17b5-a827-4b46-a08a-d86edfc9b6ed","local_time":"20190516180031","is_ascension_mode":true,"campfire_choices":[{"data":"Rampage","floor":6,"key":"SMITH"},{"data":"Inflame","floor":8,"key":"SMITH"},{"data":"Uppercut","floor":11,"key":"SMITH"},{"data":"Cleave","floor":15,"key":"SMITH"},{"data":"Flame Barrier","floor":23,"key":"SMITH"}],"neow_cost":"NONE","seed_source_timestamp":3901928788500,"circlet_count":0,"master_deck":["AscendersBane","Bash+1","Rampage+1","Cleave+1","Uppercut+1","Inflame+1","Evolve","Shrug It Off","Limit Break","Heavy Blade","Iron Wave","Burning Pact","Headbutt","Shrug It Off+1","Shrug It Off","Flame Barrier+1"],"relics":["Burning Blood","Sundial","Bag of Marbles","Centennial Puzzle","Art of War","Self Forming Clay","Pandora\u0027s Box"],"potions_floor_usage":[10,24,24],"damage_taken":[{"damage":0,"enemies":"Small Slimes","floor":1,"turns":3},{"damage":7,"enemies":"Jaw Worm","floor":3,"turns":3},{"damage":1,"enemies":"Cultist","floor":4,"turns":3},{"damage":25,"enemies":"Lagavulin","floor":7,"turns":6},{"damage":10,"enemies":"3 Sentries","floor":10,"turns":5},{"damage":3,"enemies":"Blue Slaver","floor":14,"turns":3},{"damage":42,"enemies":"Hexaghost","floor":16,"turns":9},{"damage":27,"enemies":"Spheric Guardian","floor":18,"turns":4},{"damage":15,"enemies":"Shell Parasite","floor":20,"turns":5},{"damage":9,"enemies":"Snake Plant","floor":22,"turns":4},{"damage":37,"enemies":"Gremlin Leader","floor":24,"turns":5}],"seed_played":"-7713217541427521403","potions_obtained":[{"floor":7,"key":"Explosive Potion"},{"floor":10,"key":"Energy Potion"},{"floor":14,"key":"EssenceOfSteel"}],"is_trial":false,"path_per_floor":["M","?","M","M","?","R","E","R","T","E","R","T","$","M","R","B",null,"M","?","M","$","M","R","E"],"character_chosen":"IRONCLAD","items_purchased":["Evolve"],"campfire_rested":0,"item_purchase_floors":[13],"current_hp_per_floor":[78,71,70,75,75,75,56,56,56,52,52,52,52,55,55,19,65,44,44,35,35,32,32,0],"gold":22,"neow_bonus":"UPGRADE_CARD","is_prod":false,"is_daily":false,"chose_seed":false,"campfire_upgraded":5,"win_rate":0,"timestamp":1558044031,"path_taken":["M","?","M","M","?","R","E","R","T","E","R","?","$","?","R","BOSS","M","?","M","$","M","R","E"],"build_version":"2019-01-23","purchased_purges":2,"victory":false,"max_hp_per_floor":[80,80,80,80,80,80,80,80,80,80,80,80,80,80,80,80,80,80,80,80,80,80,80,80],"card_choices":[{"not_picked":["Armaments","Thunderclap"],"picked":"Rampage","floor":1},{"not_picked":["Armaments","Body Slam"],"picked":"Cleave","floor":3},{"not_picked":["Perfected Strike","Warcry"],"picked":"Uppercut","floor":4},{"not_picked":["Corruption","Anger"],"picked":"Inflame","floor":7},{"not_picked":["Anger","Intimidate","Blood for Blood"],"picked":"SKIP","floor":10},{"not_picked":["Twin Strike","Sentinel","Perfected Strike"],"picked":"SKIP","floor":14},{"not_picked":["Flex+1","Pommel Strike"],"picked":"Shrug It Off+1","floor":18},{"not_picked":["Sentinel","Clash"],"picked":"Shrug It Off","floor":20},{"not_picked":["Sword Boomerang","Thunderclap"],"picked":"Flame Barrier","floor":22}],"player_experience":290662,"relics_obtained":[{"floor":7,"key":"Bag of Marbles"},{"floor":9,"key":"Centennial Puzzle"},{"floor":10,"key":"Art of War"},{"floor":12,"key":"Self Forming Clay"}],"event_choices":[{"damage_healed":0,"gold_gain":0,"player_choice":"Success","damage_taken":7,"relics_obtained":["Sundial"],"max_hp_gain":0,"max_hp_loss":0,"event_name":"Scrap Ooze","floor":2,"gold_loss":0},{"damage_healed":0,"gold_gain":0,"player_choice":"Ignored","damage_taken":0,"max_hp_gain":0,"max_hp_loss":0,"event_name":"Liars Game","floor":5,"gold_loss":0},{"cards_removed":["Blood for Blood"],"damage_healed":0,"gold_gain":0,"player_choice":"Gave Gold","damage_taken":0,"max_hp_gain":0,"max_hp_loss":0,"event_name":"Beggar","floor":19,"gold_loss":75}],"is_beta":false,"boss_relics":[{"not_picked":["Runic Dome","Calling Bell"],"picked":"Pandora\u0027s Box"}],"items_purged_floors":[13,21],"is_endless":false,"potions_floor_spawned":[7,10,14,16,18],"killed_by":"Gremlin Leader","ascension_level":12}