{"gold_per_floor":[119,119,119,132,132,158,158,176,176,124,124,124,124,144,144,249,249,262,262],"floor_reached":19,"playtime":603,"items_purged":[],"score":228,"play_id":"086ce909-5816-4982-be23-0ea8fc940cc1","local_time":"20190529213129","is_ascension_mode":true,"campfire_choices":[{"data":"Self Repair","floor":7,"key":"SMITH"},{"data":"Dualcast","floor":11,"key":"SMITH"},{"data":"Conserve Battery","floor":13,"key":"SMITH"},{"data":"Coolheaded","floor":15,"key":"SMITH"}],"neow_cost":"NONE","seed_source_timestamp":16691919271899,"circlet_count":0,"master_deck":["Strike_B","Strike_B","Strike_B","Strike_B+1","Defend_B","Defend_B","Defend_B","Defend_B+1","Zap+1","Dualcast+1","Melter","Coolheaded+1","Self Repair+1","Steam","Conserve Battery+1","Chill+1","Biased Cognition","Stack+1"],"relics":["Cracked Core","NeowsBlessing","Ornamental Fan","Happy Flower","Toxic Egg 2","Inserter"],"potions_floor_usage":[16,16,19],"damage_taken":[{"damage":0,"enemies":"Jaw Worm","floor":1,"turns":1},{"damage":0,"enemies":"2 Louse","floor":4,"turns":1},{"damage":0,"enemies":"Lagavulin","floor":6,"turns":2},{"damage":8,"enemies":"Small Slimes","floor":8,"turns":3},{"damage":0,"enemies":"Blue Slaver","floor":14,"turns":4},{"damage":34,"enemies":"Hexaghost","floor":16,"turns":15},{"damage":2,"enemies":"Shell Parasite","floor":18,"turns":6},{"damage":5,"enemies":"Colosseum Slavers","floor":19,"turns":5},{"damage":81,"enemies":"Colosseum Nobs","floor":19,"turns":6}],"seed_played":"-3692685880618595926","potions_obtained":[{"floor":4,"key":"Weak Potion"},{"floor":6,"key":"Swift Potion"},{"floor":14,"key":"Swift Potion"}],"is_trial":false,"path_per_floor":["M","?","?","M","?","E","R","M","T","$","R","?","R","M","R","B",null,"M","?"],"character_chosen":"DEFECT","items_purchased":["Conserve Battery"],"campfire_rested":0,"item_purchase_floors":[10],"current_hp_per_floor":[75,75,60,60,60,60,60,62,62,62,62,44,44,54,54,30,75,75,0],"gold":262,"neow_bonus":"THREE_ENEMY_KILL","is_prod":false,"is_daily":false,"chose_seed":false,"campfire_upgraded":4,"win_rate":0,"timestamp":1559179889,"path_taken":["M","?","?","M","?","E","R","?","T","$","R","?","R","M","R","BOSS","M","?"],"build_version":"2019-01-23","purchased_purges":0,"victory":false,"max_hp_per_floor":[75,75,75,75,75,75,75,75,75,75,75,75,75,75,75,75,75,75,75],"card_choices":[{"not_picked":["Sweeping Beam","Hello World"],"picked":"Melter","floor":1},{"not_picked":["Streamline","Barrage"],"picked":"Coolheaded","floor":4},{"not_picked":["Stack","Hyperbeam"],"picked":"Self Repair","floor":6},{"not_picked":["Compile Driver","Sweeping Beam"],"picked":"Steam","floor":8},{"not_picked":["Steam+1","Darkness+1"],"picked":"Chill+1","floor":14},{"not_picked":["Amplify+1","Fission+1"],"picked":"Biased Cognition","floor":16},{"not_picked":["Sweeping Beam","Beam Cell"],"picked":"Stack+1","floor":18}],"player_experience":360395,"relics_obtained":[{"floor":6,"key":"Ornamental Fan"},{"floor":9,"key":"Happy Flower"}],"event_choices":[{"damage_healed":0,"gold_gain":0,"player_choice":"Leave","damage_taken":0,"max_hp_gain":0,"max_hp_loss":0,"event_name":"The Cleric","floor":2,"gold_loss":0},{"damage_healed":0,"gold_gain":0,"player_choice":"Entered Light","damage_taken":15,"max_hp_gain":0,"max_hp_loss":0,"event_name":"Shining Light","floor":3,"gold_loss":0,"cards_upgraded":["Defend_B","Strike_B"]},{"damage_healed":0,"gold_gain":0,"player_choice":"Grow","damage_taken":0,"max_hp_gain":0,"max_hp_loss":0,"event_name":"Living Wall","floor":5,"gold_loss":0,"cards_upgraded":["Zap"]},{"damage_healed":0,"gold_gain":0,"player_choice":"Success","damage_taken":18,"relics_obtained":["Toxic Egg 2"],"max_hp_gain":0,"max_hp_loss":0,"event_name":"Scrap Ooze","floor":12,"gold_loss":0},{"damage_healed":0,"gold_gain":0,"player_choice":"Fight","damage_taken":0,"max_hp_gain":0,"max_hp_loss":0,"event_name":"Colosseum","floor":19,"gold_loss":0},{"damage_healed":0,"gold_gain":0,"player_choice":"Fought Nobs","damage_taken":0,"max_hp_gain":0,"max_hp_loss":0,"event_name":"Colosseum","floor":19,"gold_loss":0}],"is_beta":false,"boss_relics":[{"not_picked":["Coffee Dripper","Busted Crown"],"picked":"Inserter"}],"items_purged_floors":[],"is_endless":false,"potions_floor_spawned":[4,6,14],"killed_by":"Colosseum Nobs","ascension_level":4}