{"gold_per_floor":[119,139,155,155,155,155,185,185],"floor_reached":8,"playtime":225,"items_purged":[],"score":106,"play_id":"5027baae-6066-4c18-8266-fe1173060037","local_time":"20190819150353","is_ascension_mode":true,"campfire_choices":[{"data":"Uppercut","floor":6,"key":"SMITH"}],"neow_cost":"NONE","seed_source_timestamp":7843915563600,"circlet_count":0,"master_deck":["AscendersBane","Strike_R","Strike_R","Strike_R","Strike_R","Strike_R","Defend_R","Defend_R","Defend_R","Defend_R","Bash","Fiend Fire","Heavy Blade","Uppercut+1","Demon Form"],"relics":["Burning Blood","Regal Pillow","Turnip"],"potions_floor_usage":[3,3,8],"damage_taken":[{"damage":10,"enemies":"Small Slimes","floor":1,"turns":3},{"damage":2,"enemies":"2 Louse","floor":2,"turns":3},{"damage":0,"enemies":"Cultist","floor":3,"turns":2},{"damage":47,"enemies":"3 Sentries","floor":7,"turns":10},{"damage":47,"enemies":"Lagavulin Event","floor":8,"turns":5}],"seed_played":"6510879481472788056","potions_obtained":[{"floor":2,"key":"EntropicBrew"}],"is_trial":false,"path_per_floor":["M","M","M","?","?","R","E","?"],"character_chosen":"IRONCLAD","items_purchased":[],"campfire_rested":0,"item_purchase_floors":[],"current_hp_per_floor":[64,68,74,79,74,74,33,0],"gold":185,"neow_bonus":"ONE_RANDOM_RARE_CARD","is_prod":false,"is_daily":false,"chose_seed":false,"campfire_upgraded":1,"win_rate":0,"timestamp":1566241433,"path_taken":["M","M","M","?","?","R","E","?"],"build_version":"2019-07-17","purchased_purges":0,"victory":false,"max_hp_per_floor":[75,75,75,80,80,80,80,80],"card_choices":[{"not_picked":["Warcry","Perfected Strike","Bloodletting"],"picked":"SKIP","floor":1},{"not_picked":["Intimidate","Warcry"],"picked":"Heavy Blade","floor":2},{"not_picked":["Clothesline","Thunderclap"],"picked":"Uppercut","floor":3},{"not_picked":["Havoc","Disarm"],"picked":"Demon Form","floor":7}],"player_experience":454725,"relics_obtained":[{"floor":7,"key":"Turnip"}],"event_choices":[{"damage_healed":0,"gold_gain":0,"player_choice":"Donut","damage_taken":0,"max_hp_gain":5,"max_hp_loss":0,"event_name":"Big Fish","floor":4,"gold_loss":0},{"damage_healed":0,"gold_gain":0,"player_choice":"Success","damage_taken":5,"relics_obtained":["Regal Pillow"],"max_hp_gain":0,"max_hp_loss":0,"event_name":"Scrap Ooze","floor":5,"gold_loss":0},{"damage_healed":0,"gold_gain":0,"player_choice":"Searched \u00271\u0027 times","damage_taken":0,"max_hp_gain":0,"max_hp_loss":0,"event_name":"Dead Adventurer","floor":8,"gold_loss":0}],"is_beta":false,"boss_relics":[],"items_purged_floors":[],"is_endless":false,"potions_floor_spawned":[2],"killed_by":"Lagavulin Event","ascension_level":18}