{"gold_per_floor":[111,175,190,190,190,190,201,221,221,221,234,266,284,295,295,295],"floor_reached":16,"playtime":365,"items_purged":[],"score":198,"play_id":"81cb7087-47cb-48fc-b94d-d112d310fb8c","local_time":"20190727171509","is_ascension_mode":true,"campfire_choices":[{"floor":6,"key":"REST"},{"data":"Searing Blow","floor":10,"key":"SMITH"},{"data":"Armaments","floor":15,"key":"SMITH"}],"neow_cost":"NONE","seed_source_timestamp":130488649900,"circlet_count":0,"master_deck":["AscendersBane","Strike_R+1","Strike_R","Strike_R","Strike_R","Strike_R","Defend_R","Defend_R","Defend_R+1","Defend_R","Bash+1","Searing Blow+1","Ghostly Armor","Cleave","Thunderclap","Clothesline","Whirlwind","Pommel Strike","Iron Wave","True Grit","Armaments+1"],"relics":["Burning Blood","Turnip","Prayer Wheel","Anchor"],"potions_floor_usage":[12,12,16,16],"damage_taken":[{"damage":6,"enemies":"Small Slimes","floor":1,"turns":3},{"damage":6,"enemies":"2 Louse","floor":3,"turns":3},{"damage":0,"enemies":"Jaw Worm","floor":7,"turns":4},{"damage":25,"enemies":"Gremlin Gang","floor":8,"turns":4},{"damage":0,"enemies":"Large Slime","floor":11,"turns":4},{"damage":7,"enemies":"3 Sentries","floor":12,"turns":5},{"damage":1,"enemies":"Looter","floor":13,"turns":2},{"damage":8,"enemies":"Blue Slaver","floor":14,"turns":4},{"damage":43,"enemies":"Slime Boss","floor":16,"turns":6}],"seed_played":"2215375547354082794","potions_obtained":[{"floor":1,"key":"Swift Potion"},{"floor":8,"key":"Fire Potion"},{"floor":13,"key":"Block Potion"},{"floor":14,"key":"Dexterity Potion"}],"is_trial":false,"path_per_floor":["M","?","M","?","?","R","M","M","T","R","M","E","M","M","R","B"],"character_chosen":"IRONCLAD","items_purchased":[],"campfire_rested":1,"item_purchase_floors":[],"current_hp_per_floor":[68,68,68,33,10,32,38,19,19,19,25,24,29,27,27,0],"gold":295,"neow_bonus":"UPGRADE_CARD","is_prod":false,"is_daily":false,"chose_seed":false,"campfire_upgraded":2,"win_rate":0,"timestamp":1564262109,"path_taken":["M","?","M","?","?","R","M","?","T","R","M","E","M","M","R","BOSS"],"build_version":"2019-07-17","purchased_purges":0,"victory":false,"max_hp_per_floor":[75,75,75,75,75,75,75,75,75,75,75,75,75,75,75,75],"card_choices":[{"not_picked":["Warcry","Clash"],"picked":"Searing Blow","floor":1},{"not_picked":["Heavy Blade","Corruption"],"picked":"Ghostly Armor","floor":3},{"not_picked":["Searing Blow","Flex"],"picked":"Cleave","floor":7},{"not_picked":["Twin Strike","Warcry"],"picked":"Thunderclap","floor":8},{"not_picked":["Twin Strike","Sword Boomerang"],"picked":"Clothesline","floor":11},{"not_picked":["Wild Strike","Dark Embrace"],"picked":"Whirlwind","floor":11},{"not_picked":["Sever Soul","Disarm"],"picked":"Pommel Strike","floor":12},{"not_picked":["Perfected Strike","Burning Pact"],"picked":"Iron Wave","floor":13},{"not_picked":["Perfected Strike","Anger"],"picked":"True Grit","floor":13},{"not_picked":["Iron Wave","Thunderclap"],"picked":"Armaments","floor":14},{"not_picked":["Corruption","Intimidate","Clothesline"],"picked":"SKIP","floor":14}],"player_experience":444248,"relics_obtained":[{"floor":9,"key":"Prayer Wheel"},{"floor":12,"key":"Anchor"}],"event_choices":[{"damage_healed":0,"gold_gain":64,"player_choice":"Gained Gold","damage_taken":0,"max_hp_gain":0,"max_hp_loss":0,"event_name":"Golden Wing","floor":2,"gold_loss":0},{"damage_healed":0,"gold_gain":0,"player_choice":"Success","damage_taken":35,"relics_obtained":["Turnip"],"max_hp_gain":0,"max_hp_loss":0,"event_name":"Scrap Ooze","floor":4,"gold_loss":0},{"damage_healed":0,"gold_gain":0,"player_choice":"Entered Light","damage_taken":23,"max_hp_gain":0,"max_hp_loss":0,"event_name":"Shining Light","floor":5,"gold_loss":0,"cards_upgraded":["Strike_R","Defend_R"]}],"is_beta":false,"boss_relics":[],"items_purged_floors":[],"is_endless":false,"potions_floor_spawned":[1,8,13,14],"killed_by":"Slime Boss","ascension_level":18}