{"gold_per_floor":[369,384,47,47,65,65,92,92,92,120,120,120,137,137,137,208,208,219,134,154,164,89,89,135,135,135,153,184,203,203,221,221,298,298,313,263,263,263,278,278,308,327,380,380,49,49,49,21,21,21],"floor_reached":51,"playtime":1166,"items_purged":["Strike_R","Defend_R"],"score":1222,"play_id":"220730bb-f5de-417d-a9d6-f28a0ad3205c","local_time":"20190623143418","is_ascension_mode":true,"campfire_choices":[{"data":"Bash","floor":6,"key":"SMITH"},{"data":"True Grit","floor":8,"key":"SMITH"},{"data":"1","floor":12,"key":"LIFT"},{"data":"2","floor":15,"key":"LIFT"},{"data":"3","floor":23,"key":"LIFT"},{"data":"Immolate","floor":25,"key":"SMITH"},{"data":"Metallicize","floor":30,"key":"SMITH"},{"data":"Inflame","floor":32,"key":"SMITH"},{"data":"Iron Wave","floor":40,"key":"SMITH"},{"floor":44,"key":"REST"},{"data":"Double Tap","floor":46,"key":"SMITH"},{"data":"Twin Strike","floor":49,"key":"SMITH"}],"neow_cost":"PERCENT_DAMAGE","seed_source_timestamp":3714707077800,"circlet_count":0,"master_deck":["AscendersBane","Strike_R+1","Strike_R+1","Defend_R+1","Defend_R+1","Defend_R+1","Bash+1","Shrug It Off+1","Cleave+1","Inflame+1","Sword Boomerang+1","True Grit+1","Sword Boomerang+1","Metallicize+1","Clothesline+1","Whirlwind+1","Immolate+1","Spot Weakness+1","Iron Wave+1","Pommel Strike+1","Twin Strike+1","Double Tap+1","Ghostly Armor+1","Heavy Blade+1","Shrug It Off+1","Twin Strike+1"],"relics":["Burning Blood","Bag of Marbles","Juzu Bracelet","Kunai","Girya","Sozu","Torii","Blood Vial","Mummified Hand","Gambling Chip","Lizard Tail","Red Skull","Regal Pillow","Lee\u0027s Waffle","Mark of the Bloom"],"potions_floor_usage":[10,16,50],"damage_taken":[{"damage":10,"enemies":"Small Slimes","floor":1,"turns":4},{"damage":1,"enemies":"Jaw Worm","floor":2,"turns":5},{"damage":0,"enemies":"Cultist","floor":5,"turns":2},{"damage":33,"enemies":"3 Sentries","floor":7,"turns":8},{"damage":11,"enemies":"Lagavulin","floor":10,"turns":7},{"damage":11,"enemies":"Large Slime","floor":13,"turns":6},{"damage":27,"enemies":"The Guardian","floor":16,"turns":11},{"damage":0,"enemies":"3 Byrds","floor":18,"turns":2},{"damage":12,"enemies":"Spheric Guardian","floor":20,"turns":4},{"damage":9,"enemies":"Snecko","floor":21,"turns":4},{"damage":6,"enemies":"Centurion and Healer","floor":27,"turns":2},{"damage":2,"enemies":"Book of Stabbing","floor":28,"turns":3},{"damage":12,"enemies":"Cultist and Chosen","floor":29,"turns":4},{"damage":7,"enemies":"3 Cultists","floor":31,"turns":4},{"damage":56,"enemies":"Automaton","floor":33,"turns":8},{"damage":1,"enemies":"Orb Walker","floor":35,"turns":2},{"damage":0,"enemies":"3 Darklings","floor":39,"turns":2},{"damage":47,"enemies":"Reptomancer","floor":41,"turns":5},{"damage":35,"enemies":"Writhing Mass","floor":42,"turns":3},{"damage":41,"enemies":"Time Eater","floor":50,"turns":7}],"seed_played":"-9101066101899433278","potions_obtained":[{"floor":5,"key":"FearPotion"},{"floor":7,"key":"Regen Potion"},{"floor":10,"key":"Ancient Potion"}],"is_trial":false,"path_per_floor":["M","M","$","?","M","R","E","R","T","E","?","R","M","?","R","B",null,"M","?","M","M","$","R","T","R","T","M","E","M","R","M","R","B",null,"M","?","?","?","M","R","E","M","T","R","$","R","?","$","R","B",null],"character_chosen":"IRONCLAD","items_purchased":["Inflame","Sword Boomerang","Bag of Marbles","True Grit","Lee\u0027s Waffle","Twin Strike"],"campfire_rested":1,"item_purchase_floors":[3,3,3,3,45,48],"current_hp_per_floor":[46,51,51,51,57,57,30,30,30,39,39,39,34,34,34,13,60,66,66,60,57,57,57,57,57,57,59,65,61,61,62,62,14,60,67,67,67,67,75,75,34,7,7,44,82,82,82,82,82,41],"gold":21,"neow_bonus":"TWO_FIFTY_GOLD","is_prod":false,"is_daily":false,"chose_seed":false,"campfire_upgraded":8,"win_rate":0,"timestamp":1561314858,"path_taken":["M","M","$","?","M","R","E","R","T","E","?","R","M","?","R","BOSS","M","?","M","M","$","R","?","R","T","M","E","M","R","M","R","BOSS","M","?","?","?","M","R","E","M","T","R","$","R","?","?","R","BOSS"],"build_version":"2019-01-23","purchased_purges":2,"victory":true,"max_hp_per_floor":[75,75,75,75,75,75,75,75,75,75,75,75,75,75,75,75,75,75,75,75,75,75,75,75,75,75,75,75,75,75,75,75,75,75,75,75,75,75,75,75,75,75,75,75,82,82,82,82,82,82],"card_choices":[{"not_picked":["Headbutt","Warcry"],"picked":"Shrug It Off","floor":1},{"not_picked":["Dropkick","Havoc"],"picked":"Cleave","floor":2},{"not_picked":["Wild Strike","Perfected Strike"],"picked":"Sword Boomerang","floor":5},{"not_picked":["Heavy Blade","Evolve"],"picked":"Metallicize","floor":7},{"not_picked":["Evolve","Rupture"],"picked":"Clothesline","floor":10},{"not_picked":["Intimidate","Corruption"],"picked":"Whirlwind","floor":13},{"not_picked":["Fiend Fire","Bludgeon"],"picked":"Immolate","floor":16},{"not_picked":["Sever Soul","Entrench","Anger"],"picked":"SKIP","floor":18},{"not_picked":["Warcry+1","Headbutt"],"picked":"Spot Weakness","floor":20},{"not_picked":["Heavy Blade","Sword Boomerang"],"picked":"Iron Wave","floor":21},{"not_picked":["Headbutt","Shockwave"],"picked":"Pommel Strike","floor":27},{"not_picked":["Pommel Strike","Rupture","Wild Strike+1"],"picked":"SKIP","floor":28},{"not_picked":["Headbutt","Perfected Strike","Seeing Red"],"picked":"SKIP","floor":29},{"not_picked":["Cleave","Ghostly Armor"],"picked":"Twin Strike+1","floor":31},{"not_picked":["Immolate","Demon Form"],"picked":"Double Tap","floor":33},{"not_picked":["Havoc","Inflame"],"picked":"Ghostly Armor","floor":35},{"not_picked":["Fire Breathing","Ghostly Armor"],"picked":"Heavy Blade","floor":39},{"not_picked":["Body Slam","Flex","Havoc"],"picked":"SKIP","floor":41},{"not_picked":["Pommel Strike","Berserk"],"picked":"Shrug It Off+1","floor":42}],"player_experience":406595,"relics_obtained":[{"floor":7,"key":"Juzu Bracelet"},{"floor":9,"key":"Kunai"},{"floor":10,"key":"Girya"},{"floor":24,"key":"Blood Vial"},{"floor":26,"key":"Mummified Hand"},{"floor":28,"key":"Gambling Chip"},{"floor":41,"key":"Red Skull"},{"floor":43,"key":"Regal Pillow"}],"event_choices":[{"damage_healed":0,"gold_gain":0,"player_choice":"Fled","damage_taken":0,"max_hp_gain":0,"max_hp_loss":0,"event_name":"Scrap Ooze","floor":4,"gold_loss":0},{"cards_removed":["Strike_R"],"damage_healed":0,"gold_gain":0,"player_choice":"Purged","damage_taken":0,"max_hp_gain":0,"max_hp_loss":0,"event_name":"Purifier","floor":11,"gold_loss":0},{"damage_healed":0,"gold_gain":0,"player_choice":"Ignored","damage_taken":0,"max_hp_gain":0,"max_hp_loss":0,"event_name":"Shining Light","floor":14,"gold_loss":0},{"damage_healed":0,"gold_gain":0,"player_choice":"Obtained Relic","damage_taken":0,"relics_obtained":["Torii"],"max_hp_gain":0,"max_hp_loss":0,"event_name":"Addict","floor":19,"gold_loss":85},{"damage_healed":0,"gold_gain":0,"player_choice":"Upgrade","damage_taken":0,"max_hp_gain":0,"max_hp_loss":0,"event_name":"Designer","floor":36,"gold_loss":50,"cards_upgraded":["Shrug It Off"]},{"cards_removed":["Strike_R"],"damage_healed":0,"gold_gain":0,"player_choice":"Purged","damage_taken":0,"max_hp_gain":0,"max_hp_loss":0,"event_name":"Purifier","floor":37,"gold_loss":0},{"damage_healed":0,"gold_gain":0,"player_choice":"Ignored","damage_taken":0,"max_hp_gain":0,"max_hp_loss":0,"event_name":"Mysterious Sphere","floor":38,"gold_loss":0},{"damage_healed":0,"gold_gain":0,"player_choice":"Upgrade","damage_taken":0,"relics_obtained":["Mark of the Bloom"],"max_hp_gain":0,"max_hp_loss":0,"event_name":"MindBloom","floor":47,"gold_loss":0,"cards_upgraded":["Strike_R","Strike_R","Defend_R","Defend_R","Defend_R","Cleave","Sword Boomerang","Sword Boomerang","Clothesline","Whirlwind","Spot Weakness","Pommel Strike","Ghostly Armor","Heavy Blade"]}],"is_beta":false,"boss_relics":[{"not_picked":["Philosopher\u0027s Stone","Empty Cage"],"picked":"Sozu"},{"not_picked":["Calling Bell","Orrery"],"picked":"Lizard Tail"}],"items_purged_floors":[22,45],"is_endless":false,"potions_floor_spawned":[5,7,10,20,27,31,33,35,39,41],"ascension_level":16}