{"gold_per_floor":[111,111,125,138,138,201,201,201,227,268,292,292,315,353,353,353],"floor_reached":16,"playtime":481,"items_purged":[],"score":228,"play_id":"45bbbeb3-4886-494a-ab34-4427e1ddff98","local_time":"20190725192408","is_ascension_mode":true,"campfire_choices":[{"floor":7,"key":"REST"},{"floor":12,"key":"REST"},{"floor":15,"key":"REST"}],"neow_cost":"NONE","seed_source_timestamp":3473298168000,"circlet_count":0,"master_deck":["AscendersBane","Strike_R","Strike_R","Strike_R","Strike_R","Strike_R","Defend_R","Defend_R","Defend_R","Defend_R","Bash","Headbutt","Cleave","True Grit","Feel No Pain","Infernal Blade","Metallicize"],"relics":["Burning Blood","NeowsBlessing","Golden Idol","Tiny Chest","Juzu Bracelet","Bottled Flame","Red Skull"],"potions_floor_usage":[10],"damage_taken":[{"damage":0,"enemies":"Jaw Worm","floor":1,"turns":1},{"damage":0,"enemies":"Cultist","floor":3,"turns":1},{"damage":0,"enemies":"Small Slimes","floor":4,"turns":1},{"damage":45,"enemies":"3 Sentries","floor":6,"turns":10},{"damage":29,"enemies":"Gremlin Nob","floor":10,"turns":4},{"damage":3,"enemies":"2 Fungi Beasts","floor":11,"turns":4},{"damage":27,"enemies":"Lots of Slimes","floor":13,"turns":6},{"damage":12,"enemies":"3 Sentries","floor":14,"turns":12},{"damage":35,"enemies":"Slime Boss","floor":16,"turns":6}],"seed_played":"6199784126496232557","potions_obtained":[{"floor":3,"key":"Dexterity Potion"},{"floor":6,"key":"Fire Potion"},{"floor":13,"key":"Block Potion"}],"is_trial":false,"path_per_floor":["M","?","M","M","?","E","R","?","T","E","M","R","M","E","R","B"],"character_chosen":"IRONCLAD","items_purchased":[],"campfire_rested":3,"item_purchase_floors":[],"current_hp_per_floor":[74,74,75,75,49,10,32,32,32,9,12,34,13,7,29,0],"gold":353,"neow_bonus":"THREE_ENEMY_KILL","is_prod":false,"is_daily":false,"chose_seed":false,"campfire_upgraded":0,"win_rate":0,"timestamp":1564097048,"path_taken":["M","?","?","M","?","E","R","?","T","E","M","R","M","E","R","BOSS"],"build_version":"2019-07-17","purchased_purges":0,"victory":false,"max_hp_per_floor":[75,75,75,75,75,75,75,75,75,75,75,75,75,75,75,75],"card_choices":[{"not_picked":["Flex","Burning Pact","Blood for Blood"],"picked":"SKIP","floor":1},{"not_picked":["Anger","Second Wind"],"picked":"Headbutt","floor":3},{"not_picked":["Flex","Havoc"],"picked":"Cleave","floor":4},{"not_picked":["Warcry","Entrench"],"picked":"True Grit","floor":6},{"not_picked":["Shockwave","Power Through"],"picked":"Infernal Blade","floor":10},{"not_picked":["Heavy Blade","True Grit"],"picked":"Metallicize","floor":11},{"not_picked":["Cleave","Infernal Blade","Shockwave"],"picked":"SKIP","floor":13},{"not_picked":["Clash","Combust","Body Slam"],"picked":"SKIP","floor":14}],"player_experience":442094,"relics_obtained":[{"floor":6,"key":"Tiny Chest"},{"floor":9,"key":"Juzu Bracelet"},{"floor":10,"key":"Bottled Flame"},{"floor":14,"key":"Red Skull"}],"event_choices":[{"damage_healed":0,"gold_gain":0,"player_choice":"Ignored","damage_taken":0,"max_hp_gain":0,"max_hp_loss":0,"event_name":"WeMeetAgain","floor":2,"gold_loss":0},{"damage_healed":0,"gold_gain":0,"player_choice":"Take Damage","damage_taken":26,"relics_obtained":["Golden Idol"],"max_hp_gain":0,"max_hp_loss":0,"event_name":"Golden Idol","floor":5,"gold_loss":0},{"damage_healed":0,"gold_gain":0,"player_choice":"1 cards matched","damage_taken":0,"max_hp_gain":0,"max_hp_loss":0,"event_name":"Match and Keep!","floor":8,"gold_loss":0,"cards_obtained":["Feel No Pain"]}],"is_beta":false,"boss_relics":[],"items_purged_floors":[],"is_endless":false,"potions_floor_spawned":[3,6,13,14],"killed_by":"Slime Boss","ascension_level":18}