{"gold_per_floor":[18,38,38,38,51,82,103,116,116,137,158,158,158,83,83,207,207,230,230,250,270,270,270,270,314,338,12,33,54,54,54,54,54],"floor_reached":33,"playtime":1564,"items_purged":[],"score":339,"play_id":"4bc2f391-2a72-4e77-9739-33482bb1a1d9","local_time":"20190311002738","is_ascension_mode":false,"campfire_choices":[{"data":"Uppercut","floor":13,"key":"SMITH"},{"floor":15,"key":"REST"},{"data":"Ghostly Armor","floor":24,"key":"SMITH"},{"floor":30,"key":"REST"},{"data":"Perfected Strike","floor":32,"key":"SMITH"}],"neow_cost":"NO_GOLD","seed_source_timestamp":3119862238200,"circlet_count":0,"master_deck":["Strike_R","Strike_R","Strike_R","Strike_R","Strike_R","Defend_R+1","Defend_R","Defend_R","Defend_R","Bash","Reaper","Uppercut+1","Perfected Strike+1","Twin Strike","Thunderclap","Iron Wave","Sword Boomerang","Inflame+1","Ghostly Armor+1","Shrug It Off","Anger","Feed","Dual Wield+1","Feed","Anger+1","Perfected Strike+1","Jack Of All Trades","Anger+1","Rampage","Cleave+1","Perfected Strike"],"relics":["Burning Blood","Golden Idol","Gremlin Horn","Question Card","Velvet Choker","MutagenicStrength","StoneCalendar","Potion Belt","Bottled Lightning"],"potions_floor_usage":[16,31,33,33],"damage_taken":[{"damage":7,"enemies":"2 Louse","floor":1,"turns":3},{"damage":3,"enemies":"Jaw Worm","floor":2,"turns":6},{"damage":0,"enemies":"Cultist","floor":5,"turns":4},{"damage":14,"enemies":"Gremlin Nob","floor":6,"turns":3},{"damage":6,"enemies":"2 Fungi Beasts","floor":7,"turns":3},{"damage":12,"enemies":"Blue Slaver","floor":8,"turns":4},{"damage":18,"enemies":"Lots of Slimes","floor":10,"turns":4},{"damage":2,"enemies":"Large Slime","floor":11,"turns":4},{"damage":0,"enemies":"Slime Boss","floor":16,"turns":5},{"damage":2,"enemies":"Shell Parasite","floor":18,"turns":4},{"damage":0,"enemies":"Spheric Guardian","floor":20,"turns":3},{"damage":0,"enemies":"Snecko","floor":21,"turns":3},{"damage":20,"enemies":"Gremlin Leader","floor":25,"turns":3},{"damage":9,"enemies":"Cultist and Chosen","floor":28,"turns":6},{"damage":16,"enemies":"Snake Plant","floor":29,"turns":4},{"damage":1,"enemies":"Slavers","floor":31,"turns":2},{"damage":71,"enemies":"Champ","floor":33,"turns":8}],"seed_played":"-6870111964866179957","potions_obtained":[{"floor":1,"key":"GamblersBrew"},{"floor":8,"key":"SmokeBomb"},{"floor":11,"key":"FearPotion"},{"floor":16,"key":"Weak Potion"},{"floor":29,"key":"Weak Potion"}],"is_trial":false,"path_per_floor":["M","M","?","?","M","E","M","M","T","M","M","?","R","$","R","B",null,"M","?","M","M","?","?","R","E","T","$","M","M","R","E","R","B"],"character_chosen":"IRONCLAD","items_purchased":["Shrug It Off","Anger","Rampage","Bottled Lightning"],"campfire_rested":2,"item_purchase_floors":[14,14,27,27],"current_hp_per_floor":[80,80,64,64,70,62,70,64,64,61,65,65,65,65,74,74,74,74,74,74,74,74,60,60,46,46,46,43,43,66,71,71,0],"gold":54,"neow_bonus":"THREE_RARE_CARDS","is_prod":false,"is_daily":false,"chose_seed":false,"campfire_upgraded":3,"win_rate":0.0,"timestamp":1552278458,"path_taken":["M","M","?","?","M","E","M","M","T","M","M","?","R","?","R","BOSS","M","?","?","M","?","?","R","E","T","$","M","M","R","E","R","BOSS"],"build_version":"2019-01-23","purchased_purges":0,"victory":false,"max_hp_per_floor":[80,80,80,74,74,74,74,74,74,74,74,74,74,74,74,74,74,74,74,74,74,74,74,74,74,74,74,74,77,77,77,77,77],"card_choices":[{"not_picked":["Fiend Fire","Dark Embrace"],"picked":"Reaper","floor":0},{"not_picked":["Entrench","Dropkick"],"picked":"Uppercut","floor":1},{"not_picked":["Burning Pact","Bloodletting"],"picked":"Perfected Strike","floor":2},{"not_picked":["True Grit","Sever Soul"],"picked":"Twin Strike","floor":5},{"not_picked":["Sever Soul","Entrench"],"picked":"Thunderclap","floor":6},{"not_picked":["Perfected Strike","Intimidate"],"picked":"Iron Wave","floor":7},{"not_picked":["Iron Wave","True Grit"],"picked":"Sword Boomerang","floor":8},{"not_picked":["Carnage","Headbutt","Warcry"],"picked":"Inflame","floor":10},{"not_picked":["Headbutt","Barricade","True Grit"],"picked":"Ghostly Armor","floor":11},{"not_picked":["Offering","Demon Form","Berserk"],"picked":"Feed","floor":16},{"not_picked":["Uppercut","Warcry","Rupture+1"],"picked":"Dual Wield+1","floor":18},{"not_picked":["Rupture","Shrug It Off","True Grit"],"picked":"Anger+1","floor":20},{"not_picked":["Flex","Second Wind+1","Bloodletting"],"picked":"Perfected Strike","floor":21},{"not_picked":["Corruption+1","Warcry","Thunderclap"],"picked":"Anger+1","floor":25},{"not_picked":["Ghostly Armor","Demon Form","Heavy Blade"],"picked":"Cleave+1","floor":28},{"not_picked":["Sword Boomerang","Flex","Headbutt"],"picked":"Perfected Strike","floor":29}],"player_experience":19695,"relics_obtained":[{"floor":6,"key":"Gremlin Horn"},{"floor":9,"key":"Question Card"},{"floor":25,"key":"StoneCalendar"},{"floor":26,"key":"Potion Belt"}],"event_choices":[{"damage_healed":0,"gold_gain":0,"player_choice":"Entered Light","damage_taken":16,"max_hp_gain":0,"max_hp_loss":0,"event_name":"Shining Light","floor":3,"gold_loss":0,"cards_upgraded":["Defend_R","Perfected Strike"]},{"damage_healed":0,"gold_gain":0,"player_choice":"Lose Max HP","damage_taken":0,"relics_obtained":["Golden Idol"],"max_hp_gain":0,"max_hp_loss":6,"event_name":"Golden Idol","floor":4,"gold_loss":0},{"damage_healed":0,"gold_gain":0,"player_choice":"Grow","damage_taken":0,"max_hp_gain":0,"max_hp_loss":0,"event_name":"Living Wall","floor":12,"gold_loss":0,"cards_upgraded":["Inflame"]},{"damage_healed":0,"gold_gain":0,"player_choice":"Copied","damage_taken":0,"max_hp_gain":0,"max_hp_loss":0,"event_name":"Duplicator","floor":19,"gold_loss":0,"cards_obtained":["Feed"]},{"damage_healed":0,"gold_gain":0,"player_choice":"Inject Mutagens","damage_taken":0,"relics_obtained":["MutagenicStrength"],"max_hp_gain":0,"max_hp_loss":0,"event_name":"Drug Dealer","floor":22,"gold_loss":0},{"damage_healed":0,"gold_gain":0,"player_choice":"CARD ","damage_taken":14,"max_hp_gain":0,"max_hp_loss":0,"event_name":"Knowing Skull","floor":23,"potions_obtained":[],"gold_loss":0,"cards_obtained":["Jack Of All Trades"]}],"is_beta":false,"boss_relics":[{"not_picked":["Cursed Key","Philosopher\u0027s Stone"],"picked":"Velvet Choker"}],"items_purged_floors":[],"is_endless":false,"potions_floor_spawned":[1,8,11,16,20,29],"killed_by":"Champ","ascension_level":0}