{"gold_per_floor":[112,112,125,125,145,145,158,175,175,175,194,194,213,230,230,230],"floor_reached":16,"playtime":912,"items_purged":[],"score":139,"play_id":"be8e9606-c62c-4750-980f-f10107d3cd4d","local_time":"20190414235747","is_ascension_mode":true,"campfire_choices":[{"data":"Bash","floor":6,"key":"SMITH"},{"data":"Uppercut","floor":10,"key":"SMITH"},{"data":"True Grit","floor":12,"key":"SMITH"},{"floor":15,"key":"REST"}],"neow_cost":"NONE","seed_source_timestamp":9777393237600,"circlet_count":0,"master_deck":["Strike_R","Strike_R","Strike_R","Strike_R","Defend_R","Defend_R","Defend_R","Defend_R","Bash+1","Juggernaut","Shrug It Off","Cleave","Armaments","Pommel Strike","Uppercut+1","True Grit+1","Shrug It Off","Power Through"],"relics":["Burning Blood","Bag of Marbles","Dream Catcher"],"potions_floor_usage":[11],"damage_taken":[{"damage":3,"enemies":"2 Louse","floor":1,"turns":4},{"damage":1,"enemies":"Cultist","floor":3,"turns":4},{"damage":4,"enemies":"Jaw Worm","floor":5,"turns":5},{"damage":2,"enemies":"Large Slime","floor":7,"turns":8},{"damage":11,"enemies":"Exordium Wildlife","floor":8,"turns":5},{"damage":20,"enemies":"2 Fungi Beasts","floor":11,"turns":4},{"damage":18,"enemies":"Large Slime","floor":13,"turns":6},{"damage":11,"enemies":"Exordium Thugs","floor":14,"turns":5},{"damage":57,"enemies":"Slime Boss","floor":16,"turns":9}],"seed_played":"-5402653476069179143","potions_obtained":[{"floor":7,"key":"Dexterity Potion"},{"floor":8,"key":"Ancient Potion"},{"floor":13,"key":"LiquidBronze"}],"is_trial":false,"path_per_floor":["M","?","M","?","M","R","M","M","T","R","M","R","M","M","R","B"],"character_chosen":"IRONCLAD","items_purchased":[],"campfire_rested":1,"item_purchase_floors":[],"current_hp_per_floor":[75,42,47,47,49,49,53,48,48,48,34,34,22,17,41,0],"gold":230,"neow_bonus":"ONE_RANDOM_RARE_CARD","is_prod":false,"is_daily":false,"chose_seed":false,"campfire_upgraded":3,"win_rate":0,"timestamp":1555300667,"path_taken":["M","?","M","?","M","R","?","M","T","R","M","R","M","M","R","BOSS"],"build_version":"2019-01-23","purchased_purges":0,"victory":false,"max_hp_per_floor":[80,80,80,80,80,80,80,80,80,80,80,80,80,80,80,80],"card_choices":[{"not_picked":["Clothesline","Reckless Charge"],"picked":"Shrug It Off","floor":1},{"not_picked":["Pommel Strike","Body Slam"],"picked":"Cleave","floor":3},{"not_picked":["Heavy Blade","Clothesline"],"picked":"Armaments","floor":5},{"not_picked":["Warcry","Dropkick"],"picked":"Pommel Strike","floor":7},{"not_picked":["Second Wind","Flex"],"picked":"Uppercut","floor":8},{"not_picked":["Anger","Pommel Strike"],"picked":"True Grit","floor":11},{"not_picked":["True Grit","Anger"],"picked":"Shrug It Off","floor":13},{"not_picked":["Sword Boomerang","Uppercut","True Grit"],"picked":"SKIP","floor":14},{"not_picked":["Sever Soul","Offering"],"picked":"Power Through","floor":15}],"player_experience":131978,"relics_obtained":[{"floor":9,"key":"Dream Catcher"}],"event_choices":[{"damage_healed":0,"gold_gain":0,"player_choice":"Success","damage_taken":33,"relics_obtained":["Bag of Marbles"],"max_hp_gain":0,"max_hp_loss":0,"event_name":"Scrap Ooze","floor":2,"gold_loss":0},{"cards_removed":["Strike_R"],"damage_healed":0,"gold_gain":0,"player_choice":"Purged","damage_taken":0,"max_hp_gain":0,"max_hp_loss":0,"event_name":"Purifier","floor":4,"gold_loss":0}],"is_beta":false,"boss_relics":[],"items_purged_floors":[],"is_endless":false,"potions_floor_spawned":[7,8,13],"killed_by":"Slime Boss","ascension_level":9}