{"gold_per_floor":[117,133,133,133,145,145,174,174,251,265,277,277,277,289,289,289],"floor_reached":16,"playtime":658,"items_purged":[],"score":148,"play_id":"c4b39364-9224-47b4-b742-6259dd30510d","local_time":"20190416193755","is_ascension_mode":true,"campfire_choices":[{"data":"Iron Wave","floor":6,"key":"SMITH"},{"floor":12,"key":"REST"},{"data":"Rage","floor":15,"key":"SMITH"}],"neow_cost":"NONE","seed_source_timestamp":3668071088400,"circlet_count":0,"master_deck":["Strike_R","Strike_R","Strike_R","Strike_R","Strike_R","Defend_R+1","Defend_R","Defend_R","Defend_R","Bash+1","Iron Wave+1","Shrug It Off","Parasite","Pommel Strike","Spot Weakness","Rage+1"],"relics":["Burning Blood","Smiling Mask","Dodecahedron"],"potions_floor_usage":[7,10,14],"damage_taken":[{"damage":6,"enemies":"Cultist","floor":1,"turns":3},{"damage":2,"enemies":"Jaw Worm","floor":2,"turns":5},{"damage":24,"enemies":"Small Slimes","floor":5,"turns":6},{"damage":25,"enemies":"Gremlin Nob","floor":7,"turns":4},{"damage":27,"enemies":"Exordium Thugs","floor":10,"turns":7},{"damage":16,"enemies":"Large Slime","floor":11,"turns":10},{"damage":5,"enemies":"Gremlin Gang","floor":14,"turns":3},{"damage":50,"enemies":"Slime Boss","floor":16,"turns":6}],"seed_played":"7239763052107178417","potions_obtained":[{"floor":1,"key":"GamblersBrew"},{"floor":7,"key":"AttackPotion"},{"floor":10,"key":"Explosive Potion"}],"is_trial":false,"path_per_floor":["M","M","?","?","M","R","E","?","T","M","M","R","?","M","R","B"],"character_chosen":"IRONCLAD","items_purchased":[],"campfire_rested":1,"item_purchase_floors":[],"current_hp_per_floor":[72,76,60,65,47,47,28,49,49,28,18,43,43,44,44,0],"gold":289,"neow_bonus":"ONE_RANDOM_RARE_CARD","is_prod":false,"is_daily":false,"chose_seed":false,"campfire_upgraded":2,"win_rate":0,"timestamp":1555457875,"path_taken":["M","?","?","?","M","R","E","?","T","M","M","R","?","M","R","BOSS"],"build_version":"2019-01-23","purchased_purges":0,"victory":false,"max_hp_per_floor":[80,80,80,85,85,85,85,85,85,85,85,85,85,85,85,85],"card_choices":[{"not_picked":["Second Wind","Combust"],"picked":"Iron Wave","floor":1},{"not_picked":["Intimidate","Blood for Blood","Clothesline"],"picked":"SKIP","floor":2},{"not_picked":["Perfected Strike","Berserk","Thunderclap"],"picked":"SKIP","floor":5},{"not_picked":["Perfected Strike","Sword Boomerang"],"picked":"Shrug It Off","floor":7},{"not_picked":["Wild Strike","Thunderclap","Clash"],"picked":"SKIP","floor":10},{"not_picked":["Ghostly Armor","Clothesline"],"picked":"Pommel Strike","floor":11},{"not_picked":["Feel No Pain","Exhume"],"picked":"Rage","floor":14}],"player_experience":142116,"relics_obtained":[{"floor":7,"key":"Smiling Mask"},{"floor":9,"key":"Dodecahedron"}],"event_choices":[{"damage_healed":0,"gold_gain":0,"player_choice":"Entered Light","damage_taken":16,"max_hp_gain":0,"max_hp_loss":0,"event_name":"Shining Light","floor":3,"gold_loss":0,"cards_upgraded":["Defend_R","Bash"]},{"damage_healed":0,"gold_gain":0,"player_choice":"Donut","damage_taken":0,"max_hp_gain":5,"max_hp_loss":0,"event_name":"Big Fish","floor":4,"gold_loss":0},{"damage_healed":21,"gold_gain":0,"player_choice":"Healed and dodged fight","damage_taken":0,"max_hp_gain":0,"max_hp_loss":0,"event_name":"Mushrooms","floor":8,"gold_loss":0,"cards_obtained":["Parasite"]},{"damage_healed":0,"gold_gain":0,"cards_transformed":["Dark Embrace"],"player_choice":"Transformed","damage_taken":0,"max_hp_gain":0,"max_hp_loss":0,"event_name":"Transmorgrifier","floor":13,"gold_loss":0,"cards_obtained":["Spot Weakness"]}],"is_beta":false,"boss_relics":[],"items_purged_floors":[],"is_endless":false,"potions_floor_spawned":[1,7,10],"killed_by":"Slime Boss","ascension_level":9}