{"gold_per_floor":[216,230,230,250,89,89,99,115,115,150,168,168,168,198,198,270,270,286,212,225,225,237,237,247,247,247,247,282,282,34,48,48,124,124,137,237,247,266,266,266,286,184,184,184],"floor_reached":44,"playtime":1432,"items_purged":["Defend_R","Decay","Defend_R"],"score":773,"play_id":"8e592341-9837-4fee-bfc3-70afab75fc90","local_time":"20190608101031","is_ascension_mode":true,"campfire_choices":[{"data":"Perfected Strike","floor":6,"key":"SMITH"},{"data":"Armaments","floor":15,"key":"SMITH"},{"data":"RitualDagger","floor":23,"key":"SMITH"},{"floor":27,"key":"REST"},{"data":"Rage","floor":29,"key":"SMITH"},{"floor":32,"key":"REST"},{"floor":40,"key":"REST"}],"neow_cost":"NONE","seed_source_timestamp":165313460000,"circlet_count":0,"master_deck":["AscendersBane","Strike_R","Strike_R","Strike_R","Strike_R","Strike_R","Defend_R","Defend_R","Bash+1","Perfected Strike+1","Thunderclap","Rage+1","Twin Strike","Armaments+1","Ghostly Armor","Iron Wave","Cleave","Disarm","Iron Wave","Anger","Fiend Fire","Twin Strike","Shrug It Off","Clothesline","RitualDagger+1","Shrug It Off","Immolate","Iron Wave","Battle Trance","Pommel Strike","Iron Wave+1","Shrug It Off"],"relics":["Burning Blood","Art of War","Bag of Marbles","Shuriken","Smiling Mask","Cursed Key","Omamori","Matryoshka","Oddly Smooth Stone","White Beast Statue","Gambling Chip","Mummified Hand","Happy Flower","Meat on the Bone"],"potions_floor_usage":[14,28,33,33,37,38,41,44,44],"damage_taken":[{"damage":7,"enemies":"Small Slimes","floor":1,"turns":4},{"damage":1,"enemies":"Cultist","floor":2,"turns":4},{"damage":3,"enemies":"2 Louse","floor":4,"turns":3},{"damage":1,"enemies":"2 Fungi Beasts","floor":7,"turns":3},{"damage":1,"enemies":"Looter","floor":8,"turns":3},{"damage":17,"enemies":"Lagavulin","floor":10,"turns":7},{"damage":8,"enemies":"3 Louse","floor":11,"turns":2},{"damage":2,"enemies":"Gremlin Nob","floor":14,"turns":4},{"damage":26,"enemies":"Slime Boss","floor":16,"turns":8},{"damage":4,"enemies":"Shell Parasite","floor":18,"turns":4},{"damage":12,"enemies":"2 Thieves","floor":20,"turns":3},{"damage":7,"enemies":"Chosen and Byrds","floor":22,"turns":5},{"damage":28,"enemies":"Shelled Parasite and Fungi","floor":24,"turns":5},{"damage":10,"enemies":"Colosseum Slavers","floor":25,"turns":3},{"damage":36,"enemies":"Gremlin Leader","floor":28,"turns":3},{"damage":0,"enemies":"Centurion and Healer","floor":31,"turns":5},{"damage":46,"enemies":"Champ","floor":33,"turns":10},{"damage":0,"enemies":"3 Shapes","floor":35,"turns":1},{"damage":12,"enemies":"Mind Bloom Boss Battle","floor":36,"turns":12},{"damage":9,"enemies":"Orb Walker","floor":37,"turns":4},{"damage":47,"enemies":"Writhing Mass","floor":38,"turns":7},{"damage":0,"enemies":"3 Darklings","floor":41,"turns":3},{"damage":45,"enemies":"Reptomancer","floor":44,"turns":5}],"seed_played":"1478430542830578261","potions_obtained":[{"floor":1,"key":"Swift Potion"},{"floor":2,"key":"Block Potion"},{"floor":10,"key":"Strength Potion"},{"floor":18,"key":"Ancient Potion"},{"floor":35,"key":"Strength Potion"},{"floor":36,"key":"Block Potion"},{"floor":37,"key":"Weak Potion"},{"floor":38,"key":"Strength Potion"},{"floor":41,"key":"SneckoOil"}],"is_trial":false,"path_per_floor":["M","M","?","M","$","R","M","M","T","E","M","?","?","E","R","B",null,"M","$","M","?","M","R","M","?","T","R","E","R","$","M","R","B",null,"M","?","M","M","?","R","M","$","T","E"],"character_chosen":"IRONCLAD","items_purchased":["Twin Strike","Armaments","Ghostly Armor","Shrug It Off","Oddly Smooth Stone","Block Potion","Shrug It Off"],"campfire_rested":3,"item_purchase_floors":[5,5,5,19,30,30,42],"current_hp_per_floor":[67,72,72,75,75,75,75,75,75,64,62,62,55,59,59,39,66,68,68,62,56,55,55,33,29,29,51,21,21,21,27,49,9,59,65,59,56,15,15,37,43,43,43,0],"gold":184,"neow_bonus":"HUNDRED_GOLD","is_prod":false,"is_daily":false,"chose_seed":false,"campfire_upgraded":4,"win_rate":0,"timestamp":1560003031,"path_taken":["M","M","?","M","$","R","?","M","T","E","M","?","?","E","R","BOSS","M","$","M","?","M","R","M","?","T","R","E","R","$","M","R","BOSS","M","?","M","M","?","R","?","$","T","E"],"build_version":"2019-01-23","purchased_purges":3,"victory":false,"max_hp_per_floor":[75,75,75,75,75,75,75,75,75,75,75,75,75,75,75,75,75,75,75,75,75,75,75,75,75,75,75,75,75,75,75,75,75,75,75,75,75,75,75,75,75,75,75,75],"card_choices":[{"not_picked":["Infernal Blade","Reckless Charge"],"picked":"Perfected Strike","floor":1},{"not_picked":["Heavy Blade","Reckless Charge"],"picked":"Thunderclap","floor":2},{"not_picked":["Infernal Blade","Fire Breathing"],"picked":"Rage","floor":4},{"not_picked":["Intimidate","True Grit"],"picked":"Iron Wave","floor":7},{"not_picked":["Anger","Iron Wave"],"picked":"Cleave","floor":8},{"not_picked":["Rage","Flex"],"picked":"Disarm","floor":10},{"not_picked":["Searing Blow","Dropkick"],"picked":"Iron Wave","floor":11},{"not_picked":["Wild Strike","Fiend Fire"],"picked":"Anger","floor":14},{"not_picked":["Demon Form","Exhume"],"picked":"Fiend Fire","floor":16},{"not_picked":["Uppercut","Iron Wave"],"picked":"Twin Strike","floor":18},{"not_picked":["Intimidate","Headbutt"],"picked":"Clothesline","floor":20},{"not_picked":["Rage","Carnage"],"picked":"Shrug It Off","floor":22},{"not_picked":["Heavy Blade","Armaments"],"picked":"Immolate","floor":24},{"not_picked":["Clothesline","Impervious"],"picked":"Iron Wave","floor":28},{"not_picked":["Ghostly Armor+1","Shockwave+1"],"picked":"Battle Trance","floor":31},{"not_picked":["Headbutt","Body Slam"],"picked":"Pommel Strike","floor":35},{"not_picked":["Clash","Clothesline+1","Dual Wield"],"picked":"SKIP","floor":37},{"not_picked":["Clash","Blood for Blood"],"picked":"Iron Wave+1","floor":38},{"not_picked":["Havoc","Heavy Blade","Clash"],"picked":"SKIP","floor":41}],"player_experience":387763,"relics_obtained":[{"floor":9,"key":"Art of War"},{"floor":10,"key":"Bag of Marbles"},{"floor":14,"key":"Smiling Mask"},{"floor":26,"key":"Omamori"},{"floor":28,"key":"Matryoshka"},{"floor":36,"key":"Gambling Chip"},{"floor":39,"key":"Mummified Hand"},{"floor":43,"key":"Happy Flower"},{"floor":43,"key":"Meat on the Bone"}],"event_choices":[{"damage_healed":0,"gold_gain":0,"player_choice":"Upgraded","damage_taken":0,"max_hp_gain":0,"max_hp_loss":0,"event_name":"Upgrade Shrine","floor":3,"gold_loss":0,"cards_upgraded":["Bash"]},{"damage_healed":0,"gold_gain":0,"player_choice":"Ignored","damage_taken":0,"max_hp_gain":0,"max_hp_loss":0,"event_name":"Liars Game","floor":12,"gold_loss":0},{"damage_healed":0,"gold_gain":0,"player_choice":"Success","damage_taken":7,"relics_obtained":["Shuriken"],"max_hp_gain":0,"max_hp_loss":0,"event_name":"Scrap Ooze","floor":13,"gold_loss":0},{"damage_healed":0,"gold_gain":0,"player_choice":"Joined the Cult","damage_taken":6,"max_hp_gain":0,"max_hp_loss":0,"event_name":"Nest","floor":21,"gold_loss":0,"cards_obtained":["RitualDagger"]},{"damage_healed":0,"gold_gain":0,"player_choice":"Fight","damage_taken":0,"max_hp_gain":0,"max_hp_loss":0,"event_name":"Colosseum","floor":25,"gold_loss":0},{"damage_healed":0,"gold_gain":0,"player_choice":"Fled From Nobs","damage_taken":0,"max_hp_gain":0,"max_hp_loss":0,"event_name":"Colosseum","floor":25,"gold_loss":0},{"damage_healed":0,"gold_gain":0,"player_choice":"Fight","damage_taken":0,"max_hp_gain":0,"max_hp_loss":0,"event_name":"MindBloom","floor":36,"gold_loss":0},{"damage_healed":0,"gold_gain":0,"player_choice":"Relic","damage_taken":0,"max_hp_gain":0,"max_hp_loss":0,"event_name":"Wheel of Change","floor":39,"gold_loss":0}],"is_beta":false,"boss_relics":[{"not_picked":["Ectoplasm","Velvet Choker"],"picked":"Cursed Key"},{"not_picked":["Runic Pyramid","Philosopher\u0027s Stone"],"picked":"White Beast Statue"}],"items_purged_floors":[19,30,42],"is_endless":false,"potions_floor_spawned":[1,2,10,18,25,31,35,36,37,38,41],"killed_by":"Reptomancer","ascension_level":14}