{"gold_per_floor":[118,118,129,143,211,211,231,181,206,221,221,238,272,272,272,393,393,411,38,61,76,90,90,113,113,113,157,178,178,203,56,56,181,181,200,4,29,154,174,174,195,231,243,271,14,30,30,30,30,30],"floor_reached":50,"playtime":2636,"items_purged":["Injury","Corruption","Strike_R","Strike_R"],"score":673,"play_id":"df57d832-0f89-43ff-a5e5-e11d23c8ee4f","local_time":"20190412144253","is_ascension_mode":true,"campfire_choices":[{"data":"Bash","floor":6,"key":"SMITH"},{"data":"Flex","floor":11,"key":"SMITH"},{"data":"Pommel Strike","floor":15,"key":"SMITH"},{"data":"Ghostly Armor","floor":23,"key":"SMITH"},{"data":"Immolate","floor":29,"key":"SMITH"},{"data":"Shrug It Off","floor":32,"key":"SMITH"},{"data":"Double Tap","floor":40,"key":"SMITH"},{"data":"Flame Barrier","floor":49,"key":"SMITH"}],"neow_cost":"NONE","seed_source_timestamp":3515296648600,"circlet_count":0,"master_deck":["Strike_R","Strike_R","Defend_R","Defend_R","Defend_R","Defend_R","Bash+1","Uppercut+1","Flex+1","Pommel Strike","Double Tap+1","Immolate+1","Ghostly Armor+1","Shrug It Off+1","Flex","Inflame+1","Battle Trance","Shrug It Off+1","Ghostly Armor","Metallicize+1","Parasite","Flame Barrier+1"],"relics":["Black Blood","Singing Bowl","Happy Flower","Question Card","Golden Idol","Busted Crown","Blood Vial","Frozen Egg 2","Orichalcum","Magic Flower","MawBank","Dream Catcher"],"potions_floor_usage":[16,16,21,24,27,35,37,39,41,42,50,50,50],"damage_taken":[{"damage":11,"enemies":"Jaw Worm","floor":1,"turns":4},{"damage":12,"enemies":"2 Louse","floor":3,"turns":3},{"damage":6,"enemies":"Small Slimes","floor":4,"turns":4},{"damage":18,"enemies":"Gremlin Gang","floor":7,"turns":5},{"damage":4,"enemies":"Blue Slaver","floor":10,"turns":3},{"damage":3,"enemies":"3 Louse","floor":12,"turns":3},{"damage":20,"enemies":"3 Sentries","floor":13,"turns":6},{"damage":9,"enemies":"Slime Boss","floor":16,"turns":6},{"damage":12,"enemies":"3 Byrds","floor":18,"turns":4},{"damage":14,"enemies":"2 Thieves","floor":20,"turns":3},{"damage":1,"enemies":"Sentry and Sphere","floor":21,"turns":3},{"damage":10,"enemies":"Chosen and Byrds","floor":22,"turns":4},{"damage":7,"enemies":"Snake Plant","floor":24,"turns":2},{"damage":12,"enemies":"Slavers","floor":27,"turns":5},{"damage":8,"enemies":"Snecko","floor":28,"turns":3},{"damage":17,"enemies":"Shelled Parasite and Fungi","floor":30,"turns":4},{"damage":39,"enemies":"Collector","floor":33,"turns":7},{"damage":19,"enemies":"3 Darklings","floor":35,"turns":4},{"damage":6,"enemies":"Orb Walker","floor":37,"turns":4},{"damage":13,"enemies":"Mind Bloom Boss Battle","floor":38,"turns":9},{"damage":38,"enemies":"Writhing Mass","floor":39,"turns":6},{"damage":24,"enemies":"Maw","floor":41,"turns":8},{"damage":16,"enemies":"Nemesis","floor":42,"turns":5},{"damage":8,"enemies":"4 Shapes","floor":44,"turns":1},{"damage":12,"enemies":"Transient","floor":46,"turns":5},{"damage":114,"enemies":"Donu and Deca","floor":50,"turns":11}],"seed_played":"-3546156099019176946","potions_obtained":[{"floor":3,"key":"Poison Potion"},{"floor":4,"key":"Swift Potion"},{"floor":13,"key":"Explosive Potion"},{"floor":16,"key":"SneckoOil"},{"floor":21,"key":"FearPotion"},{"floor":22,"key":"SkillPotion"},{"floor":24,"key":"FearPotion"},{"floor":30,"key":"GamblersBrew"},{"floor":35,"key":"Energy Potion"},{"floor":37,"key":"Poison Potion"},{"floor":38,"key":"Energy Potion"},{"floor":39,"key":"EntropicBrew"}],"is_trial":false,"path_per_floor":["M","?","M","M","T","R","M","?","T","M","R","M","E","?","R","B",null,"M","$","M","M","M","R","M","?","T","E","M","R","M","$","R","B",null,"M","$","M","?","M","R","M","E","T","M","$","M","?","?","R","B"],"character_chosen":"IRONCLAD","items_purchased":["Immolate","Blood Vial","Shrug It Off","Ghostly Armor","Flame Barrier","PowerPotion"],"campfire_rested":0,"item_purchase_floors":[19,19,31,36,45,45],"current_hp_per_floor":[83,83,77,77,77,77,67,67,67,69,69,74,62,62,62,59,85,79,79,73,80,80,80,81,96,96,92,92,92,83,83,83,54,89,84,84,92,91,73,73,69,73,73,85,85,93,93,93,93,0],"gold":30,"neow_bonus":"TEN_PERCENT_HP_BONUS","is_prod":false,"is_daily":false,"chose_seed":false,"campfire_upgraded":8,"win_rate":0,"timestamp":1555094573,"path_taken":["M","?","M","M","?","R","M","?","T","M","R","M","E","?","R","BOSS","M","$","M","M","M","R","M","?","T","E","?","R","?","$","R","BOSS","M","$","M","?","M","R","M","E","T","M","$","M","?","?","R","BOSS"],"build_version":"2019-01-23","purchased_purges":4,"victory":false,"max_hp_per_floor":[88,88,88,88,88,88,90,90,90,90,90,92,94,94,94,94,94,94,94,94,94,96,96,96,96,96,98,98,98,98,98,98,100,100,102,102,104,104,106,106,108,110,110,112,112,114,114,114,114,114],"card_choices":[{"not_picked":["Warcry","Bloodletting"],"picked":"Uppercut","floor":1},{"not_picked":["Intimidate","Headbutt"],"picked":"Pommel Strike","floor":3},{"not_picked":["Rage","Armaments"],"picked":"Flex","floor":4},{"not_picked":["Searing Blow","Clothesline","Warcry"],"picked":"Singing Bowl","floor":7},{"not_picked":["Juggernaut","Clash"],"picked":"Pommel Strike","floor":10},{"not_picked":["Flex","Clothesline","Body Slam"],"picked":"Singing Bowl","floor":12},{"not_picked":["Burning Pact","Body Slam","Hemokinesis"],"picked":"Singing Bowl","floor":13},{"not_picked":["Fiend Fire","Immolate","Brutality"],"picked":"Double Tap","floor":16},{"not_picked":["Thunderclap"],"picked":"Corruption","floor":18},{"not_picked":["Headbutt"],"picked":"Ghostly Armor","floor":20},{"not_picked":["Wild Strike+1"],"picked":"Shrug It Off+1","floor":21},{"not_picked":["Body Slam","Feel No Pain+1"],"picked":"Singing Bowl","floor":22},{"not_picked":["Hemokinesis+1"],"picked":"Flex","floor":24},{"not_picked":["Fire Breathing+1","Havoc"],"picked":"Singing Bowl","floor":27},{"not_picked":["Burning Pact"],"picked":"Inflame+1","floor":28},{"not_picked":["Heavy Blade+1"],"picked":"Battle Trance","floor":30},{"not_picked":["Dark Embrace+1","Double Tap"],"picked":"Singing Bowl","floor":33},{"not_picked":["Warcry","Clothesline+1"],"picked":"Singing Bowl","floor":35},{"not_picked":["Fire Breathing+1","Havoc+1"],"picked":"Singing Bowl","floor":37},{"not_picked":["Clash+1"],"picked":"Metallicize+1","floor":38},{"not_picked":["Flex+1","Intimidate"],"picked":"Singing Bowl","floor":39},{"not_picked":["Heavy Blade+1","Warcry"],"picked":"Singing Bowl","floor":41},{"not_picked":["Flex+1","Exhume"],"picked":"Singing Bowl","floor":42},{"not_picked":["Anger","Seeing Red"],"picked":"Singing Bowl","floor":44},{"not_picked":["Second Wind+1","Heavy Blade+1"],"picked":"Singing Bowl","floor":46}],"player_experience":112900,"relics_obtained":[{"floor":5,"key":"Singing Bowl"},{"floor":9,"key":"Happy Flower"},{"floor":13,"key":"Question Card"},{"floor":26,"key":"Frozen Egg 2"},{"floor":27,"key":"Orichalcum"},{"floor":38,"key":"Magic Flower"},{"floor":42,"key":"MawBank"},{"floor":43,"key":"Dream Catcher"}],"event_choices":[{"damage_healed":0,"gold_gain":0,"player_choice":"Grow","damage_taken":0,"max_hp_gain":0,"max_hp_loss":0,"event_name":"Living Wall","floor":2,"gold_loss":0,"cards_upgraded":["Uppercut"]},{"cards_removed":["Strike_R"],"damage_healed":0,"gold_gain":0,"player_choice":"Card Removal","damage_taken":0,"max_hp_gain":0,"max_hp_loss":0,"event_name":"The Cleric","floor":8,"gold_loss":50},{"damage_healed":0,"gold_gain":0,"player_choice":"Take Wound","damage_taken":0,"relics_obtained":["Golden Idol"],"max_hp_gain":0,"max_hp_loss":0,"event_name":"Golden Idol","floor":14,"gold_loss":0,"cards_obtained":["Injury"]},{"damage_healed":15,"gold_gain":0,"player_choice":"Full Heal","damage_taken":0,"max_hp_gain":0,"max_hp_loss":0,"event_name":"Wheel of Change","floor":25,"gold_loss":0},{"damage_healed":0,"gold_gain":0,"player_choice":"Fight","damage_taken":0,"max_hp_gain":0,"max_hp_loss":0,"event_name":"MindBloom","floor":38,"gold_loss":0},{"cards_removed":["Pommel Strike"],"damage_healed":0,"gold_gain":0,"player_choice":"Removed Attack","damage_taken":0,"max_hp_gain":0,"max_hp_loss":0,"event_name":"Falling","floor":47,"gold_loss":0},{"damage_healed":0,"gold_gain":0,"player_choice":"Ignored","damage_taken":0,"max_hp_gain":0,"max_hp_loss":0,"event_name":"Mysterious Sphere","floor":48,"gold_loss":0}],"is_beta":false,"boss_relics":[{"not_picked":["Runic Cube","Coffee Dripper"],"picked":"Busted Crown"},{"not_picked":["Eternal Feather","Runic Pyramid"],"picked":"Black Blood"}],"items_purged_floors":[19,31,36,45],"is_endless":false,"potions_floor_spawned":[3,4,13,16,21,22,24,30,35,37,38,39,46],"killed_by":"Donu and Deca","ascension_level":5}