{"gold_per_floor":[109,127,127,127,127,127,151,170,194,207,225,225,255,180,180,306,306,321,321,336,347,262,262,281,281,281,281,291,48,48,65,65,168,168,181,181,193,209,17,46,46,61,112,112,212,267,267,34,34,34],"floor_reached":51,"playtime":3763,"items_purged":["Defend_B"],"score":767,"play_id":"cd4843df-d494-424c-8c29-cd2f0ac92818","local_time":"20190721204700","is_ascension_mode":true,"campfire_choices":[{"data":"Defragment","floor":6,"key":"SMITH"},{"floor":12,"key":"REST"},{"floor":15,"key":"REST"},{"floor":23,"key":"REST"},{"data":"Zap","floor":25,"key":"SMITH"},{"data":"Machine Learning","floor":27,"key":"SMITH"},{"floor":32,"key":"REST"},{"data":"Dualcast","floor":41,"key":"SMITH"},{"data":"Blizzard","floor":44,"key":"SMITH"},{"floor":49,"key":"REST"}],"neow_cost":"NONE","seed_source_timestamp":958048374702303,"circlet_count":0,"master_deck":["Strike_B","Strike_B","Defend_B","Defend_B","Defend_B","Zap+1","Dualcast+1","Melter","Defragment+1","Conserve Battery","Glacier","White Noise","Rebound","Machine Learning+1","Coolheaded+1","Blizzard+1","Chill","Blizzard+1","Cold Snap","Coolheaded+1","Loop+1","Redo+1","Hello World"],"relics":["Cracked Core","Bloody Idol","Bag of Marbles","Juzu Bracelet","Odd Mushroom","Inserter","Boot","Gambling Chip","Mummified Hand","Philosopher\u0027s Stone","DataDisk","Potion Belt","Bag of Preparation","Ice Cream","Torii","Bronze Scales"],"potions_floor_usage":[21,21,40,50],"damage_taken":[{"damage":0,"enemies":"2 Louse","floor":1,"turns":2},{"damage":1,"enemies":"Jaw Worm","floor":2,"turns":4},{"damage":1,"enemies":"Cultist","floor":7,"turns":3},{"damage":2,"enemies":"Exordium Wildlife","floor":8,"turns":5},{"damage":5,"enemies":"Large Slime","floor":10,"turns":4},{"damage":5,"enemies":"Exordium Thugs","floor":11,"turns":5},{"damage":9,"enemies":"The Mushroom Lair","floor":13,"turns":5},{"damage":24,"enemies":"Slime Boss","floor":16,"turns":18},{"damage":16,"enemies":"Spheric Guardian","floor":18,"turns":7},{"damage":7,"enemies":"3 Byrds","floor":20,"turns":8},{"damage":29,"enemies":"Centurion and Healer","floor":21,"turns":5},{"damage":20,"enemies":"Cultist and Chosen","floor":24,"turns":7},{"damage":19,"enemies":"Shelled Parasite and Fungi","floor":28,"turns":6},{"damage":0,"enemies":"Snecko","floor":31,"turns":5},{"damage":0,"enemies":"Automaton","floor":33,"turns":12},{"damage":9,"enemies":"3 Shapes","floor":35,"turns":5},{"damage":0,"enemies":"3 Darklings","floor":37,"turns":5},{"damage":6,"enemies":"Jaw Worm Horde","floor":38,"turns":4},{"damage":25,"enemies":"Giant Head","floor":40,"turns":10},{"damage":16,"enemies":"Transient","floor":42,"turns":5},{"damage":0,"enemies":"Mind Bloom Boss Battle","floor":45,"turns":7},{"damage":8,"enemies":"2 Orb Walkers","floor":46,"turns":5},{"damage":10,"enemies":"Awakened One","floor":50,"turns":11}],"seed_played":"71471576653669978","potions_obtained":[{"floor":7,"key":"Poison Potion"},{"floor":8,"key":"Poison Potion"},{"floor":13,"key":"Energy Potion"},{"floor":28,"key":"EntropicBrew"},{"floor":31,"key":"EssenceOfSteel"},{"floor":40,"key":"FairyPotion"},{"floor":45,"key":"SkillPotion"}],"is_trial":false,"path_per_floor":["M","M","?","?","?","R","M","M","T","M","M","R","?","$","R","B",null,"M","?","M","M","?","R","M","R","T","R","M","$","?","M","R","B",null,"M","?","M","M","$","E","R","M","T","R","?","?","?","$","R","B",null],"character_chosen":"DEFECT","items_purchased":["Mummified Hand","DataDisk","Cold Snap","Bronze Scales","Hello World"],"campfire_rested":5,"item_purchase_floors":[29,39,39,48,48],"current_hp_per_floor":[75,74,56,44,37,37,36,34,34,29,24,46,37,37,59,35,75,59,59,57,33,33,55,40,40,40,40,26,26,26,31,53,58,75,71,71,75,74,74,54,54,43,48,48,53,50,50,50,72,62],"gold":34,"neow_bonus":"TRANSFORM_CARD","is_prod":false,"is_daily":false,"chose_seed":false,"campfire_upgraded":5,"win_rate":0,"timestamp":1563767220,"path_taken":["M","M","?","?","?","R","M","M","T","M","M","R","?","$","R","BOSS","M","?","M","M","?","R","M","R","T","R","M","?","?","M","R","BOSS","M","?","M","M","$","E","R","M","T","R","?","?","?","$","R","BOSS"],"build_version":"2019-07-17","purchased_purges":1,"victory":true,"max_hp_per_floor":[75,75,75,75,75,75,75,75,75,75,75,75,75,75,75,75,75,75,75,75,75,75,75,75,75,75,75,75,75,75,75,75,75,75,75,75,75,75,75,75,75,75,75,75,75,75,75,75,75,75],"card_choices":[{"not_picked":["Hologram","Tempest"],"picked":"Defragment","floor":1},{"not_picked":["Static Discharge","Barrage"],"picked":"Conserve Battery","floor":2},{"not_picked":["Leap","Compile Driver"],"picked":"Glacier","floor":7},{"not_picked":["Hologram","Conserve Battery","Beam Cell"],"picked":"SKIP","floor":8},{"not_picked":["Compile Driver","Chaos"],"picked":"White Noise","floor":10},{"not_picked":["Recycle","Turbo"],"picked":"Blizzard","floor":11},{"not_picked":["Tempest","Heatsinks"],"picked":"Rebound","floor":13},{"not_picked":["Creative AI","Thunder Strike"],"picked":"Machine Learning","floor":16},{"not_picked":["Gash+1","Force Field+1"],"picked":"Coolheaded+1","floor":18},{"not_picked":["Turbo","Undo","Go for the Eyes"],"picked":"SKIP","floor":20},{"not_picked":["Doom and Gloom","Streamline","Storm"],"picked":"SKIP","floor":21},{"not_picked":["Melter","Coolheaded+1","Steam"],"picked":"SKIP","floor":24},{"not_picked":["Hologram+1","Biased Cognition","Stack"],"picked":"SKIP","floor":28},{"not_picked":["Beam Cell","Go for the Eyes"],"picked":"Blizzard+1","floor":31},{"not_picked":["Turbo","Compile Driver+1"],"picked":"Chill","floor":35},{"not_picked":["Steam Power+1","Barrage+1"],"picked":"Blizzard","floor":37},{"not_picked":["Sweeping Beam","Compile Driver+1","Recycle+1"],"picked":"SKIP","floor":38},{"not_picked":["Auto Shields","Barrage"],"picked":"Coolheaded+1","floor":40},{"not_picked":["Reinforced Body+1","Compile Driver"],"picked":"Loop+1","floor":42},{"not_picked":["Creative AI","Storm+1"],"picked":"Redo+1","floor":45}],"player_experience":180749,"relics_obtained":[{"floor":9,"key":"Juzu Bracelet"},{"floor":13,"key":"Odd Mushroom"},{"floor":26,"key":"Gambling Chip"},{"floor":40,"key":"Potion Belt"},{"floor":43,"key":"Bag of Preparation"},{"floor":45,"key":"Ice Cream"},{"floor":46,"key":"Torii"}],"event_choices":[{"damage_healed":0,"gold_gain":0,"player_choice":"Take Damage","damage_taken":18,"relics_obtained":["Golden Idol"],"max_hp_gain":0,"max_hp_loss":0,"event_name":"Golden Idol","floor":3,"gold_loss":0},{"damage_healed":0,"gold_gain":0,"player_choice":"Success","damage_taken":12,"relics_obtained":["Bag of Marbles"],"max_hp_gain":0,"max_hp_loss":0,"event_name":"Scrap Ooze","floor":4,"gold_loss":0},{"cards_removed":["Strike_B"],"damage_healed":0,"gold_gain":0,"player_choice":"Card Removal","damage_taken":7,"max_hp_gain":0,"max_hp_loss":0,"event_name":"Golden Wing","floor":5,"gold_loss":0},{"damage_healed":0,"gold_gain":0,"player_choice":"Fought Mushrooms","damage_taken":0,"max_hp_gain":0,"max_hp_loss":0,"event_name":"Mushrooms","floor":13,"gold_loss":0},{"damage_healed":0,"gold_gain":0,"player_choice":"Gave Idol","damage_taken":0,"relics_obtained":["Bloody Idol"],"max_hp_gain":0,"max_hp_loss":0,"event_name":"Forgotten Altar","floor":19,"relics_lost":["Golden Idol"],"gold_loss":0},{"damage_healed":0,"gold_gain":0,"player_choice":"Obtained Relic","damage_taken":0,"relics_obtained":["Boot"],"max_hp_gain":0,"max_hp_loss":0,"event_name":"Addict","floor":22,"gold_loss":85},{"damage_healed":0,"gold_gain":0,"player_choice":"Ignored","damage_taken":0,"max_hp_gain":0,"max_hp_loss":0,"event_name":"Vampires","floor":30,"gold_loss":0},{"cards_removed":["Blizzard"],"damage_healed":0,"gold_gain":0,"player_choice":"Removed Attack","damage_taken":0,"max_hp_gain":0,"max_hp_loss":0,"event_name":"Falling","floor":36,"gold_loss":0},{"damage_healed":0,"gold_gain":0,"player_choice":"Fight","damage_taken":0,"max_hp_gain":0,"max_hp_loss":0,"event_name":"MindBloom","floor":45,"gold_loss":0},{"damage_healed":0,"gold_gain":0,"player_choice":"Fight","damage_taken":0,"max_hp_gain":0,"max_hp_loss":0,"event_name":"Mysterious Sphere","floor":46,"gold_loss":0},{"damage_healed":0,"gold_gain":0,"player_choice":"Ignored","damage_taken":0,"max_hp_gain":0,"max_hp_loss":0,"event_name":"Tomb of Lord Red Mask","floor":47,"gold_loss":0}],"is_beta":false,"boss_relics":[{"not_picked":["Velvet Choker","Eternal Feather"],"picked":"Inserter"},{"not_picked":["Snecko Eye","White Beast Statue"],"picked":"Philosopher\u0027s Stone"}],"items_purged_floors":[14],"is_endless":false,"potions_floor_spawned":[7,8,13,16,28,31,33,40,45],"ascension_level":3}