{"gold_per_floor":[111,36,36,48,10,40,40,58,58,58,133,143,143,161,161,262,262,281,291,93,103,117,135,154,154,181,36,36,36,36,36,36,36],"floor_reached":33,"playtime":1123,"items_purged":["Strike_R","Strike_R","Strike_R"],"score":471,"play_id":"74835ee4-f1dd-4ffe-958f-e981e49ecc73","local_time":"20190506203214","is_ascension_mode":true,"campfire_choices":[{"data":"Whirlwind","floor":7,"key":"SMITH"},{"data":"Rampage","floor":10,"key":"SMITH"},{"data":"Bash","floor":15,"key":"SMITH"},{"data":"Rage","floor":25,"key":"SMITH"},{"data":"Iron Wave","floor":29,"key":"SMITH"},{"floor":32,"key":"REST"}],"neow_cost":"NONE","seed_source_timestamp":45755724957200,"circlet_count":0,"master_deck":["AscendersBane","Strike_R","Defend_R","Defend_R","Defend_R","Defend_R","Bash+1","Rage+1","Whirlwind+1","Inflame","Rampage+1","Headbutt","Iron Wave+1","Finesse","Demon Form"],"relics":["Burning Blood","Gremlin Horn","Red Skull","Busted Crown","Smiling Mask","MutagenicStrength"],"potions_floor_usage":[13,18,23,27,33,33],"damage_taken":[{"damage":6,"enemies":"Cultist","floor":1,"turns":4},{"damage":6,"enemies":"2 Louse","floor":4,"turns":3},{"damage":42,"enemies":"Gremlin Nob","floor":6,"turns":5},{"damage":1,"enemies":"Jaw Worm","floor":8,"turns":3},{"damage":1,"enemies":"Looter","floor":12,"turns":3},{"damage":13,"enemies":"3 Louse","floor":14,"turns":2},{"damage":0,"enemies":"Slime Boss","floor":16,"turns":5},{"damage":0,"enemies":"3 Byrds","floor":18,"turns":5},{"damage":17,"enemies":"Spheric Guardian","floor":19,"turns":4},{"damage":32,"enemies":"Shelled Parasite and Fungi","floor":21,"turns":5},{"damage":32,"enemies":"Snake Plant","floor":22,"turns":4},{"damage":7,"enemies":"Centurion and Healer","floor":23,"turns":4},{"damage":0,"enemies":"Cultist and Chosen","floor":24,"turns":4},{"damage":80,"enemies":"Champ","floor":33,"turns":7}],"seed_played":"6500974727665239486","potions_obtained":[{"floor":6,"key":"Explosive Potion"},{"floor":12,"key":"BloodPotion"},{"floor":13,"key":"Fruit Juice"},{"floor":13,"key":"SkillPotion"},{"floor":18,"key":"LiquidBronze"},{"floor":19,"key":"PowerPotion"}],"is_trial":false,"path_per_floor":["M","$","?","M","$","E","R","M","T","R","?","M","?","M","R","B",null,"M","M","$","M","M","M","M","R","T","$","?","R","?","?","R","B"],"character_chosen":"IRONCLAD","items_purchased":["Inflame","Finesse","Fruit Juice"],"campfire_rested":1,"item_purchase_floors":[5,20,27],"current_hp_per_floor":[80,80,80,80,80,44,44,49,49,49,38,43,48,41,41,47,82,88,77,77,51,25,24,30,30,30,35,35,35,35,35,64,0],"gold":36,"neow_bonus":"TEN_PERCENT_HP_BONUS","is_prod":false,"is_daily":false,"chose_seed":false,"campfire_upgraded":5,"win_rate":0,"timestamp":1557189134,"path_taken":["M","?","?","?","$","E","R","M","T","R","?","M","?","M","R","BOSS","M","?","$","M","M","M","M","R","T","?","?","R","?","?","R","BOSS"],"build_version":"2019-01-23","purchased_purges":3,"victory":false,"max_hp_per_floor":[88,88,88,88,88,88,88,88,88,88,88,88,93,93,93,93,93,93,93,93,93,93,93,93,93,93,98,98,98,98,98,98,98],"card_choices":[{"not_picked":["Warcry","Heavy Blade"],"picked":"Rage","floor":1},{"not_picked":["Dual Wield","Heavy Blade"],"picked":"Whirlwind","floor":4},{"not_picked":["Clothesline","Bloodletting"],"picked":"Rampage","floor":6},{"not_picked":["Second Wind","Burning Pact"],"picked":"Headbutt","floor":8},{"not_picked":["Disarm","Twin Strike","Clash"],"picked":"SKIP","floor":12},{"not_picked":["Sword Boomerang","Rampage"],"picked":"Iron Wave","floor":14},{"not_picked":["Warcry"],"picked":"SKIP","floor":18},{"not_picked":["Inflame+1"],"picked":"SKIP","floor":19},{"not_picked":["Sword Boomerang+1"],"picked":"SKIP","floor":21},{"not_picked":["Anger+1"],"picked":"SKIP","floor":22},{"not_picked":["Thunderclap"],"picked":"SKIP","floor":23},{"not_picked":["Twin Strike"],"picked":"SKIP","floor":24}],"player_experience":208523,"relics_obtained":[{"floor":6,"key":"Gremlin Horn"},{"floor":9,"key":"Red Skull"},{"floor":26,"key":"Smiling Mask"}],"event_choices":[{"damage_healed":0,"gold_gain":0,"player_choice":"Leave","damage_taken":0,"max_hp_gain":0,"max_hp_loss":0,"event_name":"The Cleric","floor":3,"gold_loss":0},{"damage_healed":0,"gold_gain":75,"player_choice":"Gather Gold","damage_taken":11,"max_hp_gain":0,"max_hp_loss":0,"event_name":"World of Goop","floor":11,"gold_loss":0},{"damage_healed":0,"gold_gain":0,"player_choice":"Got Potions","damage_taken":0,"max_hp_gain":0,"max_hp_loss":0,"event_name":"Lab","floor":13,"gold_loss":0},{"damage_healed":0,"gold_gain":0,"player_choice":"Inject Mutagens","damage_taken":0,"relics_obtained":["MutagenicStrength"],"max_hp_gain":0,"max_hp_loss":0,"event_name":"Drug Dealer","floor":28,"gold_loss":0},{"damage_healed":0,"gold_gain":0,"player_choice":"Ignored","damage_taken":0,"max_hp_gain":0,"max_hp_loss":0,"event_name":"Cursed Tome","floor":30,"gold_loss":0},{"damage_healed":0,"gold_gain":0,"cards_transformed":["Strike_R"],"player_choice":"Transformed","damage_taken":0,"max_hp_gain":0,"max_hp_loss":0,"event_name":"Transmorgrifier","floor":31,"gold_loss":0,"cards_obtained":["Demon Form"]}],"is_beta":false,"boss_relics":[{"not_picked":["Black Star","Runic Cube"],"picked":"Busted Crown"}],"items_purged_floors":[2,20,27],"is_endless":false,"potions_floor_spawned":[6,12,14,18,19,21],"killed_by":"Champ","ascension_level":10}