{"gold_per_floor":[117,130,130,149,0,25,38,38,38,67,67,67,92,105,105,198,198,212,233,193,207,207],"floor_reached":22,"playtime":610,"items_purged":[],"score":337,"play_id":"31b4bfcf-3acd-44f1-9103-54982a2ee7b0","local_time":"20190608181645","is_ascension_mode":true,"campfire_choices":[{"data":"Bash","floor":11,"key":"SMITH"},{"data":"Perfected Strike","floor":15,"key":"SMITH"}],"neow_cost":"NONE","seed_source_timestamp":5686758394100,"circlet_count":0,"master_deck":["AscendersBane","Strike_R+1","Strike_R","Strike_R","Strike_R","Strike_R","Defend_R+1","Defend_R","Defend_R","Defend_R","Bash+1","Twin Strike","Decay","Shrug It Off","Perfected Strike+1","Metallicize","Iron Wave","True Grit","Iron Wave","Limit Break","Shrug It Off","Rampage","Ghostly Armor"],"relics":["Burning Blood","NeowsBlessing","Strawberry","Vajra","Red Skull","Letter Opener","Golden Idol","Lizard Tail"],"potions_floor_usage":[10,16,16,18],"damage_taken":[{"damage":0,"enemies":"Cultist","floor":1,"turns":1},{"damage":0,"enemies":"Small Slimes","floor":2,"turns":1},{"damage":0,"enemies":"2 Louse","floor":4,"turns":1},{"damage":50,"enemies":"Gremlin Nob","floor":6,"turns":5},{"damage":2,"enemies":"2 Fungi Beasts","floor":7,"turns":3},{"damage":9,"enemies":"3 Sentries","floor":10,"turns":6},{"damage":8,"enemies":"Red Slaver","floor":13,"turns":3},{"damage":7,"enemies":"Large Slime","floor":14,"turns":4},{"damage":12,"enemies":"The Guardian","floor":16,"turns":10},{"damage":28,"enemies":"3 Byrds","floor":18,"turns":8},{"damage":13,"enemies":"Chosen","floor":19,"turns":6},{"damage":74,"enemies":"3 Cultists","floor":21,"turns":7},{"damage":20,"enemies":"Shelled Parasite and Fungi","floor":22,"turns":1}],"seed_played":"4984967329201674717","potions_obtained":[{"floor":2,"key":"LiquidBronze"},{"floor":6,"key":"AttackPotion"},{"floor":13,"key":"PowerPotion"},{"floor":16,"key":"Poison Potion"},{"floor":19,"key":"Dexterity Potion"}],"is_trial":false,"path_per_floor":["M","M","?","M","$","E","M","$","T","E","R","?","M","M","R","B",null,"M","M","?","M","M"],"character_chosen":"IRONCLAD","items_purchased":["Strawberry"],"campfire_rested":0,"item_purchase_floors":[5],"current_hp_per_floor":[74,75,75,75,82,38,42,42,42,39,39,39,37,36,36,30,65,43,36,36,12,0],"gold":207,"neow_bonus":"THREE_ENEMY_KILL","is_prod":false,"is_daily":false,"chose_seed":false,"campfire_upgraded":2,"win_rate":0,"timestamp":1560032205,"path_taken":["M","?","?","?","?","E","M","$","T","E","R","?","M","M","R","BOSS","M","M","?","M","M"],"build_version":"2019-01-23","purchased_purges":0,"victory":false,"max_hp_per_floor":[75,75,75,75,82,82,82,82,82,82,82,76,76,76,76,76,76,76,76,76,76,76],"card_choices":[{"not_picked":["Perfected Strike","Heavy Blade"],"picked":"Twin Strike","floor":1},{"not_picked":["Warcry","Body Slam","Havoc"],"picked":"SKIP","floor":2},{"not_picked":["Armaments","Dropkick"],"picked":"Shrug It Off","floor":4},{"not_picked":["Sentinel","Shrug It Off"],"picked":"Perfected Strike","floor":6},{"not_picked":["Heavy Blade","Juggernaut"],"picked":"Metallicize","floor":7},{"not_picked":["Twin Strike","Body Slam"],"picked":"Iron Wave","floor":10},{"not_picked":["Perfected Strike","Carnage"],"picked":"True Grit","floor":13},{"not_picked":["Evolve","Second Wind"],"picked":"Iron Wave","floor":14},{"not_picked":["Brutality","Reaper"],"picked":"Limit Break","floor":16},{"not_picked":["Sever Soul","Body Slam"],"picked":"Shrug It Off","floor":18},{"not_picked":["Sever Soul+1","Sword Boomerang"],"picked":"Rampage","floor":19},{"not_picked":["Perfected Strike","Reckless Charge"],"picked":"Ghostly Armor","floor":21}],"player_experience":390052,"relics_obtained":[{"floor":6,"key":"Vajra"},{"floor":9,"key":"Red Skull"},{"floor":10,"key":"Letter Opener"}],"event_choices":[{"damage_healed":0,"gold_gain":0,"player_choice":"Cursed","damage_taken":0,"max_hp_gain":0,"max_hp_loss":0,"event_name":"Wheel of Change","floor":3,"gold_loss":0,"cards_obtained":["Decay"]},{"damage_healed":0,"gold_gain":0,"player_choice":"Lose Max HP","damage_taken":0,"relics_obtained":["Golden Idol"],"max_hp_gain":0,"max_hp_loss":6,"event_name":"Golden Idol","floor":12,"gold_loss":0},{"damage_healed":0,"gold_gain":0,"player_choice":"Upgraded Two","damage_taken":0,"max_hp_gain":0,"max_hp_loss":0,"event_name":"Designer","floor":20,"gold_loss":40,"cards_upgraded":["Defend_R","Strike_R"]}],"is_beta":false,"boss_relics":[{"not_picked":["Snecko Eye","Philosopher\u0027s Stone"],"picked":"Lizard Tail"}],"items_purged_floors":[],"is_endless":false,"potions_floor_spawned":[2,6,13,14,16,19],"killed_by":"Shelled Parasite and Fungi","ascension_level":14}