{"gold_per_floor":[117,128,128,203,203,231,33,33,33,60,60,60,85,105,105,176,176,192,206,206,206,39,39,39,74,129,129,147,177,227,243,243,243],"floor_reached":33,"playtime":889,"items_purged":["Strike_R"],"score":551,"play_id":"6d17c6a8-0892-41e4-93d5-3aff76cdf902","local_time":"20190608235635","is_ascension_mode":true,"campfire_choices":[{"data":"Bash","floor":8,"key":"SMITH"},{"data":"True Grit","floor":12,"key":"SMITH"},{"data":"Disarm","floor":15,"key":"SMITH"},{"data":"Bandage Up","floor":23,"key":"SMITH"},{"floor":27,"key":"REST"},{"data":"Clothesline","floor":32,"key":"SMITH"}],"neow_cost":"NONE","seed_source_timestamp":113573583300,"circlet_count":0,"master_deck":["AscendersBane","Strike_R","Strike_R","Strike_R","Strike_R","Defend_R","Defend_R","Defend_R","Defend_R","Bash+1","Shrug It Off","Pommel Strike","Double Tap+1","True Grit+1","Disarm+1","Cleave","Feed","Clothesline+1","Battle Trance","Bandage Up+1","Iron Wave","Shrug It Off","Ghostly Armor"],"relics":["Burning Blood","NeowsBlessing","Dream Catcher","Vajra","Blood Vial","Strawberry","Gremlin Horn","Bronze Scales","Mark of Pain","MutagenicStrength","Sundial","Omamori","Ancient Tea Set"],"potions_floor_usage":[25,29,33],"damage_taken":[{"damage":0,"enemies":"2 Louse","floor":1,"turns":1},{"damage":0,"enemies":"Small Slimes","floor":2,"turns":2},{"damage":0,"enemies":"3 Sentries","floor":6,"turns":2},{"damage":27,"enemies":"Lagavulin","floor":10,"turns":5},{"damage":33,"enemies":"Gremlin Nob","floor":13,"turns":5},{"damage":3,"enemies":"Jaw Worm","floor":14,"turns":3},{"damage":18,"enemies":"The Guardian","floor":16,"turns":11},{"damage":22,"enemies":"Shell Parasite","floor":18,"turns":5},{"damage":9,"enemies":"Chosen","floor":19,"turns":5},{"damage":53,"enemies":"Gremlin Leader","floor":25,"turns":6},{"damage":9,"enemies":"Centurion and Healer","floor":28,"turns":5},{"damage":33,"enemies":"Book of Stabbing","floor":29,"turns":5},{"damage":3,"enemies":"Snake Plant","floor":31,"turns":5},{"damage":60,"enemies":"Champ","floor":33,"turns":10}],"seed_played":"-4755755633205319025","potions_obtained":[{"floor":6,"key":"Strength Potion"},{"floor":13,"key":"Regen Potion"},{"floor":25,"key":"SteroidPotion"},{"floor":31,"key":"Dexterity Potion"}],"is_trial":false,"path_per_floor":["M","M","?","?","T","E","$","R","T","E","?","R","E","M","R","B",null,"M","M","?","?","$","R","$","E","T","R","M","E","?","M","R","B"],"character_chosen":"IRONCLAD","items_purchased":["True Grit","Blood Vial","Bandage Up"],"campfire_rested":1,"item_purchase_floors":[7,7,22],"current_hp_per_floor":[74,75,75,64,64,70,70,70,77,58,58,58,33,38,38,28,69,55,54,54,38,38,38,38,13,13,39,47,28,28,42,42,0],"gold":243,"neow_bonus":"THREE_ENEMY_KILL","is_prod":false,"is_daily":false,"chose_seed":false,"campfire_upgraded":5,"win_rate":0,"timestamp":1560052595,"path_taken":["M","M","?","?","?","E","$","R","T","E","?","R","E","M","R","BOSS","M","M","?","?","$","R","$","E","T","R","M","E","?","?","R","BOSS"],"build_version":"2019-01-23","purchased_purges":1,"victory":false,"max_hp_per_floor":[75,75,75,75,75,75,75,75,82,82,82,82,82,82,82,82,82,82,82,82,87,87,87,87,87,87,87,90,90,90,93,93,93],"card_choices":[{"not_picked":["Sever Soul","Clash"],"picked":"Shrug It Off","floor":1},{"not_picked":["Seeing Red","Thunderclap"],"picked":"Pommel Strike","floor":2},{"not_picked":["Armaments","Twin Strike"],"picked":"Double Tap","floor":6},{"not_picked":["Perfected Strike","Exhume","Shockwave"],"picked":"SKIP","floor":10},{"not_picked":["Rupture","Thunderclap"],"picked":"Disarm","floor":13},{"not_picked":["Headbutt","Pommel Strike"],"picked":"Cleave","floor":14},{"not_picked":["Barricade","Bludgeon"],"picked":"Feed","floor":16},{"not_picked":["Uppercut","Wild Strike"],"picked":"Clothesline","floor":18},{"not_picked":["Heavy Blade+1","Havoc"],"picked":"Battle Trance","floor":19},{"not_picked":["Pommel Strike","Dual Wield","Thunderclap"],"picked":"SKIP","floor":25},{"not_picked":["True Grit","Havoc"],"picked":"Iron Wave","floor":28},{"not_picked":["Sever Soul+1","True Grit"],"picked":"Shrug It Off","floor":29},{"not_picked":["Body Slam","Clothesline"],"picked":"Ghostly Armor","floor":31}],"player_experience":390929,"relics_obtained":[{"floor":5,"key":"Dream Catcher"},{"floor":6,"key":"Vajra"},{"floor":9,"key":"Strawberry"},{"floor":10,"key":"Gremlin Horn"},{"floor":13,"key":"Bronze Scales"},{"floor":25,"key":"Sundial"},{"floor":26,"key":"Omamori"},{"floor":29,"key":"Ancient Tea Set"}],"event_choices":[{"damage_healed":0,"gold_gain":0,"player_choice":"Ignored","damage_taken":0,"max_hp_gain":0,"max_hp_loss":0,"event_name":"Golden Wing","floor":3,"gold_loss":0},{"damage_healed":0,"gold_gain":75,"player_choice":"Gather Gold","damage_taken":11,"max_hp_gain":0,"max_hp_loss":0,"event_name":"World of Goop","floor":4,"gold_loss":0},{"damage_healed":0,"gold_gain":0,"player_choice":"Upgraded","damage_taken":0,"max_hp_gain":0,"max_hp_loss":0,"event_name":"Upgrade Shrine","floor":11,"gold_loss":0,"cards_upgraded":["Double Tap"]},{"damage_healed":0,"gold_gain":0,"player_choice":"Inject Mutagens","damage_taken":0,"relics_obtained":["MutagenicStrength"],"max_hp_gain":0,"max_hp_loss":0,"event_name":"Drug Dealer","floor":20,"gold_loss":0},{"damage_healed":0,"gold_gain":0,"player_choice":"Shed Blood","damage_taken":21,"max_hp_gain":5,"max_hp_loss":0,"event_name":"Forgotten Altar","floor":21,"gold_loss":0},{"damage_healed":0,"gold_gain":100,"player_choice":"Bet on Murderer","damage_taken":0,"max_hp_gain":0,"max_hp_loss":0,"event_name":"The Joust","floor":30,"gold_loss":50}],"is_beta":false,"boss_relics":[{"not_picked":["Eternal Feather","Pandora\u0027s Box"],"picked":"Mark of Pain"}],"items_purged_floors":[22],"is_endless":false,"potions_floor_spawned":[6,13,14,25,28,31],"killed_by":"Champ","ascension_level":14}