{"gold_per_floor":[117,117,67,43,59,59,100,114,114,158,158,186,29,50,50,175,175,188,188,201,221,55,55,68,84,84,49,69,94,125,87,87,87],"floor_reached":33,"playtime":1307,"items_purged":["Defend_R"],"score":483,"play_id":"ea81d9d4-9c97-4548-8c49-1f6123270824","local_time":"20190517192036","is_ascension_mode":true,"campfire_choices":[{"data":"Perfected Strike","floor":6,"key":"SMITH"},{"data":"Bash","floor":11,"key":"SMITH"},{"data":"Flame Barrier","floor":15,"key":"SMITH"},{"data":"Double Tap","floor":23,"key":"SMITH"},{"data":"Whirlwind","floor":32,"key":"SMITH"}],"neow_cost":"NONE","seed_source_timestamp":8670131096400,"circlet_count":0,"master_deck":["AscendersBane","Strike_R","Strike_R","Strike_R","Strike_R","Strike_R","Defend_R","Bash+1","Perfected Strike+1","Armaments","Flame Barrier+1","Twin Strike","Pommel Strike","Shrug It Off","Double Tap+1","Whirlwind+1","Headbutt","Shrug It Off","Flame Barrier","Pommel Strike","Disarm","Disarm"],"relics":["Burning Blood","NeowsBlessing","Golden Idol","Charon\u0027s Ashes","Paper Frog","Bag of Preparation","Odd Mushroom","Bronze Scales","Mark of Pain","Meat on the Bone","Letter Opener"],"potions_floor_usage":[12,16,21,28,30,30,33],"damage_taken":[{"damage":0,"enemies":"2 Louse","floor":1,"turns":1},{"damage":0,"enemies":"Jaw Worm","floor":5,"turns":1},{"damage":0,"enemies":"Gremlin Nob","floor":7,"turns":1},{"damage":1,"enemies":"Cultist","floor":8,"turns":3},{"damage":22,"enemies":"Lagavulin","floor":10,"turns":9},{"damage":13,"enemies":"The Mushroom Lair","floor":12,"turns":3},{"damage":9,"enemies":"Lots of Slimes","floor":14,"turns":3},{"damage":17,"enemies":"The Guardian","floor":16,"turns":10},{"damage":4,"enemies":"Shell Parasite","floor":18,"turns":4},{"damage":0,"enemies":"Chosen","floor":20,"turns":4},{"damage":2,"enemies":"3 Cultists","floor":21,"turns":5},{"damage":3,"enemies":"Snake Plant","floor":24,"turns":2},{"damage":6,"enemies":"Centurion and Healer","floor":25,"turns":6},{"damage":25,"enemies":"Cultist and Chosen","floor":28,"turns":4},{"damage":0,"enemies":"Snake Plant","floor":29,"turns":3},{"damage":10,"enemies":"Slavers","floor":30,"turns":5},{"damage":84,"enemies":"Automaton","floor":33,"turns":6}],"seed_played":"-7033848536153677657","potions_obtained":[{"floor":10,"key":"Poison Potion"},{"floor":12,"key":"SkillPotion"},{"floor":14,"key":"Block Potion"},{"floor":16,"key":"Energy Potion"},{"floor":21,"key":"Poison Potion"},{"floor":28,"key":"EssenceOfSteel"},{"floor":30,"key":"LiquidBronze"}],"is_trial":false,"path_per_floor":["M","?","?","$","M","R","E","M","T","E","R","?","$","M","R","B",null,"M","?","M","M","$","R","M","M","T","$","M","M","E","$","R","B"],"character_chosen":"IRONCLAD","items_purchased":["Armaments","Bronze Scales","Shrug It Off","Flame Barrier","Disarm","Disarm"],"campfire_rested":0,"item_purchase_floors":[4,13,22,22,27,31],"current_hp_per_floor":[78,58,58,58,64,64,70,75,75,59,59,52,52,49,49,38,70,72,72,78,80,80,80,80,80,80,80,61,67,63,63,63,0],"gold":87,"neow_bonus":"THREE_ENEMY_KILL","is_prod":false,"is_daily":false,"chose_seed":false,"campfire_upgraded":5,"win_rate":0,"timestamp":1558135236,"path_taken":["M","?","?","?","?","R","E","M","T","E","R","?","$","M","R","BOSS","M","?","M","M","$","R","M","M","T","$","M","?","E","?","R","BOSS"],"build_version":"2019-01-23","purchased_purges":1,"victory":false,"max_hp_per_floor":[80,80,80,80,80,80,80,80,80,80,80,80,80,80,80,80,80,80,80,80,80,80,80,80,80,80,80,80,80,80,80,80,80],"card_choices":[{"not_picked":["Thunderclap","Spot Weakness"],"picked":"Perfected Strike","floor":1},{"not_picked":["Pommel Strike","Headbutt"],"picked":"Flame Barrier","floor":5},{"not_picked":["Reaper","Hemokinesis"],"picked":"Twin Strike","floor":7},{"not_picked":["Clash","Infernal Blade","Sever Soul"],"picked":"SKIP","floor":8},{"not_picked":["Flex","Perfected Strike"],"picked":"Pommel Strike","floor":10},{"not_picked":["Clothesline","Evolve"],"picked":"Shrug It Off","floor":12},{"not_picked":["Wild Strike","Flex","Bloodletting"],"picked":"SKIP","floor":14},{"not_picked":["Barricade","Juggernaut"],"picked":"Double Tap","floor":16},{"not_picked":["Thunderclap","Perfected Strike+1"],"picked":"Whirlwind","floor":18},{"not_picked":["Hemokinesis","Shockwave","Carnage"],"picked":"SKIP","floor":20},{"not_picked":["Iron Wave","Heavy Blade"],"picked":"Headbutt","floor":21},{"not_picked":["Thunderclap","Rampage"],"picked":"Pommel Strike","floor":24},{"not_picked":["Perfected Strike","Seeing Red","Flame Barrier"],"picked":"SKIP","floor":25},{"not_picked":["Corruption","Shrug It Off","Armaments"],"picked":"SKIP","floor":28},{"not_picked":["Armaments","Blood for Blood+1","Second Wind+1"],"picked":"SKIP","floor":29},{"not_picked":["Body Slam","Havoc","Pommel Strike"],"picked":"SKIP","floor":30}],"player_experience":296714,"relics_obtained":[{"floor":7,"key":"Charon\u0027s Ashes"},{"floor":9,"key":"Paper Frog"},{"floor":10,"key":"Bag of Preparation"},{"floor":12,"key":"Odd Mushroom"},{"floor":26,"key":"Meat on the Bone"},{"floor":30,"key":"Letter Opener"}],"event_choices":[{"damage_healed":0,"gold_gain":0,"player_choice":"Take Damage","damage_taken":20,"relics_obtained":["Golden Idol"],"max_hp_gain":0,"max_hp_loss":0,"event_name":"Golden Idol","floor":2,"gold_loss":0},{"cards_removed":["Defend_R"],"damage_healed":0,"gold_gain":0,"player_choice":"Card Removal","damage_taken":0,"max_hp_gain":0,"max_hp_loss":0,"event_name":"The Cleric","floor":3,"gold_loss":50},{"damage_healed":0,"gold_gain":0,"player_choice":"Fought Mushrooms","damage_taken":0,"max_hp_gain":0,"max_hp_loss":0,"event_name":"Mushrooms","floor":12,"gold_loss":0},{"cards_removed":["Defend_R"],"damage_healed":0,"gold_gain":0,"player_choice":"Offered Basic","damage_taken":0,"max_hp_gain":0,"max_hp_loss":0,"event_name":"Bonfire Elementals","floor":19,"gold_loss":0}],"is_beta":false,"boss_relics":[{"not_picked":["Black Star","Coffee Dripper"],"picked":"Mark of Pain"}],"items_purged_floors":[22],"is_endless":false,"potions_floor_spawned":[10,12,14,16,18,21,28,30],"killed_by":"Automaton","ascension_level":12}