{"gold_per_floor":[119,132,146,146,159,186,186,186,211,21,37,51,51,71,71,170,170,184,200,200,200,200,200,200,212,264,264,8,8,8,28,28,128,128,141,67,86,101,1100,1128,1128,1157,1157,294,294,313,330,348,348,348],"floor_reached":51,"playtime":2023,"items_purged":["Strike_R","Strike_R"],"score":934,"play_id":"787d0015-b237-4f1c-b226-5b23f58937b4","local_time":"20190311012606","is_ascension_mode":false,"campfire_choices":[{"data":"Heavy Blade","floor":8,"key":"SMITH"},{"data":"Limit Break","floor":13,"key":"SMITH"},{"data":"Heavy Blade","floor":15,"key":"SMITH"},{"data":"Metallicize","floor":23,"key":"SMITH"},{"data":"Pommel Strike","floor":27,"key":"SMITH"},{"data":"Rampage","floor":30,"key":"SMITH"},{"data":"RitualDagger","floor":32,"key":"SMITH"},{"floor":41,"key":"REST"},{"data":"Double Tap","floor":45,"key":"SMITH"},{"floor":49,"key":"REST"}],"neow_cost":"CURSE","seed_source_timestamp":6149839564000,"circlet_count":0,"master_deck":["Strike_R","Strike_R","Defend_R","Defend_R","Defend_R","Defend_R","Bash","Shame","Heavy Blade+1","Shrug It Off","Twin Strike","Pommel Strike+1","Metallicize+1","Parasite","Heavy Blade+1","Limit Break+1","Rampage+1","Cleave","Feed","Thunderclap","Carnage","RitualDagger+1","Pommel Strike+1","Clash","Bandage Up","Searing Blow","Double Tap","Regret","Armaments+1","Inflame","Seeing Red+1","Body Slam","Normality","Normality","Reaper","Sword Boomerang","Double Tap+1","Perfected Strike","Mind Blast","Cleave+1","Rampage","Twin Strike","Thunderclap"],"relics":["Burning Blood","Du-Vu Doll","Regal Pillow","Orichalcum","Omamori","Mark of Pain","MutagenicStrength","Vajra","Pen Nib","Calling Bell","Anchor","Meat on the Bone","Ice Cream","Oddly Smooth Stone","Dream Catcher","Lantern","Brimstone","Bottled Flame"],"potions_floor_usage":[6,6,16,16,33,33,40,42,50,50],"damage_taken":[{"damage":12,"enemies":"Cultist","floor":1,"turns":5},{"damage":2,"enemies":"Small Slimes","floor":2,"turns":3},{"damage":7,"enemies":"2 Louse","floor":3,"turns":3},{"damage":7,"enemies":"Blue Slaver","floor":5,"turns":3},{"damage":34,"enemies":"Lagavulin","floor":6,"turns":6},{"damage":4,"enemies":"2 Fungi Beasts","floor":11,"turns":3},{"damage":11,"enemies":"3 Louse","floor":12,"turns":4},{"damage":4,"enemies":"Looter","floor":14,"turns":4},{"damage":11,"enemies":"Slime Boss","floor":16,"turns":8},{"damage":0,"enemies":"Chosen","floor":18,"turns":3},{"damage":18,"enemies":"Spheric Guardian","floor":19,"turns":4},{"damage":0,"enemies":"3 Cultists","floor":25,"turns":4},{"damage":0,"enemies":"Snake Plant","floor":31,"turns":2},{"damage":68,"enemies":"Collector","floor":33,"turns":7},{"damage":0,"enemies":"3 Darklings","floor":35,"turns":2},{"damage":12,"enemies":"3 Shapes","floor":37,"turns":2},{"damage":9,"enemies":"Transient","floor":38,"turns":5},{"damage":32,"enemies":"Nemesis","floor":40,"turns":3},{"damage":0,"enemies":"Reptomancer","floor":42,"turns":2},{"damage":11,"enemies":"4 Shapes","floor":46,"turns":3},{"damage":17,"enemies":"Maw","floor":47,"turns":3},{"damage":10,"enemies":"Sphere and 2 Shapes","floor":48,"turns":2},{"damage":40,"enemies":"Time Eater","floor":50,"turns":4}],"seed_played":"7532275934841537895","potions_obtained":[{"floor":2,"key":"EntropicBrew"},{"floor":6,"key":"Swift Potion"},{"floor":11,"key":"Regen Potion"},{"floor":14,"key":"SteroidPotion"},{"floor":25,"key":"FearPotion"},{"floor":31,"key":"AttackPotion"},{"floor":33,"key":"Strength Potion"},{"floor":35,"key":"FearPotion"}],"is_trial":false,"path_per_floor":["M","M","M","?","M","E","?","R","T","$","M","M","R","M","R","B",null,"M","M","?","?","?","R","?","M","T","R","$","?","R","M","R","B",null,"M","$","M","M","?","E","R","E","T","$","R","M","M","M","R","B",null],"character_chosen":"IRONCLAD","items_purchased":["Omamori","Heavy Blade","Pen Nib","Clash","Inflame","Double Tap","Perfected Strike","Mind Blast","Brimstone","Bottled Flame","AttackPotion"],"campfire_rested":2,"item_purchase_floors":[10,10,28,28,36,44,44,44,44,44,44],"current_hp_per_floor":[74,78,77,77,76,48,68,68,68,68,70,65,65,67,67,62,80,80,71,71,71,65,65,65,74,74,74,74,74,74,80,80,31,86,86,86,87,86,86,63,92,92,92,92,92,91,83,79,95,61],"gold":348,"neow_bonus":"ONE_RARE_RELIC","is_prod":false,"is_daily":false,"chose_seed":false,"campfire_upgraded":8,"win_rate":0.0,"timestamp":1552281966,"path_taken":["M","?","M","?","M","E","?","R","T","$","M","M","R","M","R","BOSS","M","M","?","?","?","R","?","M","T","R","?","?","R","M","R","BOSS","M","$","M","M","?","E","R","E","T","$","R","M","M","M","R","BOSS"],"build_version":"2019-01-23","purchased_purges":2,"victory":true,"max_hp_per_floor":[80,80,80,80,80,80,80,80,80,80,80,80,80,80,80,80,80,80,83,83,83,83,83,83,86,86,86,86,86,86,86,86,86,86,86,86,89,89,89,92,92,92,92,92,92,92,95,95,95,95],"card_choices":[{"not_picked":["True Grit","Bloodletting"],"picked":"Heavy Blade","floor":1},{"not_picked":["Battle Trance","Anger"],"picked":"Shrug It Off","floor":2},{"not_picked":["Heavy Blade","Bloodletting"],"picked":"Twin Strike","floor":3},{"not_picked":["Headbutt","Blood for Blood"],"picked":"Pommel Strike","floor":5},{"not_picked":["Pommel Strike","Perfected Strike"],"picked":"Metallicize","floor":6},{"not_picked":["Rampage","Clash"],"picked":"Limit Break","floor":11},{"not_picked":["Clothesline","Sword Boomerang"],"picked":"Rampage","floor":12},{"not_picked":["Anger","Heavy Blade"],"picked":"Cleave","floor":14},{"not_picked":["Offering","Barricade"],"picked":"Feed","floor":16},{"not_picked":["Seeing Red","Sever Soul"],"picked":"Thunderclap","floor":18},{"not_picked":["Dropkick","Shockwave"],"picked":"Carnage","floor":19},{"not_picked":["True Grit+1","Flex"],"picked":"Pommel Strike+1","floor":25},{"not_picked":["True Grit","Flex+1"],"picked":"Searing Blow","floor":31},{"not_picked":["Demon Form","Fiend Fire"],"picked":"Double Tap","floor":33},{"not_picked":["Cleave+1","Sword Boomerang+1"],"picked":"Armaments+1","floor":35},{"not_picked":["Flame Barrier","Headbutt"],"picked":"Seeing Red+1","floor":37},{"not_picked":["Feel No Pain","Clothesline"],"picked":"Body Slam","floor":38},{"not_picked":["Body Slam","Headbutt"],"picked":"Reaper","floor":40},{"not_picked":["Rage","Intimidate"],"picked":"Sword Boomerang","floor":42},{"not_picked":["Battle Trance","True Grit+1"],"picked":"Cleave+1","floor":46},{"not_picked":["Clothesline","Perfected Strike"],"picked":"Rampage","floor":47},{"not_picked":["Pommel Strike+1","Entrench+1"],"picked":"Twin Strike","floor":48},{"not_picked":["Shrug It Off+1","Pommel Strike+1"],"picked":"Thunderclap","floor":49}],"player_experience":22700,"relics_obtained":[{"floor":6,"key":"Regal Pillow"},{"floor":9,"key":"Orichalcum"},{"floor":26,"key":"Vajra"},{"floor":34,"key":"Anchor"},{"floor":34,"key":"Meat on the Bone"},{"floor":34,"key":"Ice Cream"},{"floor":40,"key":"Oddly Smooth Stone"},{"floor":42,"key":"Dream Catcher"},{"floor":43,"key":"Lantern"}],"event_choices":[{"cards_removed":["Strike_R"],"damage_healed":0,"gold_gain":0,"player_choice":"Forget","damage_taken":0,"max_hp_gain":0,"max_hp_loss":0,"event_name":"Living Wall","floor":4,"gold_loss":0},{"damage_healed":20,"gold_gain":0,"player_choice":"Healed and dodged fight","damage_taken":0,"max_hp_gain":0,"max_hp_loss":0,"event_name":"Mushrooms","floor":7,"gold_loss":0,"cards_obtained":["Parasite"]},{"damage_healed":0,"gold_gain":0,"player_choice":"Ignored","damage_taken":0,"max_hp_gain":0,"max_hp_loss":0,"event_name":"Beggar","floor":20,"gold_loss":0},{"damage_healed":0,"gold_gain":0,"player_choice":"Inject Mutagens","damage_taken":0,"relics_obtained":["MutagenicStrength"],"max_hp_gain":0,"max_hp_loss":0,"event_name":"Drug Dealer","floor":21,"gold_loss":0},{"damage_healed":0,"gold_gain":0,"player_choice":"Joined the Cult","damage_taken":6,"max_hp_gain":0,"max_hp_loss":0,"event_name":"Nest","floor":22,"gold_loss":0,"cards_obtained":["RitualDagger"]},{"damage_healed":0,"gold_gain":0,"player_choice":"Ignored","damage_taken":0,"max_hp_gain":0,"max_hp_loss":0,"event_name":"Ghosts","floor":24,"gold_loss":0},{"damage_healed":0,"gold_gain":0,"player_choice":"1 cards matched","damage_taken":0,"max_hp_gain":0,"max_hp_loss":0,"event_name":"Match and Keep!","floor":29,"gold_loss":0,"cards_obtained":["Bandage Up"]},{"damage_healed":0,"gold_gain":999,"player_choice":"Gold","damage_taken":0,"max_hp_gain":0,"max_hp_loss":0,"event_name":"MindBloom","floor":39,"gold_loss":0,"cards_obtained":["Normality","Normality"]}],"is_beta":false,"boss_relics":[{"not_picked":["Eternal Feather","White Beast Statue"],"picked":"Mark of Pain"},{"not_picked":["Snecko Eye","Velvet Choker"],"picked":"Calling Bell"}],"items_purged_floors":[28,44],"is_endless":false,"potions_floor_spawned":[2,6,11,12,14,25,31,33,35,37],"ascension_level":0}