{"gold_per_floor":[115,190,190,190,209,243,243,268,268,268,283,318,329,329,329,400,400,412,412,424,424,436,436,446,465,465,482,501,501,83,93,93,170,170,181,1,1,1,21,21,21,33,33,33,33,51,51,62,62,62],"floor_reached":51,"playtime":1545,"items_purged":["Regret","Strike_R"],"score":1170,"play_id":"6e493303-a686-44f7-99f9-8256d0f71ccd","local_time":"20190610171513","is_ascension_mode":true,"campfire_choices":[{"data":"Bash","floor":7,"key":"SMITH"},{"data":"Flame Barrier","floor":10,"key":"SMITH"},{"floor":15,"key":"REST"},{"data":"Immolate","floor":23,"key":"SMITH"},{"data":"Rage","floor":29,"key":"SMITH"},{"data":"Inflame","floor":32,"key":"SMITH"},{"data":"Double Tap","floor":40,"key":"SMITH"},{"data":"True Grit","floor":44,"key":"SMITH"},{"data":"Shrug It Off","floor":47,"key":"SMITH"},{"data":"Clothesline","floor":49,"key":"SMITH"}],"neow_cost":"NONE","seed_source_timestamp":407555312900,"circlet_count":0,"master_deck":["AscendersBane","Strike_R","Strike_R","Strike_R","Defend_R","Defend_R","Defend_R","Defend_R","Bash+1","Clothesline+1","Second Wind","Pommel Strike","Combust","Flame Barrier+1","Headbutt","Immolate+1","Thunderclap","Double Tap+1","Ghostly Armor","Whirlwind","Rage+1","Inflame+1","Disarm","Inflame","Pummel+1","Iron Wave+1","Bandage Up","True Grit+1","Power Through+1","Whirlwind+1","Inflame","Finesse","Iron Wave+1","Shrug It Off+1","Iron Wave+1","Thunderclap+1"],"relics":["Burning Blood","NeowsBlessing","Incense Burner","Bottled Lightning","Anchor","Champion Belt","Cursed Key","Nloth\u0027s Gift","Molten Egg 2","Bag of Marbles","Mark of Pain","Pantograph"],"potions_floor_usage":[25,46,50],"damage_taken":[{"damage":0,"enemies":"2 Louse","floor":1,"turns":1},{"damage":0,"enemies":"Small Slimes","floor":5,"turns":1},{"damage":0,"enemies":"Lagavulin","floor":6,"turns":2},{"damage":41,"enemies":"3 Sentries","floor":8,"turns":8},{"damage":1,"enemies":"Cultist","floor":11,"turns":3},{"damage":32,"enemies":"Lagavulin","floor":12,"turns":6},{"damage":10,"enemies":"Blue Slaver","floor":13,"turns":5},{"damage":17,"enemies":"Slime Boss","floor":16,"turns":9},{"damage":2,"enemies":"2 Thieves","floor":18,"turns":2},{"damage":6,"enemies":"Shell Parasite","floor":20,"turns":5},{"damage":4,"enemies":"Cultist and Chosen","floor":22,"turns":6},{"damage":0,"enemies":"3 Cultists","floor":24,"turns":3},{"damage":39,"enemies":"Snake Plant","floor":25,"turns":4},{"damage":5,"enemies":"Centurion and Healer","floor":27,"turns":5},{"damage":2,"enemies":"Chosen and Byrds","floor":28,"turns":5},{"damage":19,"enemies":"3 Cultists","floor":31,"turns":5},{"damage":33,"enemies":"Automaton","floor":33,"turns":10},{"damage":2,"enemies":"3 Darklings","floor":35,"turns":3},{"damage":8,"enemies":"Orb Walker","floor":39,"turns":4},{"damage":22,"enemies":"Maw","floor":42,"turns":7},{"damage":0,"enemies":"Spire Growth","floor":46,"turns":2},{"damage":6,"enemies":"4 Shapes","floor":48,"turns":10},{"damage":86,"enemies":"Time Eater","floor":50,"turns":13}],"seed_played":"-4313636957955344407","potions_obtained":[{"floor":6,"key":"FearPotion"},{"floor":12,"key":"FairyPotion"},{"floor":18,"key":"SkillPotion"},{"floor":25,"key":"FearPotion"},{"floor":39,"key":"AttackPotion"},{"floor":46,"key":"SteroidPotion"}],"is_trial":false,"path_per_floor":["M","?","?","?","M","E","R","E","T","R","M","E","M","?","R","B",null,"M","?","M","?","M","R","M","M","T","M","M","R","$","M","R","B",null,"M","$","?","$","M","R","?","M","T","R","?","M","R","M","R","B",null],"character_chosen":"IRONCLAD","items_purchased":["Iron Wave+1","Bag of Marbles","Bandage Up","True Grit","Inflame"],"campfire_rested":1,"item_purchase_floors":[30,30,30,30,36],"current_hp_per_floor":[74,63,68,68,74,80,80,45,45,45,50,24,20,17,41,30,68,72,72,72,72,74,74,80,47,47,48,52,52,52,43,43,20,65,69,69,69,69,71,71,71,59,59,59,59,65,65,69,69,13],"gold":62,"neow_bonus":"THREE_ENEMY_KILL","is_prod":false,"is_daily":false,"chose_seed":false,"campfire_upgraded":9,"win_rate":0,"timestamp":1560201313,"path_taken":["M","?","?","?","?","E","R","E","T","R","M","E","M","?","R","BOSS","M","?","M","?","M","R","?","M","T","M","M","R","$","M","R","BOSS","M","$","?","$","M","R","?","M","T","R","?","M","R","?","R","BOSS"],"build_version":"2019-01-23","purchased_purges":2,"victory":true,"max_hp_per_floor":[75,75,80,80,80,80,80,80,80,80,80,80,80,80,80,80,80,80,80,80,80,80,80,80,80,80,80,80,80,80,80,80,80,80,80,80,80,80,80,80,80,80,80,80,80,80,80,80,80,80],"card_choices":[{"not_picked":["Armaments","Heavy Blade"],"picked":"Clothesline","floor":1},{"not_picked":["Second Wind","Clothesline"],"picked":"Pommel Strike","floor":5},{"not_picked":["Reckless Charge","Clash"],"picked":"Combust","floor":6},{"not_picked":["Metallicize","Rage"],"picked":"Flame Barrier","floor":8},{"not_picked":["Anger","Dual Wield"],"picked":"Headbutt","floor":11},{"not_picked":["Bloodletting","Warcry"],"picked":"Immolate","floor":12},{"not_picked":["Clash","Searing Blow"],"picked":"Thunderclap","floor":13},{"not_picked":["Brutality","Reaper"],"picked":"Double Tap","floor":16},{"not_picked":["Headbutt","Reckless Charge"],"picked":"Ghostly Armor","floor":18},{"not_picked":["Twin Strike","Uppercut"],"picked":"Rage","floor":20},{"not_picked":["Burning Pact","Anger+1"],"picked":"Battle Trance","floor":22},{"not_picked":["Flex","Thunderclap"],"picked":"Inflame","floor":24},{"not_picked":["Headbutt","Heavy Blade"],"picked":"Disarm","floor":25},{"not_picked":["Corruption","Havoc"],"picked":"Inflame","floor":27},{"not_picked":["Corruption","Sever Soul+1"],"picked":"Pummel+1","floor":28},{"not_picked":["Headbutt+1","Heavy Blade+1"],"picked":"Power Through+1","floor":31},{"not_picked":["Combust","Searing Blow+1"],"picked":"Whirlwind+1","floor":35},{"not_picked":["Dramatic Entrance+1","Chrysalis"],"picked":"Finesse","floor":37},{"not_picked":["Headbutt+1","Pommel Strike+1"],"picked":"Iron Wave+1","floor":39},{"not_picked":["Sword Boomerang+1","Berserk"],"picked":"Shrug It Off","floor":42},{"not_picked":["Thunderclap+1","Inflame"],"picked":"Iron Wave+1","floor":46},{"not_picked":["Body Slam+1","Carnage+1"],"picked":"Thunderclap+1","floor":48}],"player_experience":395001,"relics_obtained":[{"floor":6,"key":"Incense Burner"},{"floor":8,"key":"Bottled Lightning"},{"floor":9,"key":"Peace Pipe"},{"floor":12,"key":"Anchor"},{"floor":26,"key":"Molten Egg 2"},{"floor":43,"key":"Pantograph"}],"event_choices":[{"damage_healed":0,"gold_gain":75,"player_choice":"Gather Gold","damage_taken":11,"max_hp_gain":0,"max_hp_loss":0,"event_name":"World of Goop","floor":2,"gold_loss":0},{"damage_healed":0,"gold_gain":0,"player_choice":"Donut","damage_taken":0,"max_hp_gain":5,"max_hp_loss":0,"event_name":"Big Fish","floor":3,"gold_loss":0},{"damage_healed":0,"gold_gain":0,"cards_transformed":["Strike_R"],"player_choice":"Transformed","damage_taken":0,"max_hp_gain":0,"max_hp_loss":0,"event_name":"Transmorgrifier","floor":4,"gold_loss":0,"cards_obtained":["Second Wind"]},{"damage_healed":0,"gold_gain":0,"player_choice":"Success","damage_taken":3,"relics_obtained":["Champion Belt"],"max_hp_gain":0,"max_hp_loss":0,"event_name":"Scrap Ooze","floor":14,"gold_loss":0},{"damage_healed":0,"gold_gain":0,"player_choice":"Read","damage_taken":0,"max_hp_gain":0,"max_hp_loss":0,"event_name":"The Library","floor":19,"gold_loss":0,"cards_obtained":["Whirlwind"]},{"damage_healed":0,"gold_gain":0,"player_choice":"Traded Relic","damage_taken":0,"relics_obtained":["Nloth\u0027s Gift"],"max_hp_gain":0,"max_hp_loss":0,"event_name":"N\u0027loth","floor":21,"relics_lost":["Peace Pipe"],"gold_loss":0},{"damage_healed":0,"gold_gain":0,"player_choice":"Memory 1","damage_taken":0,"max_hp_gain":0,"max_hp_loss":0,"event_name":"SensoryStone","floor":37,"gold_loss":0},{"cards_removed":["Battle Trance"],"damage_healed":0,"gold_gain":0,"player_choice":"Removed Skill","damage_taken":0,"max_hp_gain":0,"max_hp_loss":0,"event_name":"Falling","floor":41,"gold_loss":0},{"cards_removed":["Doubt"],"damage_healed":0,"gold_gain":0,"player_choice":"Removed Curses","damage_taken":0,"max_hp_gain":0,"max_hp_loss":0,"event_name":"Fountain of Cleansing","floor":45,"gold_loss":0}],"is_beta":false,"boss_relics":[{"not_picked":["Tiny House","Snecko Eye"],"picked":"Cursed Key"},{"not_picked":["Calling Bell","Lizard Tail"],"picked":"Mark of Pain"}],"items_purged_floors":[30,36],"is_endless":false,"potions_floor_spawned":[6,12,16,18,20,25,28,31,39,46],"ascension_level":14}