{"gold_per_floor":[109,284,284,69,80,109,109,126,149,167,167,180,23,23,23,120,120,134,145,160,60,60,60,72,72],"floor_reached":25,"playtime":916,"items_purged":["Doubt","Strike_R"],"score":353,"play_id":"a858534f-1e00-4b9c-a258-e6ebede5f3ad","local_time":"20190514192214","is_ascension_mode":true,"campfire_choices":[{"data":"Metallicize","floor":11,"key":"SMITH"},{"data":"Rampage","floor":15,"key":"SMITH"},{"floor":23,"key":"REST"}],"neow_cost":"NONE","seed_source_timestamp":8801010593500,"circlet_count":0,"master_deck":["AscendersBane","Strike_R","Strike_R+1","Strike_R","Strike_R","Defend_R","Defend_R","Defend_R","Defend_R","Bash+1","Cleave","Shrug It Off","Bandage Up","Sword Boomerang","Twin Strike","Shrug It Off","Metallicize+1","Rampage+1","Feed+1","Immolate","RitualDagger"],"relics":["Burning Blood","NeowsBlessing","Whetstone","Boot","Busted Crown"],"potions_floor_usage":[10],"damage_taken":[{"damage":0,"enemies":"Jaw Worm","floor":1,"turns":1},{"damage":0,"enemies":"Cultist","floor":5,"turns":1},{"damage":0,"enemies":"3 Sentries","floor":6,"turns":2},{"damage":3,"enemies":"2 Louse","floor":8,"turns":2},{"damage":9,"enemies":"Red Slaver","floor":10,"turns":2},{"damage":14,"enemies":"3 Louse","floor":12,"turns":3},{"damage":43,"enemies":"Slime Boss","floor":16,"turns":15},{"damage":8,"enemies":"Chosen","floor":18,"turns":4},{"damage":35,"enemies":"Shell Parasite","floor":19,"turns":5},{"damage":47,"enemies":"Shelled Parasite and Fungi","floor":20,"turns":7},{"damage":14,"enemies":"Cultist and Chosen","floor":24,"turns":5},{"damage":53,"enemies":"Snake Plant","floor":25,"turns":4}],"seed_played":"-1629282893750825451","potions_obtained":[{"floor":5,"key":"Fire Potion"},{"floor":6,"key":"EssenceOfSteel"},{"floor":7,"key":"FairyPotion"},{"floor":12,"key":"FairyPotion"}],"is_trial":false,"path_per_floor":["M","?","?","$","M","E","?","M","T","M","R","M","$","?","R","B",null,"M","M","M","$","?","R","M","M"],"character_chosen":"IRONCLAD","items_purchased":["Shrug It Off","Bandage Up","Feed"],"campfire_rested":1,"item_purchase_floors":[4,4,13],"current_hp_per_floor":[78,78,78,78,80,80,80,80,80,77,77,69,69,69,69,40,73,75,50,17,17,11,37,33,0],"gold":72,"neow_bonus":"THREE_ENEMY_KILL","is_prod":false,"is_daily":false,"chose_seed":false,"campfire_upgraded":2,"win_rate":0,"timestamp":1557876134,"path_taken":["M","?","?","$","?","E","?","?","T","M","R","M","$","?","R","BOSS","M","?","M","$","?","R","M","M"],"build_version":"2019-01-23","purchased_purges":2,"victory":false,"max_hp_per_floor":[80,80,80,80,80,80,80,80,80,80,80,80,80,80,80,84,84,84,84,88,88,88,88,88,88],"card_choices":[{"not_picked":["Heavy Blade","Wild Strike"],"picked":"Cleave","floor":1},{"not_picked":["Anger","Havoc"],"picked":"Sword Boomerang","floor":5},{"not_picked":["Heavy Blade","Wild Strike"],"picked":"Twin Strike","floor":6},{"not_picked":["Corruption","Havoc"],"picked":"Shrug It Off","floor":8},{"not_picked":["Power Through","Burning Pact"],"picked":"Metallicize","floor":10},{"not_picked":["Wild Strike","Body Slam"],"picked":"Rampage","floor":12},{"not_picked":["Brutality","Limit Break"],"picked":"Immolate","floor":16},{"not_picked":["Headbutt"],"picked":"SKIP","floor":18},{"not_picked":["Iron Wave"],"picked":"SKIP","floor":19},{"not_picked":["Perfected Strike"],"picked":"SKIP","floor":20},{"not_picked":["Disarm"],"picked":"SKIP","floor":24}],"player_experience":276517,"relics_obtained":[{"floor":6,"key":"Whetstone"},{"floor":9,"key":"Boot"}],"event_choices":[{"damage_healed":0,"gold_gain":175,"player_choice":"AGREE","damage_taken":0,"max_hp_gain":0,"max_hp_loss":0,"event_name":"Liars Game","floor":2,"gold_loss":0,"cards_obtained":["Doubt"]},{"damage_healed":0,"gold_gain":0,"player_choice":"Bought 0 Potions","damage_taken":0,"max_hp_gain":0,"max_hp_loss":0,"event_name":"The Woman in Blue","floor":3,"gold_loss":0},{"damage_healed":0,"gold_gain":0,"player_choice":"Got Potions","damage_taken":0,"max_hp_gain":0,"max_hp_loss":0,"event_name":"Lab","floor":7,"gold_loss":0},{"damage_healed":0,"gold_gain":0,"player_choice":"Forge","damage_taken":0,"max_hp_gain":0,"max_hp_loss":0,"event_name":"Accursed Blacksmith","floor":14,"gold_loss":0,"cards_upgraded":["Feed"]},{"damage_healed":0,"gold_gain":0,"player_choice":"Joined the Cult","damage_taken":6,"max_hp_gain":0,"max_hp_loss":0,"event_name":"Nest","floor":22,"gold_loss":0,"cards_obtained":["RitualDagger"]}],"is_beta":false,"boss_relics":[{"not_picked":["Snecko Eye","Eternal Feather"],"picked":"Busted Crown"}],"items_purged_floors":[4,21],"is_endless":false,"potions_floor_spawned":[5,6,12,19,24],"killed_by":"Snake Plant","ascension_level":11}