{"gold_per_floor":[115,125,143,15,31,66,66,66,66,66,66,82,99,118,118,118],"floor_reached":16,"playtime":693,"items_purged":["Strike_R"],"score":166,"play_id":"6fb58e5b-190b-4747-8164-20d6ba505c18","local_time":"20190517171132","is_ascension_mode":true,"campfire_choices":[{"data":"Iron Wave","floor":7,"key":"SMITH"},{"data":"Armaments","floor":10,"key":"SMITH"},{"data":"Twin Strike","floor":15,"key":"SMITH"}],"neow_cost":"NONE","seed_source_timestamp":1539306083500,"circlet_count":0,"master_deck":["AscendersBane","Strike_R","Strike_R","Strike_R","Defend_R","Defend_R","Defend_R","Defend_R","Bash+1","Twin Strike+1","Armaments+1","Pommel Strike","Iron Wave+1","Sword Boomerang"],"relics":["Burning Blood","Juzu Bracelet","Happy Flower"],"potions_floor_usage":[6],"damage_taken":[{"damage":5,"enemies":"Small Slimes","floor":1,"turns":3},{"damage":5,"enemies":"Cultist","floor":2,"turns":4},{"damage":12,"enemies":"Jaw Worm","floor":3,"turns":3},{"damage":11,"enemies":"Blue Slaver","floor":5,"turns":3},{"damage":31,"enemies":"Lagavulin","floor":6,"turns":8},{"damage":0,"enemies":"Looter","floor":12,"turns":3},{"damage":15,"enemies":"Large Slime","floor":13,"turns":6},{"damage":6,"enemies":"2 Fungi Beasts","floor":14,"turns":3},{"damage":48,"enemies":"Slime Boss","floor":16,"turns":6}],"seed_played":"-5876873142499670147","potions_obtained":[{"floor":2,"key":"Fire Potion"},{"floor":3,"key":"Energy Potion"},{"floor":12,"key":"LiquidBronze"},{"floor":13,"key":"Regen Potion"}],"is_trial":false,"path_per_floor":["M","M","M","$","M","E","R","?","T","R","?","M","M","M","R","B"],"character_chosen":"IRONCLAD","items_purchased":["Pommel Strike"],"campfire_rested":0,"item_purchase_floors":[4],"current_hp_per_floor":[73,74,68,68,63,38,38,38,38,38,38,44,35,35,35,0],"gold":118,"neow_bonus":"UPGRADE_CARD","is_prod":false,"is_daily":false,"chose_seed":false,"campfire_upgraded":3,"win_rate":0,"timestamp":1558127492,"path_taken":["M","M","M","$","M","E","R","?","T","R","?","M","M","M","R","BOSS"],"build_version":"2019-01-23","purchased_purges":1,"victory":false,"max_hp_per_floor":[80,80,80,80,80,80,80,80,80,80,80,80,80,80,80,80],"card_choices":[{"not_picked":["Sever Soul","Rage"],"picked":"Twin Strike","floor":1},{"not_picked":["Second Wind","Wild Strike","Thunderclap"],"picked":"SKIP","floor":2},{"not_picked":["Warcry","Thunderclap"],"picked":"Armaments","floor":3},{"not_picked":["Thunderclap","Feel No Pain"],"picked":"Iron Wave","floor":5},{"not_picked":["Anger","Flex","Fiend Fire"],"picked":"SKIP","floor":6},{"not_picked":["Anger","Warcry","Rupture"],"picked":"SKIP","floor":12},{"not_picked":["Body Slam","Burning Pact","Feel No Pain"],"picked":"SKIP","floor":13},{"not_picked":["Iron Wave","Armaments"],"picked":"Sword Boomerang","floor":14}],"player_experience":293055,"relics_obtained":[{"floor":6,"key":"Juzu Bracelet"},{"floor":9,"key":"Happy Flower"}],"event_choices":[{"damage_healed":0,"gold_gain":0,"player_choice":"0 cards matched","damage_taken":0,"max_hp_gain":0,"max_hp_loss":0,"event_name":"Match and Keep!","floor":8,"gold_loss":0,"cards_obtained":[]},{"cards_removed":["Strike_R"],"damage_healed":0,"gold_gain":0,"player_choice":"Offered Basic","damage_taken":0,"max_hp_gain":0,"max_hp_loss":0,"event_name":"Bonfire Elementals","floor":11,"gold_loss":0}],"is_beta":false,"boss_relics":[],"items_purged_floors":[4],"is_endless":false,"potions_floor_spawned":[2,3,12,13],"killed_by":"Slime Boss","ascension_level":12}