{"gold_per_floor":[18,34,34,34,6,35,46,46,72,118,150,178,202,245,257,348,360,387,399,89,105,121,149,149,177,177,196,196,226,244,244,244,322,322,342,12,31,85,85,147,22,34,60,94,107,122,122,154,154,154,154],"floor_reached":52,"playtime":5694,"items_purged":["Strike_B","Strike_B+1","Strike_B+1"],"score":2144,"play_id":"5215995c-8918-4456-8cf3-fe48e4306b77","local_time":"20190907173211","is_ascension_mode":true,"campfire_choices":[{"floor":8.0,"key":"REST"},{"data":"Glacier","floor":15.0,"key":"SMITH"},{"floor":24.0,"key":"REST"},{"data":"Defragment","floor":28.0,"key":"SMITH"},{"data":"Defragment","floor":32.0,"key":"SMITH"},{"data":"Seek","floor":47.0,"key":"SMITH"},{"data":"Seek","floor":49.0,"key":"SMITH"}],"neow_cost":"NO_GOLD","seed_source_timestamp":0,"circlet_count":0,"master_deck":["AscendersBane","Defend_B","Defend_B","Defend_B+1","Defend_B+1","Zap+1","Dualcast","Compile Driver","Chill","Conserve Battery","Gash","Glacier+1","FTL","Compile Driver","Seek+1","Sunder","Defragment+1","Conserve Battery","Bandage Up","Loop","Defragment+1","FTL","Coolheaded+1","Go for the Eyes+1","Doom and Gloom+1","Ball Lightning+1","Seek+1","Storm+1","Defragment+1","Turbo","Loop","Loop+1","Recycle","White Noise"],"special_seed":0,"relics":["Cracked Core","StoneCalendar","Whetstone","MawBank","Oddly Smooth Stone","Blood Vial","Runic Pyramid","Enchiridion","Shovel","Molten Egg 2","Gremlin Horn","Happy Flower","Pear","Nuclear Battery","DollysMirror","Mango","Tiny Chest","War Paint","Omamori","Mercury Hourglass"],"potions_floor_usage":[51],"damage_taken":[{"damage":1.0,"enemies":"2 Louse","floor":1.0,"turns":3.0},{"damage":0.0,"enemies":"Small Slimes","floor":2.0,"turns":2.0},{"damage":25.0,"enemies":"Gremlin Nob","floor":6.0,"turns":4.0},{"damage":5.0,"enemies":"Jaw Worm","floor":7.0,"turns":2.0},{"damage":4.0,"enemies":"3 Sentries","floor":10.0,"turns":7.0},{"damage":7.0,"enemies":"Large Slime","floor":11.0,"turns":6.0},{"damage":0.0,"enemies":"Exordium Wildlife","floor":12.0,"turns":3.0},{"damage":12.0,"enemies":"Exordium Thugs","floor":13.0,"turns":6.0},{"damage":0.0,"enemies":"Lagavulin","floor":14.0,"turns":7.0},{"damage":4.0,"enemies":"Hexaghost","floor":16.0,"turns":9.0},{"damage":10.0,"enemies":"2 Thieves","floor":18.0,"turns":4.0},{"damage":0.0,"enemies":"3 Byrds","floor":21.0,"turns":5.0},{"damage":0.0,"enemies":"Centurion and Healer","floor":22.0,"turns":7.0},{"damage":21.0,"enemies":"Slavers","floor":23.0,"turns":7.0},{"damage":15.0,"enemies":"Gremlin Leader","floor":25.0,"turns":5.0},{"damage":16.0,"enemies":"Snake Plant","floor":27.0,"turns":6.0},{"damage":10.0,"enemies":"Slavers","floor":29.0,"turns":6.0},{"damage":1.0,"enemies":"3 Cultists","floor":30.0,"turns":4.0},{"damage":11.0,"enemies":"Collector","floor":33.0,"turns":8.0},{"damage":0.0,"enemies":"3 Shapes","floor":35.0,"turns":4.0},{"damage":0.0,"enemies":"Orb Walker","floor":37.0,"turns":3.0},{"damage":0.0,"enemies":"2 Orb Walkers","floor":38.0,"turns":5.0},{"damage":0.0,"enemies":"Reptomancer","floor":40.0,"turns":5.0},{"damage":16.0,"enemies":"Sphere and 2 Shapes","floor":42.0,"turns":3.0},{"damage":21.0,"enemies":"Nemesis","floor":44.0,"turns":5.0},{"damage":3.0,"enemies":"4 Shapes","floor":45.0,"turns":3.0},{"damage":0.0,"enemies":"Jaw Worm Horde","floor":46.0,"turns":1.0},{"damage":17.0,"enemies":"Reptomancer","floor":48.0,"turns":5.0},{"damage":5.0,"enemies":"Donu and Deca","floor":50.0,"turns":8.0},{"damage":62,"enemies":"Awakened One","floor":51,"turns":15}],"seed_played":"-4187055571127442444","potions_obtained":[{"floor":2.0,"key":"SpeedPotion"},{"floor":10.0,"key":"LiquidBronze"},{"floor":16.0,"key":"Fire Potion"},{"floor":27.0,"key":"SpeedPotion"},{"floor":29.0,"key":"SpeedPotion"},{"floor":33.0,"key":"Swift Potion"},{"floor":38.0,"key":"PowerPotion"},{"floor":44.0,"key":"Block Potion"}],"is_trial":false,"path_per_floor":["M","M","?","?","$","E","M","R","T","E","M","M","M","E","R","B",null,"M","?","$","M","M","E","R","E","T","M","R","E","M","T","R","B",null,"M","$","M","?","?","E","$","M","T","E","M","M","R","E","R","B","B",null],"character_chosen":"DEFECT","items_purchased":["Cold Snap","Defragment","Conserve Battery","Bandage Up","DollysMirror"],"campfire_rested":2,"item_purchase_floors":[5,20,20,20,36],"current_hp_per_floor":[63,63,63,56,56,31,26,47,47,43,36,36,24,24,24,22,59,51,30,30,36,42,27,48,39,39,29,29,25,30,40,40,35,70,76,76,81,95,95,95,95,83,83,68,71,73,73,62,62,63,7],"gold":154,"neow_bonus":"ONE_RARE_RELIC","is_prod":false,"is_daily":false,"chose_seed":false,"campfire_upgraded":5,"win_rate":0,"timestamp":1567902731,"path_taken":["M","M","?","?","?","E","M","R","T","E","M","M","M","E","R","BOSS","M","?","$","M","M","E","R","E","T","M","R","E","M","?","R","BOSS","M","$","M","?","?","E","?","M","T","E","M","M","R","E","R","BOSS","BOSS"],"build_version":"2019-07-17","purchased_purges":3,"victory":true,"max_hp_per_floor":[71,71,71,71,71,71,71,71,71,71,71,71,71,71,71,71,71,71,71,71,71,71,71,71,71,71,71,71,71,71,81,81,81,81,81,81,81,95,95,95,95,95,95,95,95,95,95,95,95,95,95],"card_choices":[{"not_picked":["Turbo","Rebound","Leap"],"picked":"SKIP","floor":1.0},{"not_picked":["Barrage","Scrape"],"picked":"Compile Driver","floor":2.0},{"not_picked":["Sunder","Tempest"],"picked":"Chill","floor":6.0},{"not_picked":["Blizzard","White Noise"],"picked":"Conserve Battery","floor":7.0},{"not_picked":["Coolheaded","Barrage"],"picked":"Gash","floor":10.0},{"not_picked":["Heatsinks","Double Energy"],"picked":"Glacier","floor":11.0},{"not_picked":["Barrage","Turbo"],"picked":"FTL","floor":12.0},{"not_picked":["Rebound","Redo"],"picked":"Compile Driver","floor":13.0},{"not_picked":["Reprogram","Aggregate","Amplify"],"picked":"SKIP","floor":14.0},{"not_picked":["Reboot","Creative AI"],"picked":"Seek","floor":16.0},{"not_picked":["Steam+1","Leap+1"],"picked":"Sunder","floor":18.0},{"not_picked":["Rebound","Hello World+1"],"picked":"Loop","floor":21.0},{"not_picked":["Go for the Eyes","Barrage"],"picked":"Defragment","floor":22.0},{"not_picked":["Cold Snap","Leap"],"picked":"FTL","floor":23.0},{"not_picked":["FTL","Self Repair"],"picked":"Coolheaded+1","floor":25.0},{"not_picked":["Reinforced Body","Compile Driver+1"],"picked":"Go for the Eyes+1","floor":27.0},{"not_picked":["Redo","Hyperbeam+1"],"picked":"Doom and Gloom+1","floor":29.0},{"not_picked":["Skim","Redo"],"picked":"Ball Lightning+1","floor":30.0},{"not_picked":["Fission","Rainbow"],"picked":"Seek","floor":33.0},{"not_picked":["Steam+1","FTL+1"],"picked":"Storm+1","floor":35.0},{"not_picked":["Undo","Leap"],"picked":"Turbo","floor":37.0},{"not_picked":["Leap+1","White Noise"],"picked":"Loop","floor":38.0},{"not_picked":["Steam+1","Leap"],"picked":"Loop+1","floor":40.0},{"not_picked":["Conserve Battery+1","Redo+1"],"picked":"Recycle","floor":42.0},{"not_picked":["Steam+1","Stack","Hello World+1"],"picked":"SKIP","floor":44.0},{"not_picked":["Turbo+1","Compile Driver+1","Consume+1"],"picked":"SKIP","floor":45.0},{"not_picked":["Auto Shields","Fission"],"picked":"White Noise","floor":46.0},{"not_picked":["Leap+1","Rebound+1","Turbo"],"picked":"SKIP","floor":48.0}],"player_experience":631151,"relics_obtained":[{"floor":6.0,"key":"Whetstone"},{"floor":9.0,"key":"MawBank"},{"floor":10.0,"key":"Oddly Smooth Stone"},{"floor":14.0,"key":"Blood Vial"},{"floor":19.0,"key":"Enchiridion"},{"floor":23.0,"key":"Shovel"},{"floor":25.0,"key":"Molten Egg 2"},{"floor":26.0,"key":"Gremlin Horn"},{"floor":29.0,"key":"Happy Flower"},{"floor":31.0,"key":"Pear"},{"floor":38.0,"key":"Mango"},{"floor":40.0,"key":"Tiny Chest"},{"floor":43.0,"key":"War Paint"},{"floor":44.0,"key":"Omamori"},{"floor":48.0,"key":"Mercury Hourglass"}],"event_choices":[{"damage_healed":0.0,"max_hp_gain":0.0,"max_hp_loss":0.0,"gold_gain":0.0,"event_name":"Living Wall","player_choice":"Grow","floor":3.0,"gold_loss":0.0,"damage_taken":0.0,"cards_upgraded":["Zap"]},{"cards_removed":["Strike_B"],"damage_healed":0.0,"max_hp_gain":0.0,"max_hp_loss":0.0,"gold_gain":0.0,"event_name":"Golden Wing","player_choice":"Card Removal","floor":4.0,"gold_loss":0.0,"damage_taken":7.0},{"damage_healed":0.0,"max_hp_gain":0.0,"max_hp_loss":0.0,"gold_gain":0.0,"event_name":"Cursed Tome","player_choice":"Obtained Book","floor":19.0,"gold_loss":0.0,"damage_taken":21.0},{"damage_healed":0.0,"max_hp_gain":0.0,"max_hp_loss":0.0,"gold_gain":0.0,"event_name":"Mysterious Sphere","player_choice":"Fight","floor":38.0,"gold_loss":0.0,"damage_taken":0.0},{"cards_removed":["Cold Snap"],"damage_healed":0.0,"max_hp_gain":0.0,"max_hp_loss":0.0,"gold_gain":0.0,"event_name":"Falling","player_choice":"Removed Attack","floor":39.0,"gold_loss":0.0,"damage_taken":0.0}],"is_beta":false,"boss_relics":[{"not_picked":["Calling Bell","Orrery"],"picked":"Runic Pyramid"},{"not_picked":["Eternal Feather","White Beast Statue"],"picked":"Nuclear Battery"}],"items_purged_floors":[20,36,41],"is_endless":false,"potions_floor_spawned":[2,10,12,16,18,21,27,29,33,38,44,45],"ascension_level":20}