{"gold_per_floor":[117,132,3,3,21,21,81,81,81,131,257,271,96,108,108,212,212,230,105,155,224,237,237,254,320,320,331,134,134],"floor_reached":29,"playtime":1087,"items_purged":["Strike_R","Strike_R","Strike_R"],"score":329,"play_id":"0209351c-3892-4b9e-b623-95409c238ab1","local_time":"20190509102419","is_ascension_mode":true,"campfire_choices":[{"data":"Bash","floor":6,"key":"SMITH"},{"data":"Rage","floor":8,"key":"SMITH"},{"data":"Whirlwind","floor":15,"key":"SMITH"},{"data":"Demon Form","floor":23,"key":"SMITH"}],"neow_cost":"NONE","seed_source_timestamp":3092540215000,"circlet_count":0,"master_deck":["AscendersBane","Strike_R+1","Strike_R+1","Defend_R","Defend_R","Defend_R","Defend_R","Bash+1","Rage+1","Iron Wave","Cleave","Anger","Demon Form+1","Whirlwind+1","Inflame","Headbutt","Rage+1"],"relics":["Burning Blood","SsserpentHead","Peace Pipe","Lizard Tail","Shuriken","Chemical X"],"potions_floor_usage":[16,22,27,29],"damage_taken":[{"damage":10,"enemies":"Small Slimes","floor":1,"turns":4},{"damage":1,"enemies":"Cultist","floor":2,"turns":4},{"damage":13,"enemies":"Jaw Worm","floor":5,"turns":5},{"damage":17,"enemies":"Looter","floor":7,"turns":3},{"damage":6,"enemies":"Exordium Wildlife","floor":12,"turns":4},{"damage":0,"enemies":"Lots of Slimes","floor":14,"turns":1},{"damage":13,"enemies":"Slime Boss","floor":16,"turns":8},{"damage":32,"enemies":"Chosen","floor":18,"turns":5},{"damage":18,"enemies":"Spheric Guardian","floor":21,"turns":5},{"damage":44,"enemies":"Snake Plant","floor":22,"turns":6},{"damage":29,"enemies":"Cultist and Chosen","floor":24,"turns":6},{"damage":17,"enemies":"3 Cultists","floor":25,"turns":4},{"damage":12,"enemies":"Centurion and Healer","floor":27,"turns":6},{"damage":14,"enemies":"Gremlin Leader","floor":29,"turns":2}],"seed_played":"-2675254259285852977","potions_obtained":[{"floor":1,"key":"Swift Potion"},{"floor":2,"key":"Weak Potion"},{"floor":14,"key":"GamblersBrew"},{"floor":22,"key":"LiquidBronze"},{"floor":27,"key":"SpeedPotion"}],"is_trial":false,"path_per_floor":["M","M","$","?","M","R","M","R","T","?","?","M","$","M","R","B",null,"M","$","?","M","M","R","M","M","T","M","$","E"],"character_chosen":"IRONCLAD","items_purchased":["Cleave","Whirlwind","Chemical X"],"campfire_rested":0,"item_purchase_floors":[3,13,28],"current_hp_per_floor":[76,81,81,81,74,74,63,63,63,45,45,45,45,51,51,44,77,51,51,51,39,49,49,26,15,15,9,9,0],"gold":134,"neow_bonus":"TEN_PERCENT_HP_BONUS","is_prod":false,"is_daily":false,"chose_seed":false,"campfire_upgraded":4,"win_rate":0,"timestamp":1557411859,"path_taken":["M","M","$","?","M","R","?","R","T","?","?","M","$","M","R","BOSS","M","$","?","?","M","R","M","?","T","M","$","E"],"build_version":"2019-01-23","purchased_purges":3,"victory":false,"max_hp_per_floor":[88,88,88,88,88,88,88,88,88,88,88,88,88,88,88,88,88,88,88,88,88,88,88,88,88,88,88,88,88],"card_choices":[{"not_picked":["Evolve","Iron Wave"],"picked":"Rage","floor":1},{"not_picked":["Metallicize","Headbutt"],"picked":"Iron Wave","floor":2},{"not_picked":["True Grit","Iron Wave","Disarm"],"picked":"SKIP","floor":5},{"not_picked":["Bloodletting","Perfected Strike"],"picked":"Anger","floor":7},{"not_picked":["Headbutt","Anger"],"picked":"Demon Form","floor":12},{"not_picked":["Dual Wield","Second Wind"],"picked":"Inflame","floor":14},{"not_picked":["Carnage","Seeing Red"],"picked":"Headbutt","floor":18},{"not_picked":["Thunderclap","Infernal Blade","Carnage"],"picked":"SKIP","floor":21},{"not_picked":["Headbutt","Cleave","Reckless Charge+1"],"picked":"SKIP","floor":22},{"not_picked":["Flex+1","Infernal Blade","Searing Blow"],"picked":"SKIP","floor":24},{"not_picked":["Clash","Warcry","Sever Soul+1"],"picked":"SKIP","floor":25},{"not_picked":["Perfected Strike","Bludgeon","Pommel Strike"],"picked":"SKIP","floor":27}],"player_experience":219430,"relics_obtained":[{"floor":9,"key":"Peace Pipe"},{"floor":26,"key":"Shuriken"}],"event_choices":[{"damage_healed":0,"gold_gain":0,"player_choice":"Trade","damage_taken":0,"relics_obtained":["SsserpentHead"],"max_hp_gain":0,"max_hp_loss":0,"event_name":"FaceTrader","floor":4,"gold_loss":0},{"damage_healed":0,"gold_gain":0,"player_choice":"Entered Light","damage_taken":18,"max_hp_gain":0,"max_hp_loss":0,"event_name":"Shining Light","floor":10,"gold_loss":0,"cards_upgraded":["Strike_R","Strike_R"]},{"damage_healed":0,"gold_gain":76,"player_choice":"Gained Gold","damage_taken":0,"max_hp_gain":0,"max_hp_loss":0,"event_name":"Golden Wing","floor":11,"gold_loss":0},{"damage_healed":0,"gold_gain":0,"player_choice":"Copied","damage_taken":0,"max_hp_gain":0,"max_hp_loss":0,"event_name":"Duplicator","floor":20,"gold_loss":0,"cards_obtained":["Rage"]}],"is_beta":false,"boss_relics":[{"not_picked":["Eternal Feather","Calling Bell"],"picked":"Lizard Tail"}],"items_purged_floors":[3,13,19],"is_endless":false,"potions_floor_spawned":[1,2,14,22,27],"killed_by":"Gremlin Leader","ascension_level":10}