{"gold_per_floor":[111,5,15,15,190,190,201,19,19,19,49,49,62,91,91,165,165,184,184,109,129,29,61,61,88,156,156,172,183,143,157,157,157],"floor_reached":33,"playtime":1586,"items_purged":["Strike_R","Strike_R"],"score":506,"play_id":"20c8da71-c383-404e-947d-51ebf9b3ecd8","local_time":"20190531185641","is_ascension_mode":true,"campfire_choices":[{"data":"Bash","floor":6,"key":"SMITH"},{"data":"Flame Barrier","floor":12,"key":"SMITH"},{"data":"Cleave","floor":15,"key":"SMITH"},{"data":"Fiend Fire","floor":24,"key":"SMITH"},{"floor":27,"key":"REST"},{"data":"Metallicize","floor":32,"key":"SMITH"}],"neow_cost":"NONE","seed_source_timestamp":2062494132299,"circlet_count":0,"master_deck":["AscendersBane","Strike_R","Strike_R+1","Strike_R","Defend_R","Defend_R","Defend_R","Defend_R","Bash+1","Flame Barrier+1","Iron Wave","Iron Wave","Metallicize+1","Armaments","Cleave+1","Feed","Shrug It Off","Carnage+1","Fiend Fire+1","Headbutt+1","RitualDagger","Shrug It Off","Clumsy","Flame Barrier","Disarm"],"relics":["Burning Blood","Singing Bowl","Mercury Hourglass","Cursed Key","Bag of Preparation","Regal Pillow","Pantograph"],"potions_floor_usage":[23,23,28,31],"damage_taken":[{"damage":0,"enemies":"2 Louse","floor":1,"turns":3},{"damage":0,"enemies":"Small Slimes","floor":3,"turns":4},{"damage":7,"enemies":"Cultist","floor":7,"turns":5},{"damage":9,"enemies":"Lots of Slimes","floor":13,"turns":3},{"damage":9,"enemies":"3 Sentries","floor":14,"turns":9},{"damage":17,"enemies":"Slime Boss","floor":16,"turns":10},{"damage":17,"enemies":"Spheric Guardian","floor":18,"turns":5},{"damage":12,"enemies":"3 Byrds","floor":21,"turns":4},{"damage":26,"enemies":"Gremlin Leader","floor":23,"turns":8},{"damage":31,"enemies":"Slavers","floor":25,"turns":7},{"damage":12,"enemies":"Cultist and Chosen","floor":28,"turns":6},{"damage":14,"enemies":"Centurion and Healer","floor":29,"turns":7},{"damage":12,"enemies":"Shelled Parasite and Fungi","floor":31,"turns":5},{"damage":70,"enemies":"Champ","floor":33,"turns":9}],"seed_played":"-5193658642842625190","potions_obtained":[{"floor":3,"key":"Weak Potion"},{"floor":13,"key":"Weak Potion"},{"floor":18,"key":"SpeedPotion"},{"floor":25,"key":"SpeedPotion"},{"floor":28,"key":"SpeedPotion"},{"floor":29,"key":"SkillPotion"}],"is_trial":false,"path_per_floor":["M","$","M","?","?","R","M","$","T","?","?","R","M","E","R","B",null,"M","?","$","M","$","E","R","E","T","R","M","M","?","M","R","B"],"character_chosen":"IRONCLAD","items_purchased":["Iron Wave","Metallicize","Feed","Shrug It Off"],"campfire_rested":1,"item_purchase_floors":[2,2,8,8],"current_hp_per_floor":[74,74,75,75,75,75,74,74,74,67,67,67,67,69,69,58,77,66,60,60,57,57,39,39,19,19,61,55,49,49,43,43,0],"gold":157,"neow_bonus":"THREE_CARDS","is_prod":false,"is_daily":false,"chose_seed":false,"campfire_upgraded":5,"win_rate":0,"timestamp":1559343401,"path_taken":["M","$","M","?","?","R","M","$","T","?","?","R","M","E","R","BOSS","M","?","$","M","$","E","R","E","T","R","M","M","?","?","R","BOSS"],"build_version":"2019-01-23","purchased_purges":2,"victory":false,"max_hp_per_floor":[75,75,75,75,75,75,75,75,75,75,75,75,78,83,83,83,83,83,83,83,86,86,88,88,93,93,93,93,95,95,95,95,95],"card_choices":[{"not_picked":["Clash","Reckless Charge"],"picked":"Flame Barrier","floor":0},{"not_picked":["Warcry","Thunderclap"],"picked":"Iron Wave","floor":1},{"not_picked":["Sword Boomerang","Power Through"],"picked":"Armaments","floor":3},{"not_picked":["Wild Strike","Pummel"],"picked":"Cleave","floor":7},{"not_picked":["Twin Strike","Flex"],"picked":"Carnage","floor":13},{"not_picked":["Battle Trance","Limit Break","Flex"],"picked":"Singing Bowl","floor":14},{"not_picked":["Berserk","Impervious"],"picked":"Fiend Fire","floor":16},{"not_picked":["Searing Blow","Havoc"],"picked":"Headbutt+1","floor":18},{"not_picked":["Spot Weakness","Sword Boomerang"],"picked":"Shrug It Off","floor":21},{"not_picked":["Rupture+1","True Grit","Sever Soul"],"picked":"Singing Bowl","floor":23},{"not_picked":["Carnage","Dropkick","Feed"],"picked":"Singing Bowl","floor":25},{"not_picked":["Burning Pact","Armaments"],"picked":"Flame Barrier","floor":28},{"not_picked":["Pommel Strike","Twin Strike","Flame Barrier"],"picked":"Singing Bowl","floor":29},{"not_picked":["Perfected Strike","Clash"],"picked":"Disarm","floor":31}],"player_experience":371601,"relics_obtained":[{"floor":9,"key":"Singing Bowl"},{"floor":14,"key":"Mercury Hourglass"},{"floor":23,"key":"Bag of Preparation"},{"floor":25,"key":"Regal Pillow"},{"floor":26,"key":"Pantograph"}],"event_choices":[{"damage_healed":0,"gold_gain":0,"player_choice":"Leave","damage_taken":0,"max_hp_gain":0,"max_hp_loss":0,"event_name":"The Cleric","floor":4,"gold_loss":0},{"damage_healed":0,"gold_gain":175,"player_choice":"AGREE","damage_taken":0,"max_hp_gain":0,"max_hp_loss":0,"event_name":"Liars Game","floor":5,"gold_loss":0,"cards_obtained":["Doubt"]},{"cards_removed":["Doubt"],"damage_healed":0,"gold_gain":0,"player_choice":"Card Removal","damage_taken":7,"max_hp_gain":0,"max_hp_loss":0,"event_name":"Golden Wing","floor":10,"gold_loss":0},{"damage_healed":0,"gold_gain":30,"player_choice":"Searched \u00271\u0027 times","damage_taken":0,"max_hp_gain":0,"max_hp_loss":0,"event_name":"Dead Adventurer","floor":11,"gold_loss":0},{"damage_healed":0,"gold_gain":0,"player_choice":"Joined the Cult","damage_taken":6,"max_hp_gain":0,"max_hp_loss":0,"event_name":"Nest","floor":19,"gold_loss":0,"cards_obtained":["RitualDagger"]},{"damage_healed":0,"gold_gain":0,"player_choice":"Upgraded Two","damage_taken":0,"max_hp_gain":0,"max_hp_loss":0,"event_name":"Designer","floor":30,"gold_loss":40,"cards_upgraded":["Strike_R","Carnage"]}],"is_beta":false,"boss_relics":[{"not_picked":["Snecko Eye","Orrery"],"picked":"Cursed Key"}],"items_purged_floors":[20,22],"is_endless":false,"potions_floor_spawned":[3,13,18,21,25,28,29],"killed_by":"Champ","ascension_level":14}