{"gold_per_floor":[118,118,132,132,152,191,191,216,216,216,245,266,25,25,25,145,145,145,145,145,145,60,60,15,15,15,15,15,15,15,15,15,15],"floor_reached":33,"playtime":877,"items_purged":[],"score":421,"play_id":"3aa3dee2-c560-44e9-bd85-dc305b74923d","local_time":"20190520114016","is_ascension_mode":true,"campfire_choices":[{"data":"Double Tap","floor":7,"key":"SMITH"},{"data":"Shrug It Off","floor":10,"key":"SMITH"},{"data":"Rage","floor":15,"key":"SMITH"},{"data":"Bash","floor":23,"key":"SMITH"},{"data":"Rampage","floor":29,"key":"SMITH"},{"floor":32,"key":"REST"}],"neow_cost":"NONE","seed_source_timestamp":9231300241100,"circlet_count":0,"master_deck":["AscendersBane","Strike_R","Strike_R+1","Strike_R","Strike_R","Strike_R","Defend_R","Defend_R","Defend_R","Defend_R","Bash+1","Perfected Strike+1","Pommel Strike","Shrug It Off+1","Double Tap+1","Rampage+1","Rage+1","Reaper","Iron Wave","Twin Strike","True Grit+1","Battle Trance","Headbutt"],"relics":["Burning Blood","NeowsBlessing","Golden Idol","Pen Nib","Art of War","Odd Mushroom","Pear","Ectoplasm","Shuriken","Red Mask","Letter Opener","WingedGreaves","Prayer Wheel"],"potions_floor_usage":[25,33],"damage_taken":[{"damage":0,"enemies":"Small Slimes","floor":1,"turns":1},{"damage":0,"enemies":"Jaw Worm","floor":3,"turns":1},{"damage":0,"enemies":"2 Louse","floor":5,"turns":1},{"damage":26,"enemies":"Gremlin Nob","floor":6,"turns":4},{"damage":4,"enemies":"2 Fungi Beasts","floor":8,"turns":2},{"damage":14,"enemies":"The Mushroom Lair","floor":11,"turns":4},{"damage":1,"enemies":"3 Louse","floor":12,"turns":4},{"damage":37,"enemies":"The Guardian","floor":16,"turns":11},{"damage":8,"enemies":"3 Byrds","floor":18,"turns":5},{"damage":39,"enemies":"Masked Bandits","floor":21,"turns":5},{"damage":36,"enemies":"Slavers","floor":25,"turns":6},{"damage":0,"enemies":"Chosen","floor":28,"turns":3},{"damage":18,"enemies":"Snecko","floor":30,"turns":4},{"damage":23,"enemies":"Shelled Parasite and Fungi","floor":31,"turns":4},{"damage":62,"enemies":"Automaton","floor":33,"turns":6}],"seed_played":"2051042049003623526","potions_obtained":[{"floor":6,"key":"Energy Potion"},{"floor":12,"key":"Ancient Potion"},{"floor":25,"key":"Regen Potion"}],"is_trial":false,"path_per_floor":["M","?","M","?","M","E","R","M","T","R","?","M","$","?","R","B",null,"M","?","?","?","?","R","$","E","T","$","M","R","M","M","R","B"],"character_chosen":"IRONCLAD","items_purchased":["Pear","Iron Wave"],"campfire_rested":1,"item_purchase_floors":[13,24],"current_hp_per_floor":[78,62,68,48,54,34,34,36,36,36,28,33,43,43,43,12,71,81,81,81,53,53,53,53,35,35,35,45,45,33,16,43,0],"gold":15,"neow_bonus":"THREE_ENEMY_KILL","is_prod":false,"is_daily":false,"chose_seed":false,"campfire_upgraded":5,"win_rate":0,"timestamp":1558366816,"path_taken":["M","?","M","?","?","E","R","M","T","R","?","M","$","?","R","BOSS","M","?","?","?","?","R","$","E","T","?","M","R","M","M","R","BOSS"],"build_version":"2019-01-23","purchased_purges":0,"victory":false,"max_hp_per_floor":[80,80,80,80,80,80,80,80,80,80,80,80,90,90,90,90,90,90,90,90,90,90,90,90,90,90,90,90,90,90,90,90,90],"card_choices":[{"not_picked":["Flex","Cleave"],"picked":"Perfected Strike","floor":1},{"not_picked":["Heavy Blade","Battle Trance"],"picked":"Pommel Strike","floor":3},{"not_picked":["Uppercut","Intimidate"],"picked":"Shrug It Off","floor":5},{"not_picked":["Flex","Wild Strike"],"picked":"Double Tap","floor":6},{"not_picked":["Wild Strike","Evolve"],"picked":"Rampage","floor":8},{"not_picked":["Infernal Blade","True Grit"],"picked":"Rage","floor":11},{"not_picked":["Rampage","Anger","Burning Pact"],"picked":"SKIP","floor":12},{"not_picked":["Berserk","Demon Form"],"picked":"Reaper","floor":16},{"not_picked":["Warcry","Intimidate","Carnage"],"picked":"SKIP","floor":18},{"not_picked":["Clothesline","Perfected Strike"],"picked":"Twin Strike","floor":25},{"not_picked":["Whirlwind","Clothesline"],"picked":"True Grit+1","floor":28},{"not_picked":["Shockwave","True Grit","Brutality"],"picked":"SKIP","floor":28},{"not_picked":["Sword Boomerang","Warcry+1"],"picked":"Battle Trance","floor":30},{"not_picked":["Infernal Blade","Seeing Red","Flex"],"picked":"SKIP","floor":30},{"not_picked":["Pommel Strike","Twin Strike"],"picked":"Headbutt","floor":31},{"not_picked":["Headbutt","Body Slam","Clothesline"],"picked":"SKIP","floor":31}],"player_experience":320721,"relics_obtained":[{"floor":6,"key":"Pen Nib"},{"floor":9,"key":"Art of War"},{"floor":11,"key":"Odd Mushroom"},{"floor":21,"key":"Red Mask"},{"floor":25,"key":"WingedGreaves"},{"floor":26,"key":"Prayer Wheel"}],"event_choices":[{"damage_healed":0,"gold_gain":0,"player_choice":"Entered Light","damage_taken":16,"max_hp_gain":0,"max_hp_loss":0,"event_name":"Shining Light","floor":2,"gold_loss":0,"cards_upgraded":["Perfected Strike","Strike_R"]},{"damage_healed":0,"gold_gain":0,"player_choice":"Take Damage","damage_taken":20,"relics_obtained":["Golden Idol"],"max_hp_gain":0,"max_hp_loss":0,"event_name":"Golden Idol","floor":4,"gold_loss":0},{"damage_healed":0,"gold_gain":0,"player_choice":"Fought Mushrooms","damage_taken":0,"max_hp_gain":0,"max_hp_loss":0,"event_name":"Mushrooms","floor":11,"gold_loss":0},{"damage_healed":0,"gold_gain":0,"player_choice":"Fled","damage_taken":0,"max_hp_gain":0,"max_hp_loss":0,"event_name":"Scrap Ooze","floor":14,"gold_loss":0},{"damage_healed":0,"gold_gain":0,"player_choice":"Opened","damage_taken":0,"relics_obtained":["Shuriken"],"max_hp_gain":0,"max_hp_loss":0,"event_name":"The Mausoleum","floor":19,"gold_loss":0,"cards_obtained":["Writhe"]},{"cards_removed":["Writhe"],"damage_healed":0,"gold_gain":0,"player_choice":"Elegance","damage_taken":0,"max_hp_gain":0,"max_hp_loss":0,"event_name":"Back to Basics","floor":20,"gold_loss":0},{"damage_healed":0,"gold_gain":0,"player_choice":"Fought Bandits","damage_taken":0,"max_hp_gain":0,"max_hp_loss":0,"event_name":"Masked Bandits","floor":21,"gold_loss":0},{"damage_healed":0,"gold_gain":0,"player_choice":"Obtained Relic","damage_taken":0,"relics_obtained":["Letter Opener"],"max_hp_gain":0,"max_hp_loss":0,"event_name":"Addict","floor":22,"gold_loss":85}],"is_beta":false,"boss_relics":[{"not_picked":["Tiny House","Orrery"],"picked":"Ectoplasm"}],"items_purged_floors":[],"is_endless":false,"potions_floor_spawned":[6,12,16,25,30],"killed_by":"Automaton","ascension_level":12}