{"gold_per_floor":[109,109,125,136,154,154,183,183,183,202,222,222,74,143,143,246,246,265,265,117,144,144,144,175,175,231,231,282,296,296,296,296,296],"floor_reached":33,"playtime":1236,"items_purged":["Strike_R","Strike_R+1"],"score":378,"play_id":"da2ae07f-f4b6-4f0a-b756-fc0e9f5bfbb0","local_time":"20190429014429","is_ascension_mode":true,"campfire_choices":[{"data":"True Grit","floor":6,"key":"SMITH"},{"data":"Battle Trance","floor":8,"key":"SMITH"},{"data":"Iron Wave","floor":12,"key":"SMITH"},{"data":"Iron Wave","floor":15,"key":"SMITH"},{"floor":23,"key":"REST"},{"data":"Flame Barrier","floor":25,"key":"SMITH"},{"floor":32,"key":"REST"}],"neow_cost":"NONE","seed_source_timestamp":3724038107800,"circlet_count":0,"master_deck":["Strike_R+1","Strike_R+1","Strike_R+1","Defend_R+1","Defend_R+1","Defend_R+1","Defend_R+1","Bash+1","Shrug It Off+1","Cleave","True Grit+1","Battle Trance+1","Iron Wave+1","Sword Boomerang","Iron Wave+1","Immolate","Rage","Headbutt","Spot Weakness","Flame Barrier+1"],"relics":["Burning Blood","Kunai","Shuriken","Mark of Pain","Red Mask","Smiling Mask","Sundial","Tiny Chest","Centennial Puzzle","Ornamental Fan"],"potions_floor_usage":[16,33],"damage_taken":[{"damage":0,"enemies":"Small Slimes","floor":1,"turns":3},{"damage":6,"enemies":"Cultist","floor":3,"turns":3},{"damage":1,"enemies":"2 Louse","floor":4,"turns":3},{"damage":12,"enemies":"Large Slime","floor":5,"turns":5},{"damage":33,"enemies":"Gremlin Nob","floor":7,"turns":5},{"damage":1,"enemies":"2 Fungi Beasts","floor":10,"turns":3},{"damage":6,"enemies":"3 Louse","floor":11,"turns":2},{"damage":29,"enemies":"Hexaghost","floor":16,"turns":11},{"damage":6,"enemies":"2 Thieves","floor":18,"turns":4},{"damage":64,"enemies":"Masked Bandits","floor":21,"turns":5},{"damage":20,"enemies":"Gremlin Leader","floor":24,"turns":6},{"damage":3,"enemies":"Shell Parasite","floor":29,"turns":4},{"damage":72,"enemies":"Champ","floor":33,"turns":10}],"seed_played":"4701009599937776357","potions_obtained":[{"floor":7,"key":"SkillPotion"},{"floor":11,"key":"Ancient Potion"},{"floor":24,"key":"Energy Potion"}],"is_trial":false,"path_per_floor":["M","?","M","M","M","R","E","R","T","M","M","R","$","?","R","B",null,"M","?","$","?","?","R","E","R","T","?","T","M","?","T","R","B"],"character_chosen":"IRONCLAD","items_purchased":["Sword Boomerang","Iron Wave","Headbutt"],"campfire_rested":2,"item_purchase_floors":[13,13,20],"current_hp_per_floor":[78,78,78,80,74,74,47,47,47,52,52,52,52,52,52,29,67,67,67,67,9,9,33,19,19,19,19,19,22,22,22,46,0],"gold":296,"neow_bonus":"UPGRADE_CARD","is_prod":false,"is_daily":false,"chose_seed":false,"campfire_upgraded":5,"win_rate":0,"timestamp":1556516669,"path_taken":["M","?","M","M","M","R","E","R","T","M","M","R","?","?","R","BOSS","M","?","$","?","?","R","E","R","T","?","?","?","?","?","R","BOSS"],"build_version":"2019-01-23","purchased_purges":2,"victory":false,"max_hp_per_floor":[80,80,80,80,80,80,80,80,80,80,80,80,80,80,80,80,80,80,80,80,80,80,80,80,80,80,80,80,80,80,80,80,80],"card_choices":[{"not_picked":["Heavy Blade","Warcry"],"picked":"Shrug It Off","floor":1},{"not_picked":["Combust","Iron Wave"],"picked":"Cleave","floor":3},{"not_picked":["Reckless Charge","Fiend Fire","Warcry"],"picked":"SKIP","floor":4},{"not_picked":["Seeing Red","Dropkick"],"picked":"True Grit","floor":5},{"not_picked":["Clothesline","Sword Boomerang"],"picked":"Battle Trance","floor":7},{"not_picked":["Pommel Strike","Searing Blow","Uppercut"],"picked":"SKIP","floor":10},{"not_picked":["Intimidate","Sentinel"],"picked":"Iron Wave","floor":11},{"not_picked":["Barricade","Impervious"],"picked":"Immolate","floor":16},{"not_picked":["Pommel Strike+1","Havoc"],"picked":"Rage","floor":18},{"not_picked":["Clash+1","Havoc"],"picked":"Spot Weakness","floor":21},{"not_picked":["Iron Wave","Power Through"],"picked":"Flame Barrier","floor":24},{"not_picked":["Cleave+1","Clash+1","Twin Strike"],"picked":"SKIP","floor":29}],"player_experience":152680,"relics_obtained":[{"floor":7,"key":"Kunai"},{"floor":9,"key":"Shuriken"},{"floor":21,"key":"Red Mask"},{"floor":24,"key":"Sundial"},{"floor":26,"key":"Tiny Chest"},{"floor":28,"key":"Centennial Puzzle"},{"floor":31,"key":"Ornamental Fan"}],"event_choices":[{"damage_healed":0,"gold_gain":0,"player_choice":"Upgraded","damage_taken":0,"max_hp_gain":0,"max_hp_loss":0,"event_name":"Upgrade Shrine","floor":2,"gold_loss":0,"cards_upgraded":["Shrug It Off"]},{"damage_healed":0,"gold_gain":69,"player_choice":"Gained Gold","damage_taken":0,"max_hp_gain":0,"max_hp_loss":0,"event_name":"Golden Wing","floor":14,"gold_loss":0},{"damage_healed":0,"gold_gain":0,"player_choice":"Simplicity","damage_taken":0,"max_hp_gain":0,"max_hp_loss":0,"event_name":"Back to Basics","floor":19,"gold_loss":0,"cards_upgraded":["Strike_R","Strike_R","Strike_R","Strike_R","Defend_R","Defend_R","Defend_R","Defend_R"]},{"damage_healed":0,"gold_gain":0,"player_choice":"Fought Bandits","damage_taken":0,"max_hp_gain":0,"max_hp_loss":0,"event_name":"Masked Bandits","floor":21,"gold_loss":0},{"damage_healed":0,"gold_gain":0,"player_choice":"Opened","damage_taken":0,"relics_obtained":["Smiling Mask"],"max_hp_gain":0,"max_hp_loss":0,"event_name":"The Mausoleum","floor":22,"gold_loss":0},{"damage_healed":0,"gold_gain":0,"player_choice":"Ignored","damage_taken":0,"max_hp_gain":0,"max_hp_loss":0,"event_name":"Cursed Tome","floor":27,"gold_loss":0},{"damage_healed":0,"gold_gain":0,"player_choice":"Ignored","damage_taken":0,"max_hp_gain":0,"max_hp_loss":0,"event_name":"Ghosts","floor":30,"gold_loss":0}],"is_beta":false,"boss_relics":[{"not_picked":["Coffee Dripper","Empty Cage"],"picked":"Mark of Pain"}],"items_purged_floors":[13,20],"is_endless":false,"potions_floor_spawned":[7,11,24],"killed_by":"Champ","ascension_level":9}