{"gold_per_floor":[119,119,119,69,94,94,104,104,127,127,141,176,208,231,243,354,366,396,333,350,174,194,226,8,18,42,42,60,71,89,100,100,100],"floor_reached":33,"playtime":1426,"items_purged":["Strike_R","Strike_R","Strike_R"],"score":393,"play_id":"c4761e2d-f6ab-4d91-96d7-1704f3419c27","local_time":"20190429145706","is_ascension_mode":true,"campfire_choices":[{"data":"Carnage","floor":6,"key":"SMITH"},{"data":"Iron Wave","floor":8,"key":"SMITH"},{"data":"Defend_R","floor":10,"key":"SMITH"},{"data":"Carnage","floor":15,"key":"SMITH"},{"data":"Spot Weakness","floor":27,"key":"SMITH"},{"data":"True Grit","floor":32,"key":"SMITH"}],"neow_cost":"NONE","seed_source_timestamp":3499198792300,"circlet_count":0,"master_deck":["Strike_R","Defend_R+1","Defend_R","Defend_R","Defend_R","Bash+1","Carnage+1","Iron Wave+1","Shrug It Off","Carnage+1","Reaper","Shrug It Off","Spot Weakness+1","Armaments+1","True Grit+1","Battle Trance","Heavy Blade+1"],"relics":["Burning Blood","Omamori","Lantern","Bronze Scales","MawBank","Busted Crown","Pocketwatch","Vajra"],"potions_floor_usage":[13,16,22,22],"damage_taken":[{"damage":1,"enemies":"2 Louse","floor":1,"turns":3},{"damage":2,"enemies":"Jaw Worm","floor":7,"turns":2},{"damage":0,"enemies":"Cultist","floor":11,"turns":2},{"damage":22,"enemies":"3 Sentries","floor":12,"turns":7},{"damage":10,"enemies":"Gremlin Gang","floor":13,"turns":3},{"damage":17,"enemies":"Lots of Slimes","floor":14,"turns":4},{"damage":41,"enemies":"The Guardian","floor":16,"turns":9},{"damage":11,"enemies":"Spheric Guardian","floor":18,"turns":3},{"damage":7,"enemies":"Chosen","floor":20,"turns":3},{"damage":7,"enemies":"Snake Plant","floor":22,"turns":3},{"damage":23,"enemies":"Slavers","floor":23,"turns":6},{"damage":0,"enemies":"Centurion and Healer","floor":25,"turns":3},{"damage":27,"enemies":"Sentry and Sphere","floor":28,"turns":6},{"damage":16,"enemies":"Cultist and Chosen","floor":29,"turns":4},{"damage":9,"enemies":"Shelled Parasite and Fungi","floor":30,"turns":3},{"damage":14,"enemies":"Sentry and Sphere","floor":31,"turns":5},{"damage":79,"enemies":"Champ","floor":33,"turns":9}],"seed_played":"-3863787536722885382","potions_obtained":[{"floor":1,"key":"Poison Potion"},{"floor":11,"key":"Fire Potion"},{"floor":13,"key":"Dexterity Potion"},{"floor":20,"key":"Energy Potion"},{"floor":23,"key":"LiquidBronze"},{"floor":28,"key":"FairyPotion"},{"floor":30,"key":"Explosive Potion"}],"is_trial":false,"path_per_floor":["M","?","?","?","T","R","M","R","T","R","M","E","M","M","R","B",null,"M","$","M","$","M","E","$","M","T","R","M","M","M","M","R","B"],"character_chosen":"IRONCLAD","items_purchased":["Spot Weakness","True Grit","Battle Trance"],"campfire_rested":0,"item_purchase_floors":[21,24,24],"current_hp_per_floor":[77,82,79,79,79,79,83,83,83,83,85,69,65,54,54,19,69,68,68,67,67,69,52,52,58,58,58,37,45,52,44,44,0],"gold":100,"neow_bonus":"UPGRADE_CARD","is_prod":false,"is_daily":false,"chose_seed":false,"campfire_upgraded":6,"win_rate":0,"timestamp":1556564226,"path_taken":["M","?","?","?","?","R","?","R","T","R","M","E","M","M","R","BOSS","M","$","M","$","?","E","$","?","T","R","?","M","M","M","R","BOSS"],"build_version":"2019-01-23","purchased_purges":3,"victory":false,"max_hp_per_floor":[80,85,85,85,85,85,85,85,85,85,85,85,85,85,85,85,85,85,85,85,85,85,85,85,85,85,85,85,85,85,85,85,85],"card_choices":[{"not_picked":["Pommel Strike","Bloodletting"],"picked":"Carnage","floor":1},{"not_picked":["Metallicize","Perfected Strike"],"picked":"Iron Wave","floor":7},{"not_picked":["Combust","Reckless Charge"],"picked":"Shrug It Off","floor":11},{"not_picked":["Armaments","Flex","Anger"],"picked":"SKIP","floor":12},{"not_picked":["Flex","Metallicize"],"picked":"Carnage","floor":13},{"not_picked":["Thunderclap","Metallicize","Cleave"],"picked":"SKIP","floor":14},{"not_picked":["Berserk","Dark Embrace"],"picked":"Reaper","floor":16},{"not_picked":[],"picked":"Shrug It Off","floor":18},{"not_picked":["Shrug It Off"],"picked":"SKIP","floor":20},{"not_picked":["Pommel Strike"],"picked":"SKIP","floor":22},{"not_picked":[],"picked":"Armaments+1","floor":23},{"not_picked":[],"picked":"Heavy Blade+1","floor":25},{"not_picked":["Anger"],"picked":"SKIP","floor":28},{"not_picked":["Anger"],"picked":"SKIP","floor":29},{"not_picked":["Dual Wield+1"],"picked":"SKIP","floor":30},{"not_picked":["Infernal Blade"],"picked":"SKIP","floor":31}],"player_experience":161814,"relics_obtained":[{"floor":5,"key":"Lantern"},{"floor":9,"key":"Bronze Scales"},{"floor":12,"key":"MawBank"},{"floor":23,"key":"Pocketwatch"},{"floor":26,"key":"Vajra"}],"event_choices":[{"damage_healed":0,"gold_gain":0,"player_choice":"Donut","damage_taken":0,"max_hp_gain":5,"max_hp_loss":0,"event_name":"Big Fish","floor":2,"gold_loss":0},{"damage_healed":0,"gold_gain":0,"player_choice":"Success","damage_taken":3,"relics_obtained":["Omamori"],"max_hp_gain":0,"max_hp_loss":0,"event_name":"Scrap Ooze","floor":3,"gold_loss":0},{"cards_removed":["Strike_R"],"damage_healed":0,"gold_gain":0,"player_choice":"Card Removal","damage_taken":0,"max_hp_gain":0,"max_hp_loss":0,"event_name":"The Cleric","floor":4,"gold_loss":50}],"is_beta":false,"boss_relics":[{"not_picked":["Empty Cage","Lizard Tail"],"picked":"Busted Crown"}],"items_purged_floors":[19,21,24],"is_endless":false,"potions_floor_spawned":[1,11,13,20,23,28,30],"killed_by":"Champ","ascension_level":9}