{"gold_per_floor":[119,132,144,164,164,198,208,208,253,253,264,189,189,14,14,115,115,133,151,167,42,42],"floor_reached":22,"playtime":1236,"items_purged":["Strike_R","Strike_R","Strike_R"],"score":291,"play_id":"23ba0931-94ac-4a59-aaec-51931669c105","local_time":"20190510163208","is_ascension_mode":true,"campfire_choices":[{"data":"Flex","floor":8,"key":"SMITH"},{"floor":10,"key":"REST"},{"data":"Spot Weakness","floor":13,"key":"SMITH"},{"data":"Metallicize","floor":15,"key":"SMITH"}],"neow_cost":"NONE","seed_source_timestamp":21658546258900,"circlet_count":0,"master_deck":["AscendersBane","Strike_R","Strike_R","Defend_R","Defend_R","Defend_R","Defend_R","Bash+1","Pummel","Rage","Disarm","True Grit","Metallicize+1","Clothesline","Flex+1","Spot Weakness+1","Carnage"],"relics":["Black Blood","Juzu Bracelet","PreservedInsect"],"potions_floor_usage":[16,18],"damage_taken":[{"damage":6,"enemies":"Cultist","floor":1,"turns":4},{"damage":3,"enemies":"Jaw Worm","floor":2,"turns":4},{"damage":5,"enemies":"Small Slimes","floor":3,"turns":5},{"damage":9,"enemies":"Red Slaver","floor":4,"turns":6},{"damage":33,"enemies":"3 Sentries","floor":6,"turns":14},{"damage":29,"enemies":"Gremlin Gang","floor":7,"turns":8},{"damage":7,"enemies":"Blue Slaver","floor":11,"turns":4},{"damage":22,"enemies":"The Guardian","floor":16,"turns":8},{"damage":9,"enemies":"2 Thieves","floor":18,"turns":4},{"damage":12,"enemies":"Chosen","floor":19,"turns":2},{"damage":19,"enemies":"Centurion and Healer","floor":20,"turns":9},{"damage":70,"enemies":"3 Cultists","floor":22,"turns":5}],"seed_played":"6380545419622072791","potions_obtained":[{"floor":1,"key":"Block Potion"},{"floor":3,"key":"FearPotion"},{"floor":6,"key":"PowerPotion"}],"is_trial":false,"path_per_floor":["M","M","M","M","?","E","M","R","T","R","M","$","R","$","R","B",null,"M","M","M","$","M"],"character_chosen":"IRONCLAD","items_purchased":["Carnage"],"campfire_rested":1,"item_purchase_floors":[14],"current_hp_per_floor":[72,75,76,73,73,46,23,23,23,47,46,46,46,46,46,30,68,69,67,58,58,0],"gold":42,"neow_bonus":"THREE_CARDS","is_prod":false,"is_daily":false,"chose_seed":false,"campfire_upgraded":3,"win_rate":0,"timestamp":1557520328,"path_taken":["M","M","?","M","?","E","M","R","T","R","M","$","R","?","R","BOSS","M","M","M","$","M"],"build_version":"2019-01-23","purchased_purges":3,"victory":false,"max_hp_per_floor":[80,80,80,80,80,80,80,80,80,80,80,80,80,80,80,80,80,80,80,80,80,80],"card_choices":[{"not_picked":["Havoc","Hemokinesis"],"picked":"Pummel","floor":0},{"not_picked":["Wild Strike","Battle Trance"],"picked":"Rage","floor":1},{"not_picked":["Hemokinesis","Reckless Charge"],"picked":"Disarm","floor":2},{"not_picked":["Metallicize","Shockwave"],"picked":"True Grit","floor":3},{"not_picked":["Cleave","Power Through"],"picked":"Metallicize","floor":4},{"not_picked":["Perfected Strike","Pummel"],"picked":"Clothesline","floor":6},{"not_picked":["Perfected Strike","Shrug It Off"],"picked":"Flex","floor":7},{"not_picked":["Sword Boomerang","Clothesline"],"picked":"Spot Weakness","floor":11},{"not_picked":["Anger","Sever Soul+1","Body Slam"],"picked":"SKIP","floor":18},{"not_picked":["Fire Breathing+1","Reckless Charge+1","Rage"],"picked":"SKIP","floor":19},{"not_picked":["Flex","Thunderclap+1","Perfected Strike"],"picked":"SKIP","floor":20}],"player_experience":239100,"relics_obtained":[{"floor":6,"key":"Juzu Bracelet"},{"floor":9,"key":"PreservedInsect"}],"event_choices":[{"damage_healed":0,"gold_gain":0,"player_choice":"Upgraded","damage_taken":0,"max_hp_gain":0,"max_hp_loss":0,"event_name":"Upgrade Shrine","floor":5,"gold_loss":0,"cards_upgraded":["Bash"]}],"is_beta":false,"boss_relics":[{"not_picked":["Astrolabe","White Beast Statue"],"picked":"Black Blood"}],"items_purged_floors":[12,14,21],"is_endless":false,"potions_floor_spawned":[1,3,6,7],"killed_by":"3 Cultists","ascension_level":11}