{"gold_per_floor":[117,130,80,80,92,92,125,139,139,165,165,165,180,195,195,291,291,310,5,104,123,123,123,138,138,206,206,206,221,221],"floor_reached":30,"playtime":1204,"items_purged":["Strike_B"],"score":348,"play_id":"f1fb557a-1a54-4e33-8e46-5958df6c0959","local_time":"20190905194910","is_ascension_mode":true,"campfire_choices":[{"data":"Defragment","floor":6.0,"key":"SMITH"},{"floor":12.0,"key":"REST"},{"floor":15.0,"key":"REST"},{"data":"Zap","floor":23.0,"key":"SMITH"},{"data":"Redo","floor":25.0,"key":"SMITH"}],"neow_cost":"NONE","seed_source_timestamp":1687999778445800,"circlet_count":0,"master_deck":["Strike_B","Strike_B","Defend_B","Defend_B","Defend_B","Zap+1","Dualcast","Redo+1","Defragment+1","Ball Lightning","FTL","Genetic Algorithm","Go for the Eyes","Beam Cell","Gash","Seek","FTL+1","Redo+1","Gash","Steam"],"special_seed":0,"relics":["Cracked Core","Smiling Mask","Shuriken","Unceasing Top","Nuclear Battery","Bottled Tornado","Matryoshka"],"potions_floor_usage":[30,30,30],"damage_taken":[{"damage":3.0,"enemies":"Small Slimes","floor":1.0,"turns":2.0},{"damage":9.0,"enemies":"2 Louse","floor":2.0,"turns":3.0},{"damage":0.0,"enemies":"Cultist","floor":5.0,"turns":3.0},{"damage":17.0,"enemies":"Gremlin Nob","floor":7.0,"turns":4.0},{"damage":1.0,"enemies":"Looter","floor":8.0,"turns":2.0},{"damage":25.0,"enemies":"Lagavulin","floor":10.0,"turns":7.0},{"damage":1.0,"enemies":"Blue Slaver","floor":13.0,"turns":4.0},{"damage":8.0,"enemies":"Large Slime","floor":14.0,"turns":4.0},{"damage":31.0,"enemies":"The Guardian","floor":16.0,"turns":11.0},{"damage":0.0,"enemies":"3 Byrds","floor":18.0,"turns":3.0},{"damage":18.0,"enemies":"2 Thieves","floor":21.0,"turns":3.0},{"damage":0.0,"enemies":"Snake Plant","floor":24.0,"turns":2.0},{"damage":1.0,"enemies":"3 Cultists","floor":29.0,"turns":3.0},{"damage":32,"enemies":"Snecko","floor":30,"turns":6}],"seed_played":"1710979629493669104","potions_obtained":[{"floor":1.0,"key":"Swift Potion"},{"floor":2.0,"key":"SteroidPotion"},{"floor":11.0,"key":"Weak Potion"},{"floor":11.0,"key":"Block Potion"},{"floor":11.0,"key":"Dexterity Potion"},{"floor":14.0,"key":"FocusPotion"}],"is_trial":false,"path_per_floor":["M","M","?","?","M","R","E","M","T","E","?","R","M","M","R","B",null,"M","$","?","M","?","R","M","R","T","?","?","M","M"],"character_chosen":"DEFECT","items_purchased":["Bottled Tornado"],"campfire_rested":2,"item_purchase_floors":[19],"current_hp_per_floor":[65,56,56,56,56,56,39,38,38,13,13,35,34,26,48,17,61,61,61,61,43,43,43,43,43,43,29,29,28,0],"gold":221,"neow_bonus":"THREE_CARDS","is_prod":false,"is_daily":false,"chose_seed":false,"campfire_upgraded":3,"win_rate":0,"timestamp":1567738150,"path_taken":["M","M","?","?","M","R","E","M","T","E","?","R","?","M","R","BOSS","M","$","?","M","?","R","M","R","T","?","?","?","M"],"build_version":"2019-07-17","purchased_purges":1,"victory":false,"max_hp_per_floor":[75,75,75,75,75,75,75,75,75,75,75,75,75,75,75,75,75,75,75,75,75,75,75,75,75,75,80,80,80,80],"card_choices":[{"not_picked":["Streamline","Leap"],"picked":"Redo","floor":0.0},{"not_picked":["Turbo","Self Repair"],"picked":"Defragment","floor":1.0},{"not_picked":["Leap","Turbo"],"picked":"Ball Lightning","floor":2.0},{"not_picked":["Chaos","Go for the Eyes"],"picked":"FTL","floor":5.0},{"not_picked":["Steam Power","Steam"],"picked":"Genetic Algorithm","floor":7.0},{"not_picked":["Storm","Leap"],"picked":"Go for the Eyes","floor":8.0},{"not_picked":["White Noise","Stack","Leap"],"picked":"SKIP","floor":10.0},{"not_picked":["Leap","Tempest"],"picked":"Beam Cell","floor":13.0},{"not_picked":["Conserve Battery","Rainbow"],"picked":"Gash","floor":14.0},{"not_picked":["Fission","Core Surge"],"picked":"Seek","floor":16.0},{"not_picked":["Coolheaded","Self Repair"],"picked":"FTL+1","floor":18.0},{"not_picked":["Hologram","Conserve Battery"],"picked":"Redo+1","floor":21.0},{"not_picked":["Buffer","Leap+1"],"picked":"Gash","floor":24.0},{"not_picked":["Consume+1","Loop"],"picked":"Steam","floor":29.0}],"player_experience":261175,"relics_obtained":[{"floor":7.0,"key":"Smiling Mask"},{"floor":9.0,"key":"Shuriken"},{"floor":10.0,"key":"Unceasing Top"},{"floor":26.0,"key":"Matryoshka"}],"event_choices":[{"cards_removed":["Strike_B"],"damage_healed":0.0,"max_hp_gain":0.0,"max_hp_loss":0.0,"gold_gain":0.0,"event_name":"The Cleric","player_choice":"Card Removal","floor":3.0,"gold_loss":50.0,"damage_taken":0.0},{"damage_healed":0.0,"max_hp_gain":0.0,"max_hp_loss":0.0,"gold_gain":0.0,"event_name":"Liars Game","player_choice":"Ignored","floor":4.0,"gold_loss":0.0,"damage_taken":0.0},{"damage_healed":0.0,"max_hp_gain":0.0,"max_hp_loss":0.0,"gold_gain":0.0,"event_name":"Lab","player_choice":"Got Potions","floor":11.0,"gold_loss":0.0,"damage_taken":0.0},{"damage_healed":0.0,"max_hp_gain":0.0,"max_hp_loss":0.0,"gold_gain":99.0,"event_name":"Nest","player_choice":"Stole From Cult","floor":20.0,"gold_loss":0.0,"damage_taken":0.0},{"cards_removed":["Defend_B"],"damage_healed":0.0,"max_hp_gain":0.0,"max_hp_loss":0.0,"gold_gain":0.0,"event_name":"Back to Basics","player_choice":"Elegance","floor":22.0,"gold_loss":0.0,"damage_taken":0.0},{"damage_healed":0.0,"max_hp_gain":5.0,"max_hp_loss":0.0,"gold_gain":0.0,"event_name":"Forgotten Altar","player_choice":"Shed Blood","floor":27.0,"gold_loss":0.0,"damage_taken":19.0},{"damage_healed":0.0,"max_hp_gain":0.0,"max_hp_loss":0.0,"gold_gain":0.0,"event_name":"Vampires","player_choice":"Ignored","floor":28.0,"gold_loss":0.0,"damage_taken":0.0}],"is_beta":false,"boss_relics":[{"not_picked":["Runic Pyramid","Orrery"],"picked":"Nuclear Battery"}],"items_purged_floors":[19],"is_endless":false,"potions_floor_spawned":[1,2,14,16,21,24],"killed_by":"Snecko","ascension_level":9}