{"gold_per_floor":[119,119,129,142,152,152,187,187,240,240],"floor_reached":10,"playtime":638,"items_purged":[],"score":78,"play_id":"2b89b43d-1d67-434d-ab66-f1ae5fec168b","local_time":"20190707190255","is_ascension_mode":true,"campfire_choices":[{"data":"Defragment","floor":6,"key":"SMITH"},{"floor":8,"key":"REST"}],"neow_cost":"TEN_PERCENT_HP_LOSS","seed_source_timestamp":1316415235847539,"circlet_count":0,"master_deck":["Strike_B","Strike_B","Strike_B","Strike_B","Defend_B","Defend_B","Defend_B","Defend_B","Zap","Dualcast","Defragment+1","Reprogram","Thunder Strike","Redo"],"relics":["Cracked Core","Turnip","Darkstone Periapt","Bronze Scales","Bag of Preparation"],"potions_floor_usage":[],"damage_taken":[{"damage":2,"enemies":"Jaw Worm","floor":1,"turns":3},{"damage":0,"enemies":"Small Slimes","floor":3,"turns":4},{"damage":7,"enemies":"2 Louse","floor":4,"turns":4},{"damage":12,"enemies":"Red Slaver","floor":5,"turns":4},{"damage":35,"enemies":"3 Sentries","floor":7,"turns":10},{"damage":35,"enemies":"Lagavulin","floor":10,"turns":4}],"seed_played":"-4241472883437204752","potions_obtained":[{"floor":5,"key":"SpeedPotion"},{"floor":7,"key":"Regen Potion"}],"is_trial":false,"path_per_floor":["M","?","M","M","M","R","E","R","T","E"],"character_chosen":"DEFECT","items_purchased":[],"campfire_rested":1,"item_purchase_floors":[],"current_hp_per_floor":[66,59,59,52,40,40,5,25,25,0],"gold":240,"neow_bonus":"ONE_RARE_RELIC","is_prod":false,"is_daily":false,"chose_seed":false,"campfire_upgraded":1,"win_rate":0,"timestamp":1562551375,"path_taken":["M","?","M","M","M","R","E","R","T","E"],"build_version":"2019-07-05","purchased_purges":0,"victory":false,"max_hp_per_floor":[68,68,68,68,68,68,68,68,68,68],"card_choices":[{"not_picked":["Steam","Hologram","Leap"],"picked":"SKIP","floor":1},{"not_picked":["Leap","Sweeping Beam"],"picked":"Defragment","floor":3},{"not_picked":["Steam","Streamline"],"picked":"Reprogram","floor":4},{"not_picked":["Rebound","Leap"],"picked":"Thunder Strike","floor":5},{"not_picked":["Steam","Beam Cell"],"picked":"Redo","floor":7}],"player_experience":99956,"relics_obtained":[{"floor":7,"key":"Bronze Scales"},{"floor":9,"key":"Bag of Preparation"}],"event_choices":[{"damage_healed":0,"gold_gain":0,"player_choice":"Success","damage_taken":7,"relics_obtained":["Darkstone Periapt"],"max_hp_gain":0,"max_hp_loss":0,"event_name":"Scrap Ooze","floor":2,"gold_loss":0}],"is_beta":false,"boss_relics":[],"items_purged_floors":[],"is_endless":false,"potions_floor_spawned":[5,7],"killed_by":"Lagavulin","ascension_level":3}