{"gold_per_floor":[110,123,141,155,155,155,181,181,181,200,45,80,80,93,93,93],"floor_reached":16,"playtime":1049,"items_purged":["Strike_G"],"score":224,"play_id":"0289013a-df2d-4ef5-a4bd-c18a6ba167b9","local_time":"20190831083458","is_ascension_mode":true,"campfire_choices":[{"data":"Neutralize","floor":6.0,"key":"SMITH"},{"floor":8.0,"key":"REST"},{"floor":15.0,"key":"REST"}],"neow_cost":"NONE","seed_source_timestamp":0,"circlet_count":0,"master_deck":["AscendersBane","Strike_G","Strike_G","Strike_G","Strike_G","Defend_G","Defend_G","Defend_G","Defend_G","Defend_G","Survivor","Neutralize+1","Dagger Spray+1","Backflip","Quick Slash","Poisoned Stab","Leg Sweep","Backstab","Backflip","Footwork"],"special_seed":0,"relics":["Ring of the Snake","Question Card","Matryoshka","Letter Opener"],"potions_floor_usage":[16],"damage_taken":[{"damage":6.0,"enemies":"2 Louse","floor":1.0,"turns":5.0},{"damage":0.0,"enemies":"Small Slimes","floor":2.0,"turns":4.0},{"damage":1.0,"enemies":"Cultist","floor":3.0,"turns":5.0},{"damage":12.0,"enemies":"Exordium Wildlife","floor":4.0,"turns":7.0},{"damage":45.0,"enemies":"3 Sentries","floor":7.0,"turns":8.0},{"damage":0.0,"enemies":"Red Slaver","floor":10.0,"turns":4.0},{"damage":30.0,"enemies":"Gremlin Nob","floor":12.0,"turns":5.0},{"damage":0.0,"enemies":"3 Louse","floor":14.0,"turns":2.0},{"damage":33,"enemies":"Slime Boss","floor":16,"turns":7}],"seed_played":"-5249285292201580067","potions_obtained":[{"floor":1.0,"key":"Weak Potion"},{"floor":7.0,"key":"FairyPotion"},{"floor":14.0,"key":"Strength Potion"}],"is_trial":false,"path_per_floor":["M","M","M","M","?","R","E","R","T","M","$","E","?","M","R","B"],"character_chosen":"THE_SILENT","items_purchased":["GhostInAJar"],"campfire_rested":2,"item_purchase_floors":[11],"current_hp_per_floor":[59,59,58,46,46,46,1,22,22,22,22,7,7,7,28,0],"gold":93,"neow_bonus":"TEN_PERCENT_HP_BONUS","is_prod":false,"is_daily":false,"chose_seed":false,"campfire_upgraded":1,"win_rate":0,"timestamp":1567265698,"path_taken":["M","M","M","M","?","R","E","R","T","M","$","E","?","?","R","BOSS"],"build_version":"2019-07-17","purchased_purges":1,"victory":false,"max_hp_per_floor":[72,72,72,72,72,72,72,72,72,72,72,72,72,72,72,72],"card_choices":[{"not_picked":["Tactician","Bane"],"picked":"Dagger Spray","floor":1.0},{"not_picked":["Tactician","Deflect"],"picked":"Backflip","floor":2.0},{"not_picked":["Slice","Prepared"],"picked":"Quick Slash","floor":3.0},{"not_picked":["Bullet Time","Terror"],"picked":"Poisoned Stab","floor":4.0},{"not_picked":["Footwork","Bouncing Flask"],"picked":"Leg Sweep","floor":7.0},{"not_picked":["Deadly Poison","Flying Knee","Catalyst"],"picked":"Backstab","floor":10.0},{"not_picked":["Acrobatics","Catalyst","Setup"],"picked":"Backflip","floor":12.0},{"not_picked":["Slice","Poisoned Stab","Sucker Punch"],"picked":"Footwork","floor":14.0}],"player_experience":624379,"relics_obtained":[{"floor":7.0,"key":"Question Card"},{"floor":9.0,"key":"Matryoshka"},{"floor":12.0,"key":"Letter Opener"}],"event_choices":[{"damage_healed":0.0,"max_hp_gain":0.0,"max_hp_loss":0.0,"gold_gain":0.0,"event_name":"Liars Game","player_choice":"Ignored","floor":5.0,"gold_loss":0.0,"damage_taken":0.0},{"damage_healed":0.0,"max_hp_gain":0.0,"max_hp_loss":0.0,"gold_gain":0.0,"event_name":"Upgrade Shrine","player_choice":"Upgraded","floor":13.0,"gold_loss":0.0,"damage_taken":0.0,"cards_upgraded":["Dagger Spray"]}],"is_beta":false,"boss_relics":[],"items_purged_floors":[11],"is_endless":false,"potions_floor_spawned":[1,7,14],"killed_by":"Slime Boss","ascension_level":20}