{"gold_per_floor":[109,284,284,302,377,34,54,73,73,106,106,126,126,138,138,237,237,252,152,152,164,183,183,200,200],"floor_reached":25,"playtime":1089,"items_purged":["Doubt","Strike_R"],"score":358,"play_id":"33432218-a3b1-4bad-bcb8-d41e68dfd08a","local_time":"20190505012207","is_ascension_mode":true,"campfire_choices":[{"data":"Feed","floor":13,"key":"SMITH"},{"floor":15,"key":"REST"},{"data":"Limit Break","floor":23,"key":"SMITH"}],"neow_cost":"NONE","seed_source_timestamp":728892966600,"circlet_count":0,"master_deck":["AscendersBane","Strike_R","Strike_R","Strike_R","Defend_R","Defend_R","Defend_R","Defend_R","Bash","Clothesline","Rage","Headbutt","Cleave","Iron Wave","Feed+1","Inflame","Spot Weakness","Limit Break+1","Rampage","Ghostly Armor"],"relics":["Black Blood","Gremlin Horn","Sundial","Mango"],"potions_floor_usage":[16,24],"damage_taken":[{"damage":15,"enemies":"Small Slimes","floor":1,"turns":4},{"damage":7,"enemies":"Jaw Worm","floor":4,"turns":4},{"damage":0,"enemies":"2 Louse","floor":7,"turns":3},{"damage":15,"enemies":"Blue Slaver","floor":8,"turns":3},{"damage":33,"enemies":"Gremlin Nob","floor":10,"turns":5},{"damage":22,"enemies":"Large Slime","floor":12,"turns":8},{"damage":10,"enemies":"3 Louse","floor":14,"turns":3},{"damage":47,"enemies":"The Guardian","floor":16,"turns":10},{"damage":40,"enemies":"2 Thieves","floor":18,"turns":5},{"damage":19,"enemies":"Shell Parasite","floor":21,"turns":4},{"damage":54,"enemies":"Snecko","floor":22,"turns":7},{"damage":52,"enemies":"Snake Plant","floor":24,"turns":5},{"damage":21,"enemies":"Chosen and Byrds","floor":25,"turns":4}],"seed_played":"1149561816940569872","potions_obtained":[{"floor":7,"key":"LiquidBronze"},{"floor":8,"key":"GamblersBrew"},{"floor":16,"key":"PowerPotion"},{"floor":21,"key":"Dexterity Potion"},{"floor":24,"key":"GamblersBrew"}],"is_trial":false,"path_per_floor":["M","?","?","M","?","$","M","M","T","E","?","M","R","M","R","B",null,"M","$","?","M","M","R","M","M"],"character_chosen":"IRONCLAD","items_purchased":["Gremlin Horn","Headbutt"],"campfire_rested":1,"item_purchase_floors":[6,6],"current_hp_per_floor":[71,71,76,75,64,64,70,61,61,48,41,28,28,28,62,25,95,65,65,104,95,55,55,13,0],"gold":200,"neow_bonus":"TEN_PERCENT_HP_BONUS","is_prod":false,"is_daily":false,"chose_seed":false,"campfire_upgraded":2,"win_rate":0,"timestamp":1557033727,"path_taken":["M","?","?","M","?","$","M","M","T","E","?","M","R","M","R","BOSS","M","$","?","M","M","R","M","M"],"build_version":"2019-01-23","purchased_purges":2,"victory":false,"max_hp_per_floor":[88,88,93,93,93,93,93,93,93,107,107,110,110,114,114,118,118,118,118,118,118,122,122,122,122],"card_choices":[{"not_picked":["Thunderclap","Evolve"],"picked":"Clothesline","floor":1},{"not_picked":["Pummel","Armaments"],"picked":"Rage","floor":4},{"not_picked":["Havoc","Reckless Charge"],"picked":"Cleave","floor":7},{"not_picked":["Pommel Strike","Anger"],"picked":"Iron Wave","floor":8},{"not_picked":["Intimidate","Shockwave"],"picked":"Feed","floor":10},{"not_picked":["Twin Strike","Warcry"],"picked":"Inflame","floor":12},{"not_picked":["Flex","Infernal Blade"],"picked":"Spot Weakness","floor":14},{"not_picked":["Juggernaut","Impervious"],"picked":"Limit Break","floor":16},{"not_picked":["Hemokinesis","Perfected Strike"],"picked":"Rampage","floor":18},{"not_picked":["Sever Soul","Havoc","Clash+1"],"picked":"SKIP","floor":21},{"not_picked":["Armaments+1","Warcry","Rampage+1"],"picked":"SKIP","floor":22},{"not_picked":["Twin Strike","Clash"],"picked":"Ghostly Armor","floor":24}],"player_experience":178935,"relics_obtained":[{"floor":9,"key":"Sundial"},{"floor":10,"key":"Mango"}],"event_choices":[{"damage_healed":0,"gold_gain":175,"player_choice":"AGREE","damage_taken":0,"max_hp_gain":0,"max_hp_loss":0,"event_name":"Liars Game","floor":2,"gold_loss":0,"cards_obtained":["Doubt"]},{"damage_healed":0,"gold_gain":0,"player_choice":"Donut","damage_taken":0,"max_hp_gain":5,"max_hp_loss":0,"event_name":"Big Fish","floor":3,"gold_loss":0},{"damage_healed":0,"gold_gain":75,"player_choice":"Gather Gold","damage_taken":11,"max_hp_gain":0,"max_hp_loss":0,"event_name":"World of Goop","floor":5,"gold_loss":0},{"cards_removed":["Strike_R"],"damage_healed":0,"gold_gain":0,"player_choice":"Card Removal","damage_taken":7,"max_hp_gain":0,"max_hp_loss":0,"event_name":"Golden Wing","floor":11,"gold_loss":0},{"damage_healed":39,"gold_gain":0,"player_choice":"Heal","damage_taken":0,"max_hp_gain":0,"max_hp_loss":0,"event_name":"The Library","floor":20,"gold_loss":0}],"is_beta":false,"boss_relics":[{"not_picked":["Eternal Feather","Velvet Choker"],"picked":"Black Blood"}],"items_purged_floors":[6,19],"is_endless":false,"potions_floor_spawned":[7,8,16,21,24],"killed_by":"Chosen and Byrds","ascension_level":10}