{"gold_per_floor":[112,125,125,143,155,155,186,186,186,111,111,137,137,137,137,209,209,188,17,17,28,44,44,44],"floor_reached":24,"playtime":550,"items_purged":["Strike_R"],"score":402,"play_id":"714e7c24-f3ef-4d75-8b97-abbd9527f5aa","local_time":"20190623150237","is_ascension_mode":true,"campfire_choices":[{"data":"Bash","floor":6,"key":"SMITH"},{"data":"Rampage","floor":11,"key":"SMITH"},{"data":"Armaments","floor":13,"key":"SMITH"},{"data":"Inflame","floor":15,"key":"SMITH"},{"floor":23,"key":"REST"}],"neow_cost":"NONE","seed_source_timestamp":6038056551400,"circlet_count":0,"master_deck":["AscendersBane","Strike_R+1","Strike_R+1","Strike_R","Defend_R","Defend_R","Defend_R","Defend_R","Bash+1","Thunderclap","Armaments+1","Pummel","Rampage+1","Headbutt","Inflame+1","Immolate","Infernal Blade","Shrug It Off","Inflame","Headbutt","Pummel+1"],"relics":["Burning Blood","Mango","StoneCalendar","Pantograph","Lizard Tail"],"potions_floor_usage":[7,14,16,21,21],"damage_taken":[{"damage":11,"enemies":"Jaw Worm","floor":1,"turns":6},{"damage":4,"enemies":"Small Slimes","floor":2,"turns":3},{"damage":6,"enemies":"Cultist","floor":4,"turns":3},{"damage":9,"enemies":"3 Louse","floor":5,"turns":4},{"damage":8,"enemies":"Gremlin Nob","floor":7,"turns":3},{"damage":22,"enemies":"Lagavulin","floor":12,"turns":7},{"damage":17,"enemies":"The Guardian","floor":16,"turns":8},{"damage":31,"enemies":"2 Thieves","floor":18,"turns":4},{"damage":11,"enemies":"3 Byrds","floor":21,"turns":4},{"damage":43,"enemies":"Snake Plant","floor":22,"turns":4},{"damage":120,"enemies":"Slavers","floor":24,"turns":6}],"seed_played":"-4736767644306355768","potions_obtained":[{"floor":1,"key":"Strength Potion"},{"floor":12,"key":"Energy Potion"},{"floor":14,"key":"Fruit Juice"},{"floor":14,"key":"Regen Potion"},{"floor":16,"key":"LiquidBronze"},{"floor":22,"key":"Swift Potion"}],"is_trial":false,"path_per_floor":["M","M","?","M","M","R","E","?","T","?","R","E","R","?","R","B",null,"M","$","?","M","M","R","E"],"character_chosen":"IRONCLAD","items_purchased":["Shrug It Off","Inflame"],"campfire_rested":1,"item_purchase_floors":[19,19],"current_hp_per_floor":[70,72,72,72,69,69,81,52,52,52,52,36,36,41,41,55,90,65,65,65,69,32,62,0],"gold":44,"neow_bonus":"TEN_PERCENT_HP_BONUS","is_prod":false,"is_daily":false,"chose_seed":false,"campfire_upgraded":4,"win_rate":0,"timestamp":1561316557,"path_taken":["M","M","?","M","M","R","E","?","T","?","R","E","R","?","R","BOSS","M","?","?","M","M","R","E"],"build_version":"2019-01-23","purchased_purges":1,"victory":false,"max_hp_per_floor":[82,82,82,82,82,82,96,96,96,96,96,96,96,101,101,101,101,101,101,101,101,101,101,101],"card_choices":[{"not_picked":["Intimidate","Perfected Strike"],"picked":"Thunderclap","floor":1},{"not_picked":["Burning Pact","Anger"],"picked":"Armaments","floor":2},{"not_picked":["Sever Soul","Bloodletting"],"picked":"Pummel","floor":4},{"not_picked":["Hemokinesis","Anger"],"picked":"Rampage","floor":5},{"not_picked":["Demon Form","Hemokinesis"],"picked":"Headbutt","floor":7},{"not_picked":["True Grit","Bloodletting"],"picked":"Inflame","floor":12},{"not_picked":["Feed","Exhume"],"picked":"Immolate","floor":16},{"not_picked":["Cleave","Evolve+1"],"picked":"Infernal Blade","floor":18},{"not_picked":["Flex","Clash"],"picked":"Headbutt","floor":21},{"not_picked":["Havoc","Perfected Strike+1"],"picked":"Pummel+1","floor":22}],"player_experience":408884,"relics_obtained":[{"floor":7,"key":"Mango"},{"floor":9,"key":"StoneCalendar"},{"floor":12,"key":"Pantograph"}],"event_choices":[{"damage_healed":0,"gold_gain":0,"player_choice":"Ignored","damage_taken":0,"max_hp_gain":0,"max_hp_loss":0,"event_name":"Golden Wing","floor":3,"gold_loss":0},{"damage_healed":0,"gold_gain":0,"player_choice":"Entered Light","damage_taken":29,"max_hp_gain":0,"max_hp_loss":0,"event_name":"Shining Light","floor":8,"gold_loss":0,"cards_upgraded":["Strike_R","Strike_R"]},{"cards_removed":["Strike_R"],"damage_healed":0,"gold_gain":0,"player_choice":"Card Removal","damage_taken":0,"max_hp_gain":0,"max_hp_loss":0,"event_name":"The Cleric","floor":10,"gold_loss":75},{"damage_healed":0,"gold_gain":0,"player_choice":"Got Potions","damage_taken":0,"max_hp_gain":0,"max_hp_loss":0,"event_name":"Lab","floor":14,"gold_loss":0},{"damage_healed":0,"gold_gain":0,"player_choice":"Ignored","damage_taken":0,"max_hp_gain":0,"max_hp_loss":0,"event_name":"Vampires","floor":20,"gold_loss":0}],"is_beta":false,"boss_relics":[{"not_picked":["Tiny House","Pandora\u0027s Box"],"picked":"Lizard Tail"}],"items_purged_floors":[19],"is_endless":false,"potions_floor_spawned":[1,12,16,22],"killed_by":"Slavers","ascension_level":17}