{"gold_per_floor":[115,115,0,10,28,28,42,42,114,124,151,151,176,176,176,250,250,265,141,141,157,167,167,180,192,192,206,57,57,72,72,72,146,146,166,166,43,63,78,78,109,109,133,152,169,169,182,208,208,208],"floor_reached":51,"playtime":1356,"items_purged":["Strike_R","Strike_R"],"score":1274,"play_id":"34bcb9d4-45d1-4bea-a32d-bb72183a87e1","local_time":"20190612194822","is_ascension_mode":true,"campfire_choices":[{"data":"Bash","floor":6,"key":"SMITH"},{"data":"Inflame","floor":8,"key":"SMITH"},{"data":"Shrug It Off","floor":12,"key":"SMITH"},{"floor":15,"key":"REST"},{"floor":23,"key":"REST"},{"floor":32,"key":"REST"},{"floor":40,"key":"REST"},{"floor":46,"key":"REST"},{"floor":49,"key":"REST"}],"neow_cost":"NONE","seed_source_timestamp":5974325873800,"circlet_count":0,"master_deck":["AscendersBane","Strike_R","Defend_R","Defend_R","Defend_R","Defend_R","Bash+1","Inflame+1","Shrug It Off+1","Thunderclap","Cleave","Sword Boomerang","Twin Strike+1","Clothesline+1","Feed+1","True Grit","Armaments","Twin Strike+1","Twin Strike+1","Iron Wave+1","Iron Wave+1","Shrug It Off","Inflame+1","Impervious","Shrug It Off","Headbutt+1","Pummel+1","Decay","Ghostly Armor","Armaments","Shockwave+1"],"relics":["Burning Blood","Molten Egg 2","Pen Nib","Du-Vu Doll","Mark of Pain","Pantograph","Strawberry","Incense Burner","Cursed Key","Dead Branch","Vajra","Blood Vial"],"potions_floor_usage":[11,25,41,50,50],"damage_taken":[{"damage":24,"enemies":"Jaw Worm","floor":1,"turns":5},{"damage":9,"enemies":"2 Louse","floor":4,"turns":3},{"damage":1,"enemies":"Cultist","floor":5,"turns":3},{"damage":7,"enemies":"Exordium Wildlife","floor":7,"turns":2},{"damage":22,"enemies":"Gremlin Gang","floor":10,"turns":4},{"damage":11,"enemies":"Gremlin Nob","floor":11,"turns":4},{"damage":20,"enemies":"3 Sentries","floor":13,"turns":5},{"damage":37,"enemies":"The Guardian","floor":16,"turns":9},{"damage":33,"enemies":"2 Thieves","floor":18,"turns":4},{"damage":0,"enemies":"Shell Parasite","floor":21,"turns":2},{"damage":20,"enemies":"Snake Plant","floor":22,"turns":3},{"damage":1,"enemies":"3 Cultists","floor":24,"turns":3},{"damage":24,"enemies":"Snecko","floor":25,"turns":4},{"damage":22,"enemies":"Centurion and Healer","floor":27,"turns":3},{"damage":4,"enemies":"3 Cultists","floor":30,"turns":4},{"damage":70,"enemies":"Collector","floor":33,"turns":11},{"damage":0,"enemies":"Orb Walker","floor":35,"turns":3},{"damage":30,"enemies":"3 Darklings","floor":38,"turns":4},{"damage":52,"enemies":"Writhing Mass","floor":39,"turns":6},{"damage":27,"enemies":"Nemesis","floor":41,"turns":7},{"damage":16,"enemies":"Maw","floor":44,"turns":6},{"damage":0,"enemies":"Transient","floor":45,"turns":5},{"damage":2,"enemies":"3 Darklings","floor":47,"turns":4},{"damage":21,"enemies":"Giant Head","floor":48,"turns":6},{"damage":54,"enemies":"Donu and Deca","floor":50,"turns":8}],"seed_played":"-6245322081722451957","potions_obtained":[{"floor":4,"key":"SpeedPotion"},{"floor":7,"key":"EssenceOfSteel"},{"floor":13,"key":"Energy Potion"},{"floor":27,"key":"EssenceOfSteel"},{"floor":39,"key":"Block Potion"},{"floor":41,"key":"PowerPotion"}],"is_trial":false,"path_per_floor":["M","?","$","M","M","R","M","R","T","M","E","R","E","?","R","B",null,"M","$","?","M","M","R","M","M","T","M","$","?","M","T","R","B",null,"M","?","$","M","M","R","E","?","T","M","M","R","M","E","R","B",null],"character_chosen":"IRONCLAD","items_purchased":["Inflame","Shrug It Off","Armaments","Strawberry","Shrug It Off"],"campfire_rested":6,"item_purchase_floors":[3,3,19,28,37],"current_hp_per_floor":[57,57,57,54,59,59,58,58,58,42,37,37,23,23,47,16,66,43,43,43,49,35,60,69,55,55,39,46,46,48,48,78,37,85,91,91,91,67,25,56,35,35,35,25,31,62,66,55,87,65],"gold":208,"neow_bonus":"TEN_PERCENT_HP_BONUS","is_prod":false,"is_daily":false,"chose_seed":false,"campfire_upgraded":3,"win_rate":0,"timestamp":1560383302,"path_taken":["M","?","$","M","M","R","M","R","T","M","E","R","E","?","R","BOSS","M","$","?","M","M","R","M","M","T","M","$","?","?","?","R","BOSS","M","?","$","M","M","R","E","?","T","M","M","R","?","E","R","BOSS"],"build_version":"2019-01-23","purchased_purges":2,"victory":true,"max_hp_per_floor":[82,82,82,82,82,82,82,82,82,82,82,82,82,82,82,82,82,86,86,86,86,86,86,90,94,94,94,101,101,101,101,101,101,101,101,101,101,101,105,105,105,105,105,105,105,105,105,109,109,113],"card_choices":[{"not_picked":["Heavy Blade","Body Slam"],"picked":"Twin Strike","floor":1},{"not_picked":["Sever Soul","Pummel"],"picked":"Thunderclap","floor":4},{"not_picked":["Clash","Fiend Fire"],"picked":"Cleave","floor":5},{"not_picked":["Shockwave","Infernal Blade"],"picked":"Sword Boomerang","floor":7},{"not_picked":["Infernal Blade","Exhume"],"picked":"Twin Strike+1","floor":10},{"not_picked":["Burning Pact","Corruption","Evolve"],"picked":"SKIP","floor":11},{"not_picked":["Fire Breathing","Feel No Pain"],"picked":"Clothesline+1","floor":13},{"not_picked":["Bludgeon+1","Reaper+1"],"picked":"Feed+1","floor":16},{"not_picked":["Second Wind","Shrug It Off"],"picked":"True Grit","floor":18},{"not_picked":["Flex","Body Slam+1"],"picked":"Twin Strike+1","floor":21},{"not_picked":["Searing Blow+1","Reckless Charge+1"],"picked":"Twin Strike+1","floor":22},{"not_picked":["Wild Strike+1","Havoc"],"picked":"Iron Wave+1","floor":24},{"not_picked":["Body Slam+1","Impervious"],"picked":"Iron Wave+1","floor":25},{"not_picked":["Sever Soul+1","Intimidate"],"picked":"Shrug It Off","floor":27},{"not_picked":["Evolve","True Grit","Thunderclap+1"],"picked":"SKIP","floor":30},{"not_picked":["Berserk","Fiend Fire+1"],"picked":"Impervious","floor":33},{"not_picked":["Perfected Strike+1","Dropkick+1","Cleave+1"],"picked":"SKIP","floor":35},{"not_picked":["Twin Strike+1","Anger+1","Thunderclap+1"],"picked":"SKIP","floor":38},{"not_picked":["Headbutt+1","Fire Breathing","Corruption+1"],"picked":"SKIP","floor":39},{"not_picked":["Flex","Berserk"],"picked":"Headbutt+1","floor":41},{"not_picked":["Clash+1","Hemokinesis+1"],"picked":"Ghostly Armor","floor":44},{"not_picked":["Anger+1","Cleave+1","Twin Strike+1"],"picked":"SKIP","floor":45},{"not_picked":["Evolve+1","Clothesline+1"],"picked":"Armaments","floor":47},{"not_picked":["Rampage+1","Inflame+1"],"picked":"Shockwave+1","floor":48}],"player_experience":397706,"relics_obtained":[{"floor":9,"key":"Molten Egg 2"},{"floor":11,"key":"Pen Nib"},{"floor":13,"key":"Du-Vu Doll"},{"floor":26,"key":"Pantograph"},{"floor":31,"key":"Incense Burner"},{"floor":41,"key":"Dead Branch"},{"floor":43,"key":"Vajra"},{"floor":48,"key":"Blood Vial"}],"event_choices":[{"damage_healed":0,"gold_gain":0,"player_choice":"Ignored","damage_taken":0,"max_hp_gain":0,"max_hp_loss":0,"event_name":"Golden Wing","floor":2,"gold_loss":0},{"cards_removed":["Strike_R"],"damage_healed":0,"gold_gain":0,"player_choice":"Offered Basic","damage_taken":0,"max_hp_gain":0,"max_hp_loss":0,"event_name":"Bonfire Elementals","floor":14,"gold_loss":0},{"damage_healed":0,"gold_gain":0,"player_choice":"Ignored","damage_taken":0,"max_hp_gain":0,"max_hp_loss":0,"event_name":"Ghosts","floor":20,"gold_loss":0},{"damage_healed":0,"gold_gain":0,"player_choice":"Copied","damage_taken":0,"max_hp_gain":0,"max_hp_loss":0,"event_name":"Duplicator","floor":29,"gold_loss":0,"cards_obtained":["Inflame"]},{"cards_removed":["Twin Strike"],"damage_healed":0,"gold_gain":0,"player_choice":"Removed Attack","damage_taken":0,"max_hp_gain":0,"max_hp_loss":0,"event_name":"Falling","floor":36,"gold_loss":0},{"damage_healed":0,"gold_gain":0,"cards_transformed":["Strike_R"],"player_choice":"Transformed","damage_taken":0,"max_hp_gain":0,"max_hp_loss":0,"event_name":"Transmorgrifier","floor":42,"gold_loss":0,"cards_obtained":["Pummel"]}],"is_beta":false,"boss_relics":[{"not_picked":["Tiny House","Lizard Tail"],"picked":"Mark of Pain"},{"not_picked":["Runic Cube","Calling Bell"],"picked":"Cursed Key"}],"items_purged_floors":[19,37],"is_endless":false,"potions_floor_spawned":[4,7,13,16,22,24,27,33,39,41],"ascension_level":15}