{"gold_per_floor":[215,215,101,115,135,135,161,161,161,187,24,24,52,52,52,52],"floor_reached":16,"playtime":1080,"items_purged":["Strike_R"],"score":232,"play_id":"dd35b4db-2b94-4227-992f-4b05390d5a7d","local_time":"20190818130900","is_ascension_mode":true,"campfire_choices":[{"data":"Uppercut","floor":6.0,"key":"SMITH"},{"data":"Feel No Pain","floor":8,"key":"SMITH"},{"floor":12,"key":"DIG"},{"floor":15,"key":"REST"}],"neow_cost":"NONE","seed_source_timestamp":0,"circlet_count":0,"master_deck":["AscendersBane","Strike_R+1","Strike_R+1","Strike_R","Strike_R","Defend_R","Defend_R","Defend_R","Defend_R","Bash","Clothesline","Feel No Pain+1","Uppercut+1","Battle Trance","Feed","Burning Pact"],"special_seed":0,"relics":["Burning Blood","Incense Burner","Shovel","Dodecahedron","Letter Opener","Ancient Tea Set","NlothsMask"],"potions_floor_usage":[7,7],"damage_taken":[{"damage":1.0,"enemies":"2 Louse","floor":1.0,"turns":3.0},{"damage":6.0,"enemies":"Small Slimes","floor":4.0,"turns":4.0},{"damage":1.0,"enemies":"Cultist","floor":5.0,"turns":3.0},{"damage":12,"enemies":"Lagavulin","floor":7,"turns":5},{"damage":22,"enemies":"3 Sentries","floor":10,"turns":15},{"damage":27,"enemies":"Gremlin Nob","floor":13,"turns":5},{"damage":41,"enemies":"The Guardian","floor":16,"turns":13}],"seed_played":"-2069959500279586124","potions_obtained":[{"floor":1.0,"key":"Poison Potion"},{"floor":4.0,"key":"Poison Potion"}],"is_trial":false,"path_per_floor":["M","?","$","M","M","R","E","R","T","E","$","R","E","?","R","B"],"character_chosen":"IRONCLAD","items_purchased":["Feel No Pain","Feed"],"campfire_rested":1,"item_purchase_floors":[3,11],"current_hp_per_floor":[73,50,50,50,55,55,49,49,49,33,33,33,15,15,38,0],"gold":52,"neow_bonus":"HUNDRED_GOLD","is_prod":false,"is_daily":false,"chose_seed":false,"campfire_upgraded":2,"win_rate":0,"timestamp":1566158940,"path_taken":["M","?","$","M","M","R","E","R","T","E","$","R","E","?","R","BOSS"],"build_version":"2019-07-17","purchased_purges":1,"victory":false,"max_hp_per_floor":[75,75,75,75,75,75,75,75,75,75,75,75,78,78,78,78],"card_choices":[{"not_picked":["Second Wind","Blood for Blood"],"picked":"Clothesline","floor":1.0},{"not_picked":["Burning Pact","Sword Boomerang"],"picked":"Uppercut","floor":4.0},{"not_picked":["Sword Boomerang","Havoc","Heavy Blade"],"picked":"SKIP","floor":5.0},{"not_picked":["Perfected Strike","Feel No Pain","Warcry"],"picked":"SKIP","floor":7},{"not_picked":["Twin Strike","Heavy Blade"],"picked":"Battle Trance","floor":10},{"not_picked":["Dark Embrace","Blood for Blood"],"picked":"Burning Pact","floor":13}],"player_experience":615141,"relics_obtained":[{"floor":7,"key":"Incense Burner"},{"floor":9,"key":"Shovel"},{"floor":10,"key":"Dodecahedron"},{"floor":12,"key":"Letter Opener"},{"floor":13,"key":"Ancient Tea Set"}],"event_choices":[{"damage_healed":0.0,"max_hp_gain":0.0,"max_hp_loss":0.0,"gold_gain":0.0,"event_name":"Shining Light","player_choice":"Entered Light","floor":2.0,"gold_loss":0.0,"damage_taken":23.0,"cards_upgraded":["Strike_R","Strike_R"]},{"damage_healed":0,"gold_gain":0,"player_choice":"Trade","damage_taken":0,"relics_obtained":["NlothsMask"],"max_hp_gain":0,"max_hp_loss":0,"event_name":"FaceTrader","floor":14,"gold_loss":0}],"is_beta":false,"boss_relics":[],"items_purged_floors":[3],"is_endless":false,"potions_floor_spawned":[1,4],"killed_by":"The Guardian","ascension_level":20}