{"gold_per_floor":[116,63,76,91,166,166,182,213,213,230,240,240],"floor_reached":12,"playtime":553,"items_purged":[],"score":82,"play_id":"60400130-f232-4e9c-a0b8-6a1a67b93370","local_time":"20190828011655","is_ascension_mode":false,"campfire_choices":[{"data":"Dualcast","floor":6,"key":"SMITH"}],"neow_cost":"NONE","seed_source_timestamp":1216894441792381,"circlet_count":0,"master_deck":["Strike_B","Strike_B","Strike_B","Strike_B","Defend_B","Defend_B","Defend_B","Defend_B","Zap","Dualcast+1","Cold Snap","Coolheaded","Streamline","Reinforced Body","Redo","Tempest","Streamline","Static Discharge"],"relics":["Cracked Core","Bottled Lightning","Mercury Hourglass"],"potions_floor_usage":[],"damage_taken":[{"damage":0,"enemies":"2 Louse","floor":1,"turns":2},{"damage":0,"enemies":"Cultist","floor":3,"turns":4},{"damage":2,"enemies":"Small Slimes","floor":4,"turns":3},{"damage":6,"enemies":"Red Slaver","floor":7,"turns":3},{"damage":35,"enemies":"Gremlin Nob","floor":8,"turns":6},{"damage":13,"enemies":"Looter","floor":10,"turns":3},{"damage":11,"enemies":"Large Slime","floor":11,"turns":4},{"damage":7,"enemies":"3 Louse","floor":12,"turns":1}],"seed_played":"-7121312144993410060","potions_obtained":[{"floor":1,"key":"Strength Potion"},{"floor":7,"key":"AttackPotion"},{"floor":10,"key":"EssenceOfSteel"}],"is_trial":false,"path_per_floor":["M","$","M","M","?","R","M","E","T","M","M","M"],"character_chosen":"DEFECT","items_purchased":["Coolheaded"],"campfire_rested":0,"item_purchase_floors":[2],"current_hp_per_floor":[82,82,82,80,72,72,66,31,31,18,7,0],"gold":240,"neow_bonus":"TEN_PERCENT_HP_BONUS","is_prod":false,"is_daily":false,"chose_seed":false,"campfire_upgraded":1,"win_rate":0.0,"timestamp":1566947815,"path_taken":["M","$","M","M","?","R","M","E","T","M","?","M"],"build_version":"2019-07-17","purchased_purges":0,"victory":false,"max_hp_per_floor":[82,82,82,82,82,82,82,82,82,82,82,82],"card_choices":[{"not_picked":["BootSequence","Steam"],"picked":"Cold Snap","floor":1},{"not_picked":["Conserve Battery","Redo"],"picked":"Streamline","floor":3},{"not_picked":["Heatsinks","Beam Cell"],"picked":"Reinforced Body","floor":4},{"not_picked":["Machine Learning","Gash"],"picked":"Redo","floor":7},{"not_picked":["Reprogram","Cold Snap"],"picked":"Tempest","floor":8},{"not_picked":["Cold Snap","Steam Power"],"picked":"Streamline","floor":10},{"not_picked":["Stack","Conserve Battery"],"picked":"Static Discharge","floor":11}],"player_experience":53437,"relics_obtained":[{"floor":8,"key":"Bottled Lightning"},{"floor":9,"key":"Mercury Hourglass"}],"event_choices":[{"damage_healed":0,"gold_gain":75,"player_choice":"Touch","damage_taken":8,"max_hp_gain":0,"max_hp_loss":0,"event_name":"FaceTrader","floor":5,"gold_loss":0}],"is_beta":false,"boss_relics":[],"items_purged_floors":[],"is_endless":false,"potions_floor_spawned":[1,7,10],"killed_by":"3 Louse","ascension_level":0}