{"gold_per_floor":[111,186,206,221,221,255,94,106,130,34,47,12,28,48,48,147,147,167,167,167,167,180,180,192,192,192,95,95,111,130,140,140,140],"floor_reached":33,"playtime":3996,"items_purged":["Strike_B"],"score":251,"play_id":"67fcfb47-77f5-4078-8e70-abe8e74dfbac","local_time":"20190704144816","is_ascension_mode":false,"campfire_choices":[{"floor":15,"key":"REST"},{"data":"Static Discharge","floor":23,"key":"SMITH"},{"floor":25,"key":"REST"},{"data":"Machine Learning","floor":28,"key":"SMITH"},{"floor":32,"key":"REST"}],"neow_cost":"TEN_PERCENT_HP_LOSS","seed_source_timestamp":1038546452858630,"circlet_count":0,"master_deck":["Defend_B","Defend_B","Defend_B","Defend_B","Zap","Dualcast","Tempest","Steam","FTL","Capacitor","Coolheaded","Double Energy","Ball Lightning","Blizzard","Finesse","Leap","Coolheaded","Conserve Battery","Machine Learning+1","Rebound","Static Discharge+1","Necronomicurse","Conserve Battery+1","Enlightenment","Fusion"],"relics":["Cracked Core","Oddly Smooth Stone","Centennial Puzzle","Nuclear Battery","Necronomicon","Bottled Lightning"],"potions_floor_usage":[14,31,31,33],"damage_taken":[{"damage":3,"enemies":"Jaw Worm","floor":1,"turns":4},{"damage":0,"enemies":"2 Louse","floor":3,"turns":3},{"damage":0,"enemies":"Small Slimes","floor":4,"turns":2},{"damage":22,"enemies":"3 Sentries","floor":6,"turns":9},{"damage":0,"enemies":"Looter","floor":8,"turns":3},{"damage":0,"enemies":"Exordium Thugs","floor":11,"turns":3},{"damage":0,"enemies":"Exordium Wildlife","floor":13,"turns":4},{"damage":11,"enemies":"Red Slaver","floor":14,"turns":5},{"damage":25,"enemies":"Slime Boss","floor":16,"turns":10},{"damage":12,"enemies":"2 Thieves","floor":18,"turns":4},{"damage":8,"enemies":"Spheric Guardian","floor":22,"turns":4},{"damage":16,"enemies":"Shelled Parasite and Fungi","floor":24,"turns":11},{"damage":13,"enemies":"Sentry and Sphere","floor":29,"turns":9},{"damage":5,"enemies":"Snake Plant","floor":30,"turns":6},{"damage":13,"enemies":"Centurion and Healer","floor":31,"turns":13},{"damage":29,"enemies":"Automaton","floor":33,"turns":6}],"seed_played":"7456590745780634897","potions_obtained":[{"floor":3,"key":"Swift Potion"},{"floor":4,"key":"SpeedPotion"},{"floor":6,"key":"FearPotion"},{"floor":13,"key":"GamblersBrew"},{"floor":14,"key":"AttackPotion"}],"is_trial":false,"path_per_floor":["M","?","M","M","?","E","$","M","T","$","M","?","M","M","R","B",null,"M","?","?","?","M","R","M","R","T","$","R","M","M","M","R","B"],"character_chosen":"DEFECT","items_purchased":["Double Energy","Ball Lightning","Finesse","Enlightenment"],"campfire_rested":3,"item_purchase_floors":[7,7,10,27],"current_hp_per_floor":[65,54,54,54,47,25,25,25,25,25,25,42,42,31,51,26,68,56,56,40,40,32,32,16,36,36,36,36,23,18,5,25,0],"gold":140,"neow_bonus":"TRANSFORM_TWO_CARDS","is_prod":false,"is_daily":false,"chose_seed":false,"campfire_upgraded":2,"win_rate":0,"timestamp":1562276896,"path_taken":["M","?","M","M","?","E","$","M","T","?","M","?","M","M","R","BOSS","M","?","?","?","M","R","M","R","T","$","R","M","?","M","R","BOSS"],"build_version":"2019-07-01","purchased_purges":1,"victory":false,"max_hp_per_floor":[68,68,68,68,68,68,68,68,68,68,68,68,68,68,68,68,68,68,68,68,68,68,68,68,68,68,68,68,68,68,68,68,68],"card_choices":[{"not_picked":["Conserve Battery","Chill"],"picked":"FTL","floor":1},{"not_picked":["Barrage","Redo"],"picked":"Capacitor","floor":3},{"not_picked":["Go for the Eyes","Beam Cell","Compile Driver"],"picked":"SKIP","floor":4},{"not_picked":["Buffer","Gash"],"picked":"Coolheaded","floor":6},{"not_picked":["Stack","Steam"],"picked":"Blizzard","floor":8},{"not_picked":["Go for the Eyes","Heatsinks"],"picked":"Leap","floor":11},{"not_picked":["Barrage","Hologram"],"picked":"Coolheaded","floor":13},{"not_picked":["All For One","Ball Lightning"],"picked":"Conserve Battery","floor":14},{"not_picked":["Thunder Strike","Biased Cognition"],"picked":"Machine Learning","floor":16},{"not_picked":["Doom and Gloom","Chill"],"picked":"Rebound","floor":18},{"not_picked":["Gash","Leap+1","Ball Lightning"],"picked":"SKIP","floor":22},{"not_picked":["Cold Snap","Go for the Eyes+1"],"picked":"Conserve Battery+1","floor":24},{"not_picked":["Stack","Coolheaded","Ball Lightning"],"picked":"SKIP","floor":29},{"not_picked":["Creative AI","Go for the Eyes","Compile Driver"],"picked":"SKIP","floor":30},{"not_picked":["Doom and Gloom","Blizzard"],"picked":"Fusion","floor":31}],"player_experience":44629,"relics_obtained":[{"floor":6,"key":"Oddly Smooth Stone"},{"floor":9,"key":"Centennial Puzzle"},{"floor":20,"key":"Necronomicon"},{"floor":26,"key":"Bottled Lightning"}],"event_choices":[{"damage_healed":0,"gold_gain":75,"player_choice":"Gather Gold","damage_taken":11,"max_hp_gain":0,"max_hp_loss":0,"event_name":"World of Goop","floor":2,"gold_loss":0},{"cards_removed":["Strike_B"],"damage_healed":0,"gold_gain":0,"player_choice":"Card Removal","damage_taken":7,"max_hp_gain":0,"max_hp_loss":0,"event_name":"Golden Wing","floor":5,"gold_loss":0},{"damage_healed":17,"gold_gain":0,"player_choice":"Healed","damage_taken":0,"max_hp_gain":0,"max_hp_loss":0,"event_name":"The Cleric","floor":12,"gold_loss":35},{"damage_healed":0,"gold_gain":0,"player_choice":"Read","damage_taken":0,"max_hp_gain":0,"max_hp_loss":0,"event_name":"The Library","floor":19,"gold_loss":0,"cards_obtained":["Static Discharge"]},{"damage_healed":0,"gold_gain":0,"player_choice":"Obtained Book","damage_taken":16,"max_hp_gain":0,"max_hp_loss":0,"event_name":"Cursed Tome","floor":20,"gold_loss":0},{"damage_healed":0,"gold_gain":0,"player_choice":"Got Potions","damage_taken":0,"max_hp_gain":0,"max_hp_loss":0,"event_name":"Lab","floor":21,"gold_loss":0}],"is_beta":false,"boss_relics":[{"not_picked":["Busted Crown","Coffee Dripper"],"picked":"Nuclear Battery"}],"items_purged_floors":[7],"is_endless":false,"potions_floor_spawned":[3,4,6,13,14,18,24,30],"killed_by":"Automaton","ascension_level":0}