{"gold_per_floor":[114,134,134,134,148,148,98,23,23,23,58,58,72,72,72,176,176,193,193,193,38,48,48],"floor_reached":23,"playtime":803,"items_purged":["Strike_R"],"score":290,"play_id":"f74597da-60e5-4c9b-802b-3f3e7a5dab89","local_time":"20190514165630","is_ascension_mode":true,"campfire_choices":[{"data":"Demon Form","floor":6,"key":"SMITH"},{"data":"Pommel Strike","floor":10,"key":"SMITH"},{"data":"Heavy Blade","floor":15,"key":"SMITH"}],"neow_cost":"NONE","seed_source_timestamp":168024467000,"circlet_count":0,"master_deck":["AscendersBane","Strike_R+1","Strike_R+1","Strike_R+1","Defend_R+1","Defend_R+1","Defend_R+1","Defend_R+1","Bash+1","Demon Form+1","Pommel Strike+1","Sword Boomerang+1","Heavy Blade+1","Immolate"],"relics":["Burning Blood","Singing Bowl","Centennial Puzzle","Meat on the Bone","Sozu","Pen Nib"],"potions_floor_usage":[22,23],"damage_taken":[{"damage":16,"enemies":"Jaw Worm","floor":1,"turns":4},{"damage":0,"enemies":"Small Slimes","floor":2,"turns":3},{"damage":2,"enemies":"2 Louse","floor":5,"turns":3},{"damage":15,"enemies":"Lagavulin","floor":11,"turns":5},{"damage":6,"enemies":"Looter","floor":13,"turns":2},{"damage":44,"enemies":"Hexaghost","floor":16,"turns":6},{"damage":23,"enemies":"2 Thieves","floor":18,"turns":4},{"damage":4,"enemies":"3 Byrds","floor":22,"turns":3},{"damage":67,"enemies":"Book of Stabbing","floor":23,"turns":5}],"seed_played":"-2598270990126083484","potions_obtained":[{"floor":1,"key":"BloodPotion"},{"floor":16,"key":"LiquidBronze"}],"is_trial":false,"path_per_floor":["M","M","?","?","M","R","?","$","T","R","E","T","M","?","R","B",null,"M","?","?","$","M","E"],"character_chosen":"IRONCLAD","items_purchased":["Pen Nib"],"campfire_rested":0,"item_purchase_floors":[21],"current_hp_per_floor":[62,68,68,52,56,56,56,56,56,56,49,49,51,51,51,25,69,54,54,54,54,58,0],"gold":48,"neow_bonus":"ONE_RANDOM_RARE_CARD","is_prod":false,"is_daily":false,"chose_seed":false,"campfire_upgraded":3,"win_rate":0,"timestamp":1557867390,"path_taken":["M","M","?","?","M","R","?","$","T","R","E","?","M","?","R","BOSS","M","?","?","$","M","E"],"build_version":"2019-01-23","purchased_purges":1,"victory":false,"max_hp_per_floor":[80,80,80,80,80,80,80,80,80,80,82,82,84,84,84,84,84,86,86,86,86,88,88],"card_choices":[{"not_picked":["Infernal Blade","Sword Boomerang"],"picked":"Pommel Strike","floor":1},{"not_picked":["Blood for Blood","Seeing Red"],"picked":"Sword Boomerang","floor":2},{"not_picked":["Warcry","Entrench"],"picked":"Heavy Blade","floor":5},{"not_picked":["Clothesline","Twin Strike","Clash"],"picked":"Singing Bowl","floor":11},{"not_picked":["Sever Soul","Sword Boomerang","Warcry"],"picked":"Singing Bowl","floor":13},{"not_picked":["Impervious","Brutality"],"picked":"Immolate","floor":16},{"not_picked":["Reckless Charge","Sword Boomerang","Headbutt"],"picked":"Singing Bowl","floor":18},{"not_picked":["Reckless Charge","Carnage","Perfected Strike"],"picked":"Singing Bowl","floor":22}],"player_experience":270534,"relics_obtained":[{"floor":9,"key":"Singing Bowl"},{"floor":11,"key":"Centennial Puzzle"},{"floor":12,"key":"Meat on the Bone"}],"event_choices":[{"damage_healed":0,"gold_gain":0,"player_choice":"Grow","damage_taken":0,"max_hp_gain":0,"max_hp_loss":0,"event_name":"Living Wall","floor":3,"gold_loss":0,"cards_upgraded":["Bash"]},{"damage_healed":0,"gold_gain":0,"player_choice":"Entered Light","damage_taken":16,"max_hp_gain":0,"max_hp_loss":0,"event_name":"Shining Light","floor":4,"gold_loss":0,"cards_upgraded":["Strike_R","Sword Boomerang"]},{"cards_removed":["Strike_R"],"damage_healed":0,"gold_gain":0,"player_choice":"Card Removal","damage_taken":0,"max_hp_gain":0,"max_hp_loss":0,"event_name":"The Cleric","floor":7,"gold_loss":50},{"damage_healed":0,"gold_gain":0,"player_choice":"Ignored","damage_taken":0,"max_hp_gain":0,"max_hp_loss":0,"event_name":"Liars Game","floor":14,"gold_loss":0},{"damage_healed":0,"gold_gain":0,"player_choice":"Ignored","damage_taken":0,"max_hp_gain":0,"max_hp_loss":0,"event_name":"Ghosts","floor":19,"gold_loss":0},{"damage_healed":0,"gold_gain":0,"player_choice":"Simplicity","damage_taken":0,"max_hp_gain":0,"max_hp_loss":0,"event_name":"Back to Basics","floor":20,"gold_loss":0,"cards_upgraded":["Strike_R","Strike_R","Defend_R","Defend_R","Defend_R","Defend_R"]}],"is_beta":false,"boss_relics":[{"not_picked":["Velvet Choker","Busted Crown"],"picked":"Sozu"}],"items_purged_floors":[8],"is_endless":false,"potions_floor_spawned":[1,16],"killed_by":"Book of Stabbing","ascension_level":11}