{"gold_per_floor":[115,65,65,65,65,65,80,119,169,183,183,183,136,174,174,295,358,381,381,402,402],"floor_reached":21,"playtime":841,"items_purged":[],"score":266,"play_id":"637a002f-5b32-4f69-af7e-c35cef61905c","local_time":"20190810175114","is_ascension_mode":true,"campfire_choices":[{"floor":6,"key":"REST"},{"data":"Darkness","floor":12,"key":"SMITH"},{"floor":15,"key":"REST"}],"neow_cost":"NONE","seed_source_timestamp":249895384760500,"circlet_count":0,"master_deck":["Strike_B+1","Strike_B+1","Strike_B","Defend_B","Defend_B+1","Defend_B","Defend_B","Zap","Dualcast","Ball Lightning","Darkness+1","Conserve Battery","Cold Snap","Gash","Creative AI","Redo","FTL","Electrodynamics"],"relics":["Cracked Core","Golden Idol","Question Card","Strawberry","Potion Belt","Tiny House"],"potions_floor_usage":[],"damage_taken":[{"damage":2,"enemies":"Jaw Worm","floor":1,"turns":4},{"damage":0,"enemies":"Small Slimes","floor":7,"turns":2},{"damage":35,"enemies":"3 Sentries","floor":8,"turns":7},{"damage":0,"enemies":"2 Louse","floor":10,"turns":1},{"damage":16,"enemies":"Lagavulin","floor":14,"turns":7},{"damage":24,"enemies":"Hexaghost","floor":16,"turns":8},{"damage":18,"enemies":"Shell Parasite","floor":18,"turns":5},{"damage":42,"enemies":"3 Byrds","floor":20,"turns":6},{"damage":18,"enemies":"Snake Plant","floor":21,"turns":2}],"seed_played":"4434647064052793582","potions_obtained":[{"floor":8,"key":"Dexterity Potion"},{"floor":14,"key":"Regen Potion"},{"floor":17,"key":"Weak Potion"},{"floor":20,"key":"LiquidBronze"}],"is_trial":false,"path_per_floor":["M","?","?","?","$","R","M","E","T","M","?","R","?","E","R","B",null,"M","?","M","M"],"character_chosen":"DEFECT","items_purchased":[],"campfire_rested":2,"item_purchase_floors":[],"current_hp_per_floor":[73,73,57,37,37,61,61,26,33,33,33,33,33,17,43,19,77,59,59,17,0],"gold":402,"neow_bonus":"TEN_PERCENT_HP_BONUS","is_prod":false,"is_daily":false,"chose_seed":false,"campfire_upgraded":1,"win_rate":0,"timestamp":1565484674,"path_taken":["M","?","?","?","$","R","M","E","T","M","?","R","?","E","R","BOSS","M","?","M","M"],"build_version":"2019-07-17","purchased_purges":0,"victory":false,"max_hp_per_floor":[82,82,82,82,82,82,82,82,89,89,89,89,89,89,89,89,94,94,94,94,94],"card_choices":[{"not_picked":["Steam","Aggregate"],"picked":"Ball Lightning","floor":1},{"not_picked":["Coolheaded","Compile Driver"],"picked":"Darkness","floor":7},{"not_picked":["Chill","White Noise"],"picked":"Conserve Battery","floor":8},{"not_picked":["Beam Cell","Rip and Tear","Static Discharge"],"picked":"Cold Snap","floor":10},{"not_picked":["Turbo","Aggregate","Amplify"],"picked":"Gash","floor":14},{"not_picked":["Seek","All For One","Reboot"],"picked":"Creative AI","floor":16},{"not_picked":["Cold Snap","Streamline","Barrage"],"picked":"Redo","floor":17},{"not_picked":["Leap","Scrape+1","Rebound"],"picked":"FTL","floor":18},{"not_picked":["Go for the Eyes","Beam Cell+1","Aggregate"],"picked":"Electrodynamics","floor":20}],"player_experience":228293,"relics_obtained":[{"floor":8,"key":"Question Card"},{"floor":9,"key":"Strawberry"},{"floor":14,"key":"Potion Belt"}],"event_choices":[{"cards_removed":["Strike_B"],"damage_healed":0,"gold_gain":0,"player_choice":"Card Removal","damage_taken":0,"max_hp_gain":0,"max_hp_loss":0,"event_name":"The Cleric","floor":2,"gold_loss":50},{"damage_healed":0,"gold_gain":0,"player_choice":"Entered Light","damage_taken":16,"max_hp_gain":0,"max_hp_loss":0,"event_name":"Shining Light","floor":3,"gold_loss":0,"cards_upgraded":["Strike_B","Strike_B"]},{"damage_healed":0,"gold_gain":0,"player_choice":"Take Damage","damage_taken":20,"relics_obtained":["Golden Idol"],"max_hp_gain":0,"max_hp_loss":0,"event_name":"Golden Idol","floor":4,"gold_loss":0},{"damage_healed":0,"gold_gain":0,"player_choice":"Ignored","damage_taken":0,"max_hp_gain":0,"max_hp_loss":0,"event_name":"Liars Game","floor":11,"gold_loss":0},{"damage_healed":0,"gold_gain":0,"player_choice":"Left Gold","damage_taken":0,"max_hp_gain":0,"max_hp_loss":0,"event_name":"World of Goop","floor":13,"gold_loss":47},{"damage_healed":0,"gold_gain":0,"player_choice":"Ignored","damage_taken":0,"max_hp_gain":0,"max_hp_loss":0,"event_name":"Ghosts","floor":19,"gold_loss":0}],"is_beta":false,"boss_relics":[{"not_picked":["Coffee Dripper","FrozenCore"],"picked":"Tiny House"}],"items_purged_floors":[],"is_endless":false,"potions_floor_spawned":[8,14,20],"killed_by":"Snake Plant","ascension_level":6}