{"gold_per_floor":[111,61,61,78,93,93,104,104,127,22,33,33,46,79,79,184,184,203,218,231,231,246,246,266,41,41,41,41,131,54,81,81,184,184,204,222,35,50,50,50,78,97,97,97,97,109,109],"floor_reached":47,"playtime":3247,"items_purged":["Strike_G"],"score":477,"play_id":"3d0ab96f-b0d8-4a62-95c8-2157349554ad","local_time":"20190828224315","is_ascension_mode":false,"campfire_choices":[{"data":"Prepared","floor":6,"key":"SMITH"},{"data":"Sucker Punch","floor":12,"key":"SMITH"},{"data":"Reflex","floor":15,"key":"SMITH"},{"floor":23,"key":"REST"},{"data":"Backflip","floor":28,"key":"SMITH"},{"floor":32,"key":"REST"},{"floor":40,"key":"REST"}],"neow_cost":"NONE","seed_source_timestamp":1291380486379834,"circlet_count":0,"master_deck":["Defend_G","Defend_G+1","Defend_G","Defend_G","Defend_G","Survivor","Neutralize+1","Choke","Backflip+1","Prepared+1","Underhanded Strike","Catalyst+1","Reflex+1","Noxious Fumes","Sucker Punch+1","Deadly Poison","Poisoned Stab","Corpse Explosion","Bane","PiercingWail","Deflect+1","Deadly Poison","Caltrops","RitualDagger","Leg Sweep","Envenom","PiercingWail","Malaise","Footwork","Blur","Dodge and Roll+1","Bouncing Flask","Secret Weapon","Deflect+1"],"relics":["Ring of the Snake","War Paint","PreservedInsect","Velvet Choker","Oddly Smooth Stone","Pear","Orichalcum","Sozu","The Courier","Mercury Hourglass"],"potions_floor_usage":[36,42,47],"damage_taken":[{"damage":0,"enemies":"2 Louse","floor":1,"turns":3},{"damage":0,"enemies":"Jaw Worm","floor":4,"turns":5},{"damage":0,"enemies":"Cultist","floor":5,"turns":4},{"damage":1,"enemies":"Red Slaver","floor":7,"turns":4},{"damage":0,"enemies":"Lots of Slimes","floor":11,"turns":5},{"damage":3,"enemies":"3 Louse","floor":13,"turns":6},{"damage":10,"enemies":"Lagavulin","floor":14,"turns":8},{"damage":12,"enemies":"Slime Boss","floor":16,"turns":8},{"damage":14,"enemies":"3 Byrds","floor":18,"turns":3},{"damage":4,"enemies":"Shell Parasite","floor":19,"turns":6},{"damage":0,"enemies":"Snake Plant","floor":20,"turns":3},{"damage":18,"enemies":"Cultist and Chosen","floor":22,"turns":6},{"damage":16,"enemies":"Snecko","floor":24,"turns":6},{"damage":9,"enemies":"Book of Stabbing","floor":31,"turns":5},{"damage":19,"enemies":"Champ","floor":33,"turns":12},{"damage":22,"enemies":"3 Darklings","floor":35,"turns":3},{"damage":9,"enemies":"Orb Walker","floor":36,"turns":4},{"damage":36,"enemies":"Spire Growth","floor":38,"turns":6},{"damage":15,"enemies":"Nemesis","floor":41,"turns":9},{"damage":20,"enemies":"Maw","floor":42,"turns":9},{"damage":0,"enemies":"4 Shapes","floor":46,"turns":2},{"damage":4,"enemies":"3 Darklings","floor":47,"turns":2}],"seed_played":"-6324024513198867469","potions_obtained":[{"floor":4,"key":"SteroidPotion"},{"floor":5,"key":"Swift Potion"},{"floor":7,"key":"AttackPotion"},{"floor":11,"key":"EssenceOfSteel"}],"is_trial":false,"path_per_floor":["M","?","?","M","M","R","M","?","T","$","M","R","M","E","R","B",null,"M","M","M","?","M","R","M","$","T","?","R","?","$","E","R","B",null,"M","M","$","M","?","R","E","M","T","?","?","M","M"],"character_chosen":"THE_SILENT","items_purchased":["Reflex","Noxious Fumes","Caltrops","Oddly Smooth Stone","Well Laid Plans","Footwork","Blur"],"campfire_rested":3,"item_purchase_floors":[10,10,25,25,30,37,37],"current_hp_per_floor":[70,70,63,63,63,63,62,62,62,62,62,62,59,49,49,37,70,56,52,52,52,34,55,39,39,49,43,43,27,27,18,42,23,80,58,49,49,13,13,37,22,2,2,2,2,2,0],"gold":109,"neow_bonus":"UPGRADE_CARD","is_prod":false,"is_daily":false,"chose_seed":false,"campfire_upgraded":4,"win_rate":0,"timestamp":1567024995,"path_taken":["M","?","?","M","M","R","?","?","T","$","M","R","?","E","R","BOSS","M","M","M","?","M","R","?","$","T","?","R","?","$","E","R","BOSS","M","?","$","M","?","R","E","M","T","?","?","M","?"],"build_version":"2019-07-17","purchased_purges":1,"victory":false,"max_hp_per_floor":[70,70,70,70,70,70,70,70,70,70,70,70,70,70,70,70,70,70,70,70,70,70,70,70,70,80,80,80,80,80,80,80,80,80,80,80,80,80,80,80,80,80,80,80,80,80,80],"card_choices":[{"not_picked":["Deadly Poison","Calculated Gamble"],"picked":"Choke","floor":1},{"not_picked":["Slice","Riddle With Holes"],"picked":"Backflip","floor":4},{"not_picked":["Outmaneuver","PiercingWail"],"picked":"Prepared","floor":5},{"not_picked":["Catalyst","Flying Knee"],"picked":"Underhanded Strike","floor":7},{"not_picked":["Bane","Flechettes"],"picked":"Sucker Punch","floor":11},{"not_picked":["Sucker Punch","Backstab"],"picked":"Deadly Poison","floor":13},{"not_picked":["Flechettes","Caltrops"],"picked":"Poisoned Stab","floor":14},{"not_picked":["Wraith Form v2","Storm of Steel"],"picked":"Corpse Explosion","floor":16},{"not_picked":["Cloak And Dagger+1","Slice"],"picked":"Bane","floor":18},{"not_picked":["Eviscerate","Flying Knee","Reflex+1"],"picked":"SKIP","floor":19},{"not_picked":["Blade Dance","Well Laid Plans"],"picked":"PiercingWail","floor":20},{"not_picked":["Dash+1","Dagger Spray"],"picked":"Deflect+1","floor":22},{"not_picked":["Underhanded Strike+1","Flying Knee"],"picked":"Deadly Poison","floor":24},{"not_picked":["Cloak And Dagger","Outmaneuver"],"picked":"Leg Sweep","floor":31},{"not_picked":["Corpse Explosion","Glass Knife"],"picked":"Envenom","floor":33},{"not_picked":["Endless Agony+1","Dagger Spray+1"],"picked":"PiercingWail","floor":35},{"not_picked":["Dagger Spray","Underhanded Strike+1"],"picked":"Malaise","floor":36},{"not_picked":["Predator","Flying Knee+1","Outmaneuver"],"picked":"SKIP","floor":38},{"not_picked":["Dagger Spray+1","Endless Agony+1"],"picked":"Dodge and Roll+1","floor":41},{"not_picked":["Predator+1","Quick Slash"],"picked":"Bouncing Flask","floor":42},{"not_picked":["Finesse","Purity"],"picked":"Secret Weapon","floor":45},{"not_picked":["Dagger Spray+1","Dodge and Roll"],"picked":"Deflect+1","floor":46}],"player_experience":64096,"relics_obtained":[{"floor":9,"key":"War Paint"},{"floor":14,"key":"PreservedInsect"},{"floor":26,"key":"Pear"},{"floor":31,"key":"Orichalcum"},{"floor":41,"key":"The Courier"},{"floor":43,"key":"Mercury Hourglass"}],"event_choices":[{"cards_removed":["Strike_G"],"damage_healed":0,"gold_gain":0,"player_choice":"Card Removal","damage_taken":0,"max_hp_gain":0,"max_hp_loss":0,"event_name":"The Cleric","floor":2,"gold_loss":50},{"cards_removed":["Strike_G"],"damage_healed":0,"gold_gain":0,"player_choice":"Card Removal","damage_taken":7,"max_hp_gain":0,"max_hp_loss":0,"event_name":"Golden Wing","floor":3,"gold_loss":0},{"damage_healed":0,"gold_gain":0,"cards_transformed":["Strike_G"],"player_choice":"Transformed","damage_taken":0,"max_hp_gain":0,"max_hp_loss":0,"event_name":"Transmorgrifier","floor":8,"gold_loss":0,"cards_obtained":["Catalyst"]},{"cards_removed":["Strike_G"],"damage_healed":0,"gold_gain":0,"player_choice":"Offered Basic","damage_taken":0,"max_hp_gain":0,"max_hp_loss":0,"event_name":"Bonfire Elementals","floor":21,"gold_loss":0},{"damage_healed":0,"gold_gain":0,"player_choice":"Joined the Cult","damage_taken":6,"max_hp_gain":0,"max_hp_loss":0,"event_name":"Nest","floor":27,"gold_loss":0,"cards_obtained":["RitualDagger"]},{"damage_healed":0,"gold_gain":90,"player_choice":"GOLD ","damage_taken":16,"max_hp_gain":0,"max_hp_loss":0,"event_name":"Knowing Skull","floor":29,"potions_obtained":[],"gold_loss":0,"cards_obtained":[]},{"cards_removed":["Well Laid Plans"],"damage_healed":0,"gold_gain":0,"player_choice":"Removed Power","damage_taken":0,"max_hp_gain":0,"max_hp_loss":0,"event_name":"Falling","floor":39,"gold_loss":0},{"damage_healed":0,"gold_gain":0,"player_choice":"Ignored","damage_taken":0,"max_hp_gain":0,"max_hp_loss":0,"event_name":"Mysterious Sphere","floor":44,"gold_loss":0},{"damage_healed":0,"gold_gain":0,"player_choice":"Memory 1","damage_taken":0,"max_hp_gain":0,"max_hp_loss":0,"event_name":"SensoryStone","floor":45,"gold_loss":0}],"is_beta":false,"boss_relics":[{"not_picked":["WristBlade","Eternal Feather"],"picked":"Velvet Choker"},{"not_picked":["HoveringKite","Black Star"],"picked":"Sozu"}],"items_purged_floors":[37],"is_endless":false,"potions_floor_spawned":[4,5,7,11,16,18,19,22,31,38,42],"killed_by":"3 Darklings","ascension_level":0}