{"gold_per_floor":[109,109,34,58,58,96,46,46,46,59,25,25,25,50,50,50],"floor_reached":16,"playtime":466,"items_purged":["Strike_R"],"score":147,"play_id":"3bd535d0-1cbd-4c67-b6dc-3f4280e031d2","local_time":"20190505211426","is_ascension_mode":true,"campfire_choices":[{"floor":8,"key":"REST"},{"data":"Flame Barrier","floor":13,"key":"SMITH"},{"data":"Shrug It Off","floor":15,"key":"SMITH"}],"neow_cost":"NONE","seed_source_timestamp":3470111693100,"circlet_count":0,"master_deck":["AscendersBane","Strike_R+1","Strike_R","Strike_R","Defend_R","Defend_R","Defend_R","Defend_R+1","Bash","Twin Strike","Twin Strike","Shrug It Off+1","Flex","Flame Barrier+1"],"relics":["Burning Blood","Golden Idol","Anchor","Darkstone Periapt"],"potions_floor_usage":[6],"damage_taken":[{"damage":11,"enemies":"Jaw Worm","floor":1,"turns":4},{"damage":4,"enemies":"2 Louse","floor":4,"turns":3},{"damage":20,"enemies":"Gremlin Nob","floor":6,"turns":4},{"damage":6,"enemies":"Cultist","floor":10,"turns":3},{"damage":0,"enemies":"2 Fungi Beasts","floor":14,"turns":3},{"damage":76,"enemies":"The Guardian","floor":16,"turns":11}],"seed_played":"-7056292424537750469","potions_obtained":[{"floor":4,"key":"Block Potion"}],"is_trial":false,"path_per_floor":["M","?","$","M","?","E","?","R","T","M","$","$","R","M","R","B"],"character_chosen":"IRONCLAD","items_purchased":["Flame Barrier"],"campfire_rested":1,"item_purchase_floors":[11],"current_hp_per_floor":[67,47,47,49,33,19,19,43,43,43,43,43,43,49,49,0],"gold":50,"neow_bonus":"THREE_CARDS","is_prod":false,"is_daily":false,"chose_seed":false,"campfire_upgraded":2,"win_rate":0,"timestamp":1557105266,"path_taken":["M","?","$","M","?","E","?","R","T","M","?","$","R","M","R","BOSS"],"build_version":"2019-01-23","purchased_purges":1,"victory":false,"max_hp_per_floor":[80,80,80,80,80,80,80,80,80,80,80,80,80,80,80,80],"card_choices":[{"not_picked":["Shrug It Off","True Grit"],"picked":"Twin Strike","floor":0},{"not_picked":["Warcry","Flex"],"picked":"Twin Strike","floor":1},{"not_picked":["Heavy Blade","Evolve"],"picked":"Shrug It Off","floor":4},{"not_picked":["Shrug It Off","True Grit"],"picked":"Flex","floor":6},{"not_picked":["Armaments","Body Slam","Havoc"],"picked":"SKIP","floor":10},{"not_picked":["Wild Strike","Searing Blow","Disarm"],"picked":"SKIP","floor":14}],"player_experience":206081,"relics_obtained":[{"floor":6,"key":"Anchor"},{"floor":9,"key":"Darkstone Periapt"}],"event_choices":[{"damage_healed":0,"gold_gain":0,"player_choice":"Take Damage","damage_taken":20,"relics_obtained":["Golden Idol"],"max_hp_gain":0,"max_hp_loss":0,"event_name":"Golden Idol","floor":2,"gold_loss":0},{"damage_healed":0,"gold_gain":0,"player_choice":"Entered Light","damage_taken":16,"max_hp_gain":0,"max_hp_loss":0,"event_name":"Shining Light","floor":5,"gold_loss":0,"cards_upgraded":["Defend_R","Strike_R"]},{"cards_removed":["Strike_R"],"damage_healed":0,"gold_gain":0,"player_choice":"Card Removal","damage_taken":0,"max_hp_gain":0,"max_hp_loss":0,"event_name":"The Cleric","floor":7,"gold_loss":50}],"is_beta":false,"boss_relics":[],"items_purged_floors":[3],"is_endless":false,"potions_floor_spawned":[4],"killed_by":"The Guardian","ascension_level":10}