{"gold_per_floor":[114,214,139,139,86,117,117,146,146,146,160,194,208,219,219,322,322,332,232,248,248,163,163],"floor_reached":23,"playtime":774,"items_purged":["Strike_R","Strike_R"],"score":398,"play_id":"0eceebac-dc11-45bf-81d6-8d11ba2aa370","local_time":"20190511114852","is_ascension_mode":true,"campfire_choices":[{"data":"True Grit","floor":7,"key":"SMITH"},{"data":"Rampage","floor":10,"key":"SMITH"},{"data":"Bash","floor":15,"key":"SMITH"}],"neow_cost":"NONE","seed_source_timestamp":4567064281300,"circlet_count":0,"master_deck":["AscendersBane","Strike_R","Strike_R+1","Strike_R","Defend_R","Defend_R","Defend_R","Defend_R+1","Bash+1","Spot Weakness","Headbutt","True Grit+1","Rampage+1","Feed","RitualDagger"],"relics":["Burning Blood","NeowsBlessing","Dead Branch","Red Skull","Pantograph","Orichalcum","Mark of Pain","Letter Opener"],"potions_floor_usage":[16,23],"damage_taken":[{"damage":0,"enemies":"Small Slimes","floor":1,"turns":1},{"damage":0,"enemies":"3 Sentries","floor":6,"turns":1},{"damage":0,"enemies":"Gremlin Nob","floor":8,"turns":1},{"damage":6,"enemies":"Cultist","floor":11,"turns":3},{"damage":26,"enemies":"Lagavulin","floor":12,"turns":7},{"damage":5,"enemies":"2 Louse","floor":13,"turns":3},{"damage":0,"enemies":"Exordium Wildlife","floor":14,"turns":2},{"damage":15,"enemies":"Hexaghost","floor":16,"turns":9},{"damage":31,"enemies":"3 Byrds","floor":18,"turns":6},{"damage":20,"enemies":"Shell Parasite","floor":20,"turns":4},{"damage":39,"enemies":"Book of Stabbing","floor":23,"turns":4}],"seed_played":"6936928860639181235","potions_obtained":[{"floor":1,"key":"Ancient Potion"},{"floor":11,"key":"SpeedPotion"},{"floor":16,"key":"GamblersBrew"}],"is_trial":false,"path_per_floor":["M","?","$","?","$","E","R","E","T","R","M","E","M","M","R","B",null,"M","$","M","?","?","E"],"character_chosen":"IRONCLAD","items_purchased":["Headbutt"],"campfire_rested":0,"item_purchase_floors":[5],"current_hp_per_floor":[78,78,78,62,62,68,68,74,74,74,74,54,55,61,61,71,78,56,56,42,36,36,0],"gold":163,"neow_bonus":"THREE_ENEMY_KILL","is_prod":false,"is_daily":false,"chose_seed":false,"campfire_upgraded":3,"win_rate":0,"timestamp":1557589732,"path_taken":["M","?","?","?","$","E","R","E","T","R","M","E","M","M","R","BOSS","M","$","M","?","?","E"],"build_version":"2019-01-23","purchased_purges":2,"victory":false,"max_hp_per_floor":[80,80,80,80,80,80,80,80,80,80,80,80,80,80,80,80,80,83,83,83,83,83,83],"card_choices":[{"not_picked":["Shockwave","Heavy Blade"],"picked":"Spot Weakness","floor":1},{"not_picked":["Iron Wave","Pommel Strike"],"picked":"True Grit","floor":6},{"not_picked":["Flex","Dropkick"],"picked":"Rampage","floor":8},{"not_picked":["Brutality","Hemokinesis","Body Slam"],"picked":"SKIP","floor":11},{"not_picked":["Shockwave","Wild Strike","Havoc"],"picked":"SKIP","floor":12},{"not_picked":["Burning Pact","Sword Boomerang","Metallicize"],"picked":"SKIP","floor":13},{"not_picked":["Body Slam","Intimidate","Disarm"],"picked":"SKIP","floor":14},{"not_picked":["Demon Form","Reaper"],"picked":"Feed","floor":16},{"not_picked":["Clash","Thunderclap","Sentinel"],"picked":"SKIP","floor":18},{"not_picked":["Iron Wave","Cleave+1","Body Slam"],"picked":"SKIP","floor":20}],"player_experience":255831,"relics_obtained":[{"floor":6,"key":"Dead Branch"},{"floor":8,"key":"Red Skull"},{"floor":9,"key":"Pantograph"},{"floor":12,"key":"Orichalcum"}],"event_choices":[{"damage_healed":0,"gold_gain":100,"player_choice":"Gold","damage_taken":0,"max_hp_gain":0,"max_hp_loss":0,"event_name":"Wheel of Change","floor":2,"gold_loss":0},{"damage_healed":0,"gold_gain":0,"player_choice":"Entered Light","damage_taken":16,"max_hp_gain":0,"max_hp_loss":0,"event_name":"Shining Light","floor":4,"gold_loss":0,"cards_upgraded":["Strike_R","Defend_R"]},{"damage_healed":0,"gold_gain":0,"player_choice":"Joined the Cult","damage_taken":6,"max_hp_gain":0,"max_hp_loss":0,"event_name":"Nest","floor":21,"gold_loss":0,"cards_obtained":["RitualDagger"]},{"damage_healed":0,"gold_gain":0,"player_choice":"Obtained Relic","damage_taken":0,"relics_obtained":["Letter Opener"],"max_hp_gain":0,"max_hp_loss":0,"event_name":"Addict","floor":22,"gold_loss":85}],"is_beta":false,"boss_relics":[{"not_picked":["Tiny House","Astrolabe"],"picked":"Mark of Pain"}],"items_purged_floors":[3,19],"is_endless":false,"potions_floor_spawned":[1,11,14,16],"killed_by":"Book of Stabbing","ascension_level":11}