{"gold_per_floor":[114,128,53,53,153,153,197,46,46,46,70,70,88,111,111,242,242,260,260,12,0,0,0,0],"floor_reached":24,"playtime":797,"items_purged":["Strike_R","Strike_R"],"score":298,"play_id":"bb42c09d-906c-4528-8a1c-49b779e2ed04","local_time":"20190515182556","is_ascension_mode":true,"campfire_choices":[{"data":"Bash","floor":6,"key":"SMITH"},{"data":"True Grit","floor":10,"key":"SMITH"},{"data":"Anger","floor":12,"key":"SMITH"},{"floor":15,"key":"REST"},{"data":"Inflame","floor":23,"key":"SMITH"}],"neow_cost":"NONE","seed_source_timestamp":5292880989900,"circlet_count":0,"master_deck":["AscendersBane","Strike_R","Strike_R","Strike_R","Defend_R","Defend_R","Defend_R","Defend_R","Bash+1","Anger+1","Pommel Strike","True Grit+1","Clothesline","Feed","Inflame+1","RitualDagger"],"relics":["Burning Blood","Golden Idol","Turnip","StoneCalendar","Lizard Tail","Membership Card"],"potions_floor_usage":[16],"damage_taken":[{"damage":4,"enemies":"2 Louse","floor":1,"turns":3},{"damage":5,"enemies":"Small Slimes","floor":2,"turns":3},{"damage":20,"enemies":"Lagavulin","floor":7,"turns":5},{"damage":1,"enemies":"Cultist","floor":11,"turns":4},{"damage":7,"enemies":"3 Louse","floor":13,"turns":4},{"damage":22,"enemies":"Exordium Thugs","floor":14,"turns":7},{"damage":23,"enemies":"Hexaghost","floor":16,"turns":11},{"damage":6,"enemies":"Chosen","floor":18,"turns":4},{"damage":105,"enemies":"Gremlin Leader","floor":24,"turns":5}],"seed_played":"4591897984615217902","potions_obtained":[{"floor":7,"key":"FearPotion"},{"floor":13,"key":"Ancient Potion"}],"is_trial":false,"path_per_floor":["M","M","$","?","?","R","E","$","T","R","M","R","M","M","R","B",null,"M","?","$","?","?","R","E"],"character_chosen":"IRONCLAD","items_purchased":["True Grit","Membership Card","Inflame"],"campfire_rested":1,"item_purchase_floors":[8,20,20],"current_hp_per_floor":[74,75,75,55,55,55,41,41,41,41,46,46,45,29,53,36,69,69,69,69,69,63,63,0],"gold":0,"neow_bonus":"THREE_CARDS","is_prod":false,"is_daily":false,"chose_seed":false,"campfire_upgraded":4,"win_rate":0,"timestamp":1557959156,"path_taken":["M","M","$","?","?","R","E","$","T","R","?","R","M","M","R","BOSS","M","?","$","?","?","R","E"],"build_version":"2019-01-23","purchased_purges":2,"victory":false,"max_hp_per_floor":[80,80,80,80,80,80,80,80,80,80,80,80,80,80,80,80,80,80,80,80,80,80,80,80],"card_choices":[{"not_picked":["Warcry","Clash"],"picked":"Anger","floor":0},{"not_picked":["Body Slam","Thunderclap","Headbutt"],"picked":"SKIP","floor":1},{"not_picked":["Hemokinesis","Flex"],"picked":"Pommel Strike","floor":2},{"not_picked":["Evolve","Brutality","Armaments"],"picked":"SKIP","floor":7},{"not_picked":["Sword Boomerang","Headbutt"],"picked":"Clothesline","floor":11},{"not_picked":["Body Slam","Clash","Twin Strike"],"picked":"SKIP","floor":13},{"not_picked":["Infernal Blade","Clash","Pommel Strike"],"picked":"SKIP","floor":14},{"not_picked":["Impervious","Brutality"],"picked":"Feed","floor":16},{"not_picked":["Intimidate+1","Clash+1","Armaments"],"picked":"SKIP","floor":18}],"player_experience":282835,"relics_obtained":[{"floor":7,"key":"Turnip"},{"floor":9,"key":"StoneCalendar"}],"event_choices":[{"damage_healed":0,"gold_gain":0,"player_choice":"Take Damage","damage_taken":20,"relics_obtained":["Golden Idol"],"max_hp_gain":0,"max_hp_loss":0,"event_name":"Golden Idol","floor":4,"gold_loss":0},{"damage_healed":0,"gold_gain":100,"player_choice":"Pray","damage_taken":0,"max_hp_gain":0,"max_hp_loss":0,"event_name":"Golden Shrine","floor":5,"gold_loss":0},{"damage_healed":0,"gold_gain":0,"player_choice":"Ignored","damage_taken":0,"max_hp_gain":0,"max_hp_loss":0,"event_name":"Vampires","floor":19,"gold_loss":0},{"damage_healed":0,"gold_gain":0,"player_choice":"Paid Fearfully","damage_taken":0,"max_hp_gain":0,"max_hp_loss":0,"event_name":"Masked Bandits","floor":21,"gold_loss":12},{"damage_healed":0,"gold_gain":0,"player_choice":"Joined the Cult","damage_taken":6,"max_hp_gain":0,"max_hp_loss":0,"event_name":"Nest","floor":22,"gold_loss":0,"cards_obtained":["RitualDagger"]}],"is_beta":false,"boss_relics":[{"not_picked":["Runic Dome","Runic Cube"],"picked":"Lizard Tail"}],"items_purged_floors":[3,8],"is_endless":false,"potions_floor_spawned":[7,13],"killed_by":"Gremlin Leader","ascension_level":11}