{"gold_per_floor":[119,131,131,147,97,129,139,139,209,209,229,239,267,277,277,380,380,399,106,46,63,63,63,63,63,63,63,81,81,81,97,97,194,194,206,224,224,270,270],"floor_reached":39,"playtime":2997,"items_purged":["Regret"],"score":391,"play_id":"20c2e8d5-2a9a-41ce-ac69-40bd6e3bf007","local_time":"20190904204230","is_ascension_mode":false,"campfire_choices":[{"data":"Chill","floor":8.0,"key":"SMITH"},{"floor":15.0,"key":"REST"},{"data":"Creative AI","floor":23,"key":"SMITH"},{"floor":27,"key":"REST"},{"floor":29,"key":"REST"},{"floor":32,"key":"REST"}],"neow_cost":"NONE","seed_source_timestamp":0,"circlet_count":0,"master_deck":["Strike_B","Strike_B","Defend_B","Defend_B","Defend_B","Defend_B","Zap","Dualcast","Defragment","Coolheaded","Chill+1","Self Repair","Compile Driver","Gash","All For One","Creative AI+1","Static Discharge","Biased Cognition","Sunder+1","Blizzard","Gash","Cold Snap","Seek","Hologram+1","Echo Form","Beam Cell+1","FTL+1","Double Energy"],"special_seed":0,"relics":["Cracked Core","FossilizedHelix","Bottled Lightning","Pen Nib","Blood Vial","White Beast Statue","Omamori","Nilry\u0027s Codex","Blue Candle","GremlinMask","Cursed Key","Prayer Wheel"],"potions_floor_usage":[20,28,33,33,33,38,38,39,39],"damage_taken":[{"damage":11.0,"enemies":"Jaw Worm","floor":1.0,"turns":4.0},{"damage":7.0,"enemies":"Cultist","floor":2.0,"turns":5.0},{"damage":1.0,"enemies":"2 Louse","floor":4.0,"turns":2.0},{"damage":10.0,"enemies":"3 Sentries","floor":6.0,"turns":12.0},{"damage":0.0,"enemies":"Blue Slaver","floor":7.0,"turns":7.0},{"damage":8.0,"enemies":"2 Fungi Beasts","floor":11.0,"turns":5.0},{"damage":1.0,"enemies":"3 Louse","floor":12.0,"turns":4.0},{"damage":26.0,"enemies":"Lagavulin","floor":13.0,"turns":8.0},{"damage":10.0,"enemies":"Red Slaver","floor":14.0,"turns":5.0},{"damage":64.0,"enemies":"The Guardian","floor":16.0,"turns":12.0},{"damage":21,"enemies":"3 Byrds","floor":18,"turns":5},{"damage":16,"enemies":"2 Thieves","floor":20,"turns":4},{"damage":28,"enemies":"Centurion and Healer","floor":21,"turns":10},{"damage":14,"enemies":"Snake Plant","floor":28,"turns":4},{"damage":50,"enemies":"Cultist and Chosen","floor":31,"turns":9},{"damage":42,"enemies":"Automaton","floor":33,"turns":12},{"damage":19,"enemies":"Orb Walker","floor":35,"turns":6},{"damage":0,"enemies":"3 Shapes","floor":36,"turns":4},{"damage":62,"enemies":"2 Orb Walkers","floor":38,"turns":8},{"damage":21,"enemies":"Maw","floor":39,"turns":7}],"seed_played":"8350289362102989453","potions_obtained":[{"floor":1.0,"key":"AttackPotion"},{"floor":6.0,"key":"Strength Potion"},{"floor":7.0,"key":"Swift Potion"},{"floor":16.0,"key":"EssenceOfSteel"},{"floor":18,"key":"SkillPotion"},{"floor":20,"key":"Poison Potion"},{"floor":21,"key":"FocusPotion"},{"floor":28,"key":"PowerPotion"},{"floor":33,"key":"FearPotion"},{"floor":35,"key":"AttackPotion"},{"floor":36,"key":"PowerPotion"},{"floor":38,"key":"PowerPotion"}],"is_trial":false,"path_per_floor":["M","M","?","M","?","E","M","R","T","?","M","M","E","M","R","B",null,"M","$","M","M","?","R","?","$","T","R","M","R","?","M","R","B",null,"M","M","$","?","M"],"character_chosen":"DEFECT","items_purchased":["Blizzard","Omamori"],"campfire_rested":4,"item_purchase_floors":[19,19],"current_hp_per_floor":[71,64,64,63,63,53,60,60,60,60,59,65,46,45,69,7,82,68,68,61,42,42,42,26,26,26,50,45,69,69,28,52,19,82,70,72,72,19,0],"gold":270,"neow_bonus":"TEN_PERCENT_HP_BONUS","is_prod":false,"is_daily":false,"chose_seed":false,"campfire_upgraded":2,"win_rate":0,"timestamp":1567600950,"path_taken":["M","M","?","?","?","E","M","R","T","?","M","M","E","M","R","BOSS","M","$","M","M","?","R","?","$","T","R","M","R","?","M","R","BOSS","M","M","$","?","M"],"build_version":"2019-07-17","purchased_purges":1,"victory":false,"max_hp_per_floor":[82,82,82,82,82,82,82,82,82,82,82,82,82,82,82,82,82,82,82,82,82,82,82,82,82,82,82,82,82,82,82,82,82,82,82,82,82,82,82],"card_choices":[{"not_picked":["Go for the Eyes","Streamline"],"picked":"Defragment","floor":1.0},{"not_picked":["Doom and Gloom","Stack"],"picked":"Coolheaded","floor":2.0},{"not_picked":["Turbo","Cold Snap"],"picked":"Chill","floor":4.0},{"not_picked":["Rebound","Conserve Battery"],"picked":"Self Repair","floor":6.0},{"not_picked":["Rebound","Hologram"],"picked":"Compile Driver","floor":7.0},{"not_picked":["Streamline","Beam Cell"],"picked":"Gash","floor":11.0},{"not_picked":["Turbo","Recycle"],"picked":"All For One","floor":12.0},{"not_picked":["Beam Cell","Seek"],"picked":"Creative AI","floor":13.0},{"not_picked":["Rebound","Scrape"],"picked":"Static Discharge","floor":14.0},{"not_picked":["Amplify","Multi-Cast"],"picked":"Biased Cognition","floor":16.0},{"not_picked":["Stack","Leap"],"picked":"Sunder+1","floor":18},{"not_picked":["White Noise","Turbo"],"picked":"Gash","floor":20},{"not_picked":["Coolheaded","Beam Cell"],"picked":"Cold Snap","floor":21},{"not_picked":["Sweeping Beam","FTL"],"picked":"Seek","floor":28},{"not_picked":["Steam Power","Reprogram"],"picked":"Hologram+1","floor":31},{"not_picked":["Creative AI","Hyperbeam"],"picked":"Echo Form","floor":33},{"not_picked":["Gash","Steam"],"picked":"Beam Cell+1","floor":35},{"not_picked":["Streamline","Ball Lightning+1"],"picked":"FTL+1","floor":36},{"not_picked":["Sweeping Beam+1","Go for the Eyes"],"picked":"Double Energy","floor":38}],"player_experience":286404,"relics_obtained":[{"floor":6.0,"key":"FossilizedHelix"},{"floor":9.0,"key":"Bottled Lightning"},{"floor":13.0,"key":"Blood Vial"},{"floor":24,"key":"Nilry\u0027s Codex"},{"floor":26,"key":"Blue Candle"},{"floor":38,"key":"Prayer Wheel"}],"event_choices":[{"cards_removed":["Strike_B"],"damage_healed":0.0,"max_hp_gain":0.0,"max_hp_loss":0.0,"gold_gain":0.0,"event_name":"Purifier","player_choice":"Purged","floor":3.0,"gold_loss":0.0,"damage_taken":0.0},{"cards_removed":["Strike_B"],"damage_healed":0.0,"max_hp_gain":0.0,"max_hp_loss":0.0,"gold_gain":0.0,"event_name":"The Cleric","player_choice":"Card Removal","floor":5.0,"gold_loss":50.0,"damage_taken":0.0},{"damage_healed":0.0,"max_hp_gain":0.0,"max_hp_loss":0.0,"gold_gain":0.0,"event_name":"Big Fish","player_choice":"Box","floor":10.0,"gold_loss":0.0,"damage_taken":0.0,"relics_obtained":["Pen Nib"],"cards_obtained":["Regret"]},{"damage_healed":0,"gold_gain":0,"player_choice":"Ignored","damage_taken":0,"max_hp_gain":0,"max_hp_loss":0,"event_name":"Ghosts","floor":22,"gold_loss":0},{"damage_healed":0,"gold_gain":0,"player_choice":"Obtained Book","damage_taken":16,"max_hp_gain":0,"max_hp_loss":0,"event_name":"Cursed Tome","floor":24,"gold_loss":0},{"damage_healed":0,"gold_gain":0,"player_choice":"Trade","damage_taken":0,"relics_obtained":["GremlinMask"],"max_hp_gain":0,"max_hp_loss":0,"event_name":"FaceTrader","floor":30,"gold_loss":0},{"damage_healed":0,"gold_gain":0,"player_choice":"Fight","damage_taken":0,"max_hp_gain":0,"max_hp_loss":0,"event_name":"Mysterious Sphere","floor":38,"gold_loss":0}],"is_beta":false,"boss_relics":[{"not_picked":["Eternal Feather","Coffee Dripper"],"picked":"White Beast Statue"},{"not_picked":["Orrery","Busted Crown"],"picked":"Cursed Key"}],"items_purged_floors":[19],"is_endless":false,"potions_floor_spawned":[1,6,7,16,18,20,21,28,31,33,35,36,38],"killed_by":"Maw","ascension_level":0}