{"gold_per_floor":[114,29,44,44,64,64,91,91,91,105,105,124,124,49,49,49],"floor_reached":16,"playtime":227,"items_purged":["Strike_R"],"score":190,"play_id":"9df5018a-df08-40f6-addd-b178096735c5","local_time":"20190706175013","is_ascension_mode":true,"campfire_choices":[{"data":"Searing Blow","floor":6,"key":"SMITH"},{"data":"Searing Blow+1","floor":8,"key":"SMITH"},{"data":"Searing Blow+2","floor":11,"key":"SMITH"},{"data":"Searing Blow+3","floor":13,"key":"SMITH"},{"data":"Searing Blow+4","floor":15,"key":"SMITH"}],"neow_cost":"NONE","seed_source_timestamp":4713220943800,"circlet_count":0,"master_deck":["AscendersBane","Strike_R","Strike_R","Strike_R","Strike_R","Defend_R","Defend_R","Defend_R","Defend_R","Bash","Iron Wave","Clothesline","Shrug It Off","Pommel Strike","Searing Blow+5","Thunderclap","Flame Barrier","Headbutt"],"relics":["Burning Blood","NeowsBlessing","Meat on the Bone","Question Card"],"potions_floor_usage":[],"damage_taken":[{"damage":0,"enemies":"Small Slimes","floor":1,"turns":1},{"damage":0,"enemies":"Jaw Worm","floor":3,"turns":1},{"damage":0,"enemies":"Cultist","floor":5,"turns":1},{"damage":42,"enemies":"Gremlin Nob","floor":7,"turns":5},{"damage":3,"enemies":"Looter","floor":10,"turns":3},{"damage":6,"enemies":"2 Fungi Beasts","floor":12,"turns":2},{"damage":48,"enemies":"The Guardian","floor":16,"turns":6}],"seed_played":"-8860740111390273449","potions_obtained":[{"floor":7,"key":"Strength Potion"},{"floor":12,"key":"Ancient Potion"}],"is_trial":false,"path_per_floor":["M","$","M","?","M","R","E","R","T","M","R","M","R","$","R","B"],"character_chosen":"IRONCLAD","items_purchased":["Clothesline","Shrug It Off"],"campfire_rested":0,"item_purchase_floors":[2,2],"current_hp_per_floor":[74,74,75,80,80,80,44,44,44,47,47,47,47,47,47,0],"gold":49,"neow_bonus":"THREE_ENEMY_KILL","is_prod":false,"is_daily":false,"chose_seed":false,"campfire_upgraded":5,"win_rate":0,"timestamp":1562449813,"path_taken":["M","$","M","?","M","R","E","R","T","M","R","M","R","$","R","BOSS"],"build_version":"2019-07-05","purchased_purges":1,"victory":false,"max_hp_per_floor":[75,75,75,80,80,80,80,80,80,80,80,80,80,80,80,80],"card_choices":[{"not_picked":["Armaments","Clash"],"picked":"Iron Wave","floor":1},{"not_picked":["Clash","Thunderclap"],"picked":"Pommel Strike","floor":3},{"not_picked":["Battle Trance","Heavy Blade"],"picked":"Searing Blow","floor":5},{"not_picked":["Pommel Strike","Sword Boomerang"],"picked":"Thunderclap","floor":7},{"not_picked":["Metallicize","Wild Strike","Feel No Pain"],"picked":"Flame Barrier","floor":10},{"not_picked":["Iron Wave","Dropkick","Twin Strike"],"picked":"Headbutt","floor":12}],"player_experience":421745,"relics_obtained":[{"floor":7,"key":"Meat on the Bone"},{"floor":9,"key":"Question Card"}],"event_choices":[{"damage_healed":0,"gold_gain":0,"player_choice":"Donut","damage_taken":0,"max_hp_gain":5,"max_hp_loss":0,"event_name":"Big Fish","floor":4,"gold_loss":0}],"is_beta":false,"boss_relics":[],"items_purged_floors":[14],"is_endless":false,"potions_floor_spawned":[7,12],"killed_by":"The Guardian","ascension_level":18}