{"gold_per_floor":[110,125,10,30,30,58,58,58,113,113,68,80,80,93,93,93],"floor_reached":16,"playtime":631,"items_purged":["Strike_R"],"score":145,"play_id":"cd796427-1ae0-4a1e-be34-3fb5e34980ad","local_time":"20190429021222","is_ascension_mode":true,"campfire_choices":[{"data":"Searing Blow","floor":7,"key":"SMITH"},{"data":"Searing Blow+1","floor":10,"key":"SMITH"},{"data":"Searing Blow+2","floor":13,"key":"SMITH"},{"data":"Flame Barrier","floor":15,"key":"SMITH"}],"neow_cost":"PERCENT_DAMAGE","seed_source_timestamp":6001496056600,"circlet_count":0,"master_deck":["Strike_R","Strike_R","Strike_R","Defend_R","Defend_R","Defend_R","Defend_R","Bash","Dropkick","Twin Strike","Searing Blow+3","Carnage","Headbutt","Flame Barrier+1"],"relics":["Burning Blood","Gambling Chip","Sundial","Dodecahedron","Art of War"],"potions_floor_usage":[6,16,16],"damage_taken":[{"damage":1,"enemies":"Cultist","floor":1,"turns":3},{"damage":0,"enemies":"Small Slimes","floor":2,"turns":3},{"damage":0,"enemies":"2 Louse","floor":4,"turns":3},{"damage":45,"enemies":"3 Sentries","floor":6,"turns":12},{"damage":5,"enemies":"2 Fungi Beasts","floor":12,"turns":3},{"damage":6,"enemies":"Looter","floor":14,"turns":2},{"damage":45,"enemies":"The Guardian","floor":16,"turns":8}],"seed_played":"-8364821326188624242","potions_obtained":[{"floor":1,"key":"SpeedPotion"},{"floor":12,"key":"Poison Potion"},{"floor":14,"key":"Regen Potion"}],"is_trial":false,"path_per_floor":["M","M","$","M","T","E","R","?","T","R","$","M","R","M","R","B"],"character_chosen":"IRONCLAD","items_purchased":["Searing Blow","Headbutt"],"campfire_rested":0,"item_purchase_floors":[3,11],"current_hp_per_floor":[56,62,62,68,68,29,29,29,29,29,29,30,30,30,30,0],"gold":93,"neow_bonus":"ONE_RARE_RELIC","is_prod":false,"is_daily":false,"chose_seed":false,"campfire_upgraded":4,"win_rate":0,"timestamp":1556518342,"path_taken":["M","M","$","M","?","E","R","?","T","R","$","?","R","M","R","BOSS"],"build_version":"2019-01-23","purchased_purges":1,"victory":false,"max_hp_per_floor":[80,80,80,80,80,80,80,80,80,80,80,80,80,80,80,80],"card_choices":[{"not_picked":["Sever Soul","Havoc"],"picked":"Dropkick","floor":1},{"not_picked":["True Grit","Warcry"],"picked":"Twin Strike","floor":2},{"not_picked":["Fire Breathing","Heavy Blade","Clothesline"],"picked":"SKIP","floor":4},{"not_picked":["Body Slam","Fiend Fire"],"picked":"Carnage","floor":6},{"not_picked":["Body Slam","Cleave","Pommel Strike"],"picked":"SKIP","floor":12},{"not_picked":["Combust","Twin Strike"],"picked":"Flame Barrier","floor":14}],"player_experience":154936,"relics_obtained":[{"floor":5,"key":"Sundial"},{"floor":6,"key":"Dodecahedron"},{"floor":9,"key":"Art of War"}],"event_choices":[{"cards_removed":["Strike_R"],"damage_healed":0,"gold_gain":0,"player_choice":"Purged","damage_taken":0,"max_hp_gain":0,"max_hp_loss":0,"event_name":"Purifier","floor":8,"gold_loss":0}],"is_beta":false,"boss_relics":[],"items_purged_floors":[3],"is_endless":false,"potions_floor_spawned":[1,12,14],"killed_by":"The Guardian","ascension_level":9}