{"gold_per_floor":[112,131,56,56,56,56,67,67,67,67,67,78,43,56,56,155,155,172,27,127,108,124,134,150,150,173,190,200,200,75,85,85,181,181,194,44,55,155,155,155,174,174,254,254,269,269,269,20,20,20],"floor_reached":50,"playtime":2120,"items_purged":["Strike_R","Strike_R","Strike_R","Strike_R","Defend_R"],"score":654,"play_id":"82af75d3-bf47-4b6e-acdb-e2b6d99ea36e","local_time":"20190430212128","is_ascension_mode":true,"campfire_choices":[{"data":"Inflame","floor":6,"key":"SMITH"},{"data":"Bash","floor":8,"key":"SMITH"},{"data":"Clothesline","floor":11,"key":"SMITH"},{"floor":15,"key":"REST"},{"floor":25,"key":"REST"},{"floor":29,"key":"REST"},{"floor":32,"key":"REST"},{"floor":40,"key":"REST"},{"floor":46,"key":"REST"},{"floor":49,"key":"REST"}],"neow_cost":"NONE","seed_source_timestamp":11147065754800,"circlet_count":0,"master_deck":["Strike_R","Defend_R+1","Defend_R","Defend_R+1","Bash+1","Bludgeon","Clothesline+1","Inflame+1","Twin Strike","Infernal Blade","Demon Form","True Grit+1","Iron Wave","Pommel Strike","Immolate","Sword Boomerang+1","Feed","Twin Strike+1","Shrug It Off+1","Thinking Ahead"],"relics":["Black Blood","Shuriken","Blue Candle","Fusion Hammer","Potion Belt","WingedGreaves","Darkstone Periapt","NlothsMask"],"potions_floor_usage":[16,18,33,33,33,33,35,50,50],"damage_taken":[{"damage":1,"enemies":"Cultist","floor":1,"turns":3},{"damage":8,"enemies":"2 Louse","floor":2,"turns":3},{"damage":9,"enemies":"Jaw Worm","floor":7,"turns":2},{"damage":8,"enemies":"Blue Slaver","floor":12,"turns":3},{"damage":3,"enemies":"Exordium Thugs","floor":14,"turns":2},{"damage":47,"enemies":"Hexaghost","floor":16,"turns":11},{"damage":18,"enemies":"3 Byrds","floor":18,"turns":5},{"damage":16,"enemies":"2 Thieves","floor":21,"turns":4},{"damage":12,"enemies":"Centurion and Healer","floor":22,"turns":5},{"damage":15,"enemies":"Snecko","floor":23,"turns":4},{"damage":3,"enemies":"Chosen and Byrds","floor":24,"turns":4},{"damage":26,"enemies":"3 Cultists","floor":27,"turns":5},{"damage":24,"enemies":"Cultist and Chosen","floor":28,"turns":6},{"damage":23,"enemies":"Centurion and Healer","floor":31,"turns":6},{"damage":73,"enemies":"Champ","floor":33,"turns":9},{"damage":5,"enemies":"3 Shapes","floor":35,"turns":5},{"damage":18,"enemies":"Orb Walker","floor":37,"turns":3},{"damage":24,"enemies":"Mind Bloom Boss Battle","floor":38,"turns":7},{"damage":41,"enemies":"Jaw Worm Horde","floor":41,"turns":4},{"damage":42,"enemies":"Transient","floor":45,"turns":5},{"damage":110,"enemies":"Awakened One","floor":50,"turns":5}],"seed_played":"192534144342590168","potions_obtained":[{"floor":1,"key":"Dexterity Potion"},{"floor":7,"key":"Block Potion"},{"floor":14,"key":"Explosive Potion"},{"floor":21,"key":"BloodPotion"},{"floor":22,"key":"Dexterity Potion"},{"floor":23,"key":"Fire Potion"},{"floor":28,"key":"FearPotion"},{"floor":33,"key":"Poison Potion"},{"floor":45,"key":"Ancient Potion"}],"is_trial":false,"path_per_floor":["M","M","$","?","?","R","M","R","T","$","R","M","$","M","R","B",null,"M","$","?","M","M","M","M","R","T","M","M","R","$","M","R","B",null,"M","$","M","?","?","R","M","?","T","?","M","R","?","$","R","B"],"character_chosen":"IRONCLAD","items_purchased":["Infernal Blade","Iron Wave","Regen Potion"],"campfire_rested":7,"item_purchase_floors":[13,19,48],"current_hp_per_floor":[77,75,75,50,34,34,31,31,31,31,31,29,29,32,56,15,64,55,55,55,45,42,33,39,65,65,48,30,57,57,43,71,13,75,83,83,78,64,64,94,66,66,66,66,34,65,65,65,94,0],"gold":20,"neow_bonus":"ONE_RANDOM_RARE_CARD","is_prod":false,"is_daily":false,"chose_seed":false,"campfire_upgraded":3,"win_rate":0,"timestamp":1556673688,"path_taken":["M","M","?","?","?","R","M","R","T","$","R","M","?","?","R","BOSS","M","$","?","M","?","M","M","R","T","M","M","R","$","M","R","BOSS","M","$","M","?","?","R","M","?","T","?","?","R","?","$","R","BOSS"],"build_version":"2019-01-23","purchased_purges":5,"victory":false,"max_hp_per_floor":[80,80,80,80,80,80,80,80,80,80,80,80,80,80,80,80,80,83,83,83,83,86,86,89,89,89,92,92,92,92,95,95,95,95,98,98,101,101,101,101,104,104,104,104,104,104,99,99,99,99],"card_choices":[{"not_picked":["Metallicize","Armaments"],"picked":"Clothesline","floor":1},{"not_picked":["Uppercut","Evolve"],"picked":"Inflame","floor":2},{"not_picked":["Flex","Warcry"],"picked":"Twin Strike","floor":7},{"not_picked":["Perfected Strike","Hemokinesis","Cleave"],"picked":"SKIP","floor":12},{"not_picked":["Perfected Strike","Havoc"],"picked":"Feed","floor":14},{"not_picked":["Fiend Fire","Brutality"],"picked":"Demon Form","floor":16},{"not_picked":["Armaments+1","Bloodletting+1"],"picked":"True Grit+1","floor":18},{"not_picked":["Armaments+1","Wild Strike"],"picked":"Pommel Strike","floor":21},{"not_picked":["Cleave","Iron Wave+1","Headbutt+1"],"picked":"SKIP","floor":22},{"not_picked":["Body Slam","Iron Wave+1"],"picked":"Immolate","floor":23},{"not_picked":["Flex+1","Carnage","Body Slam"],"picked":"SKIP","floor":24},{"not_picked":["Body Slam","Inflame+1","Armaments"],"picked":"SKIP","floor":27},{"not_picked":["Pommel Strike+1","Flex","Havoc"],"picked":"SKIP","floor":28},{"not_picked":["Dark Embrace","Seeing Red+1"],"picked":"Sword Boomerang+1","floor":31},{"not_picked":["Barricade","Dark Embrace"],"picked":"Feed","floor":33},{"not_picked":["Iron Wave+1","Anger","Headbutt"],"picked":"SKIP","floor":35},{"not_picked":["Wild Strike","Inflame"],"picked":"Twin Strike+1","floor":37},{"not_picked":["Power Through","Whirlwind+1"],"picked":"Shrug It Off+1","floor":41},{"not_picked":["Master of Strategy","Mind Blast"],"picked":"Thinking Ahead","floor":42},{"not_picked":["Searing Blow","Perfected Strike+1","Intimidate+1"],"picked":"SKIP","floor":45}],"player_experience":173910,"relics_obtained":[{"floor":9,"key":"Blue Candle"},{"floor":26,"key":"Potion Belt"},{"floor":38,"key":"WingedGreaves"},{"floor":43,"key":"Darkstone Periapt"}],"event_choices":[{"damage_healed":0,"gold_gain":0,"player_choice":"Success","damage_taken":25,"relics_obtained":["Shuriken"],"max_hp_gain":0,"max_hp_loss":0,"event_name":"Scrap Ooze","floor":4,"gold_loss":0},{"damage_healed":0,"gold_gain":0,"player_choice":"Entered Light","damage_taken":16,"max_hp_gain":0,"max_hp_loss":0,"event_name":"Shining Light","floor":5,"gold_loss":0,"cards_upgraded":["Defend_R","Defend_R"]},{"damage_healed":0,"gold_gain":100,"player_choice":"Pray","damage_taken":0,"max_hp_gain":0,"max_hp_loss":0,"event_name":"Golden Shrine","floor":20,"gold_loss":0},{"damage_healed":0,"gold_gain":0,"player_choice":"Fight","damage_taken":0,"max_hp_gain":0,"max_hp_loss":0,"event_name":"MindBloom","floor":38,"gold_loss":0},{"cards_removed":["Feed"],"damage_healed":0,"gold_gain":0,"player_choice":"Removed Attack","damage_taken":0,"max_hp_gain":0,"max_hp_loss":0,"event_name":"Falling","floor":39,"gold_loss":0},{"damage_healed":0,"gold_gain":0,"player_choice":"Memory 1","damage_taken":0,"max_hp_gain":0,"max_hp_loss":0,"event_name":"SensoryStone","floor":42,"gold_loss":0},{"damage_healed":0,"gold_gain":0,"player_choice":"Trade","damage_taken":0,"relics_obtained":["NlothsMask"],"max_hp_gain":0,"max_hp_loss":0,"event_name":"FaceTrader","floor":44,"gold_loss":0},{"damage_healed":0,"gold_gain":0,"player_choice":"Max HP","damage_taken":0,"max_hp_gain":0,"max_hp_loss":5,"event_name":"Winding Halls","floor":47,"gold_loss":0}],"is_beta":false,"boss_relics":[{"not_picked":["Coffee Dripper","Astrolabe"],"picked":"Fusion Hammer"},{"not_picked":["Runic Pyramid","Empty Cage"],"picked":"Black Blood"}],"items_purged_floors":[3,19,30,36,48],"is_endless":false,"potions_floor_spawned":[1,7,14,21,22,23,28,33,45],"killed_by":"Awakened One","ascension_level":9}