{"gold_per_floor":[113,113,131,151,151,151,182,182,182,193,193,227,227,79,79,176,176,192,47,0,0,19,19,19,34,34,34,48,62,62,89,89,191,191,208,208,223,323,323,335,358,390,427,399,411,46,46,56,56,56],"floor_reached":50,"playtime":1784,"items_purged":["Strike_R","Strike_R","Parasite"],"score":749,"play_id":"d6085424-6f4e-4403-a267-b45935c3b0c7","local_time":"20190519211756","is_ascension_mode":true,"campfire_choices":[{"data":"Trip","floor":6,"key":"SMITH"},{"data":"Cleave","floor":8,"key":"SMITH"},{"data":"True Grit","floor":13,"key":"SMITH"},{"floor":15,"key":"REST"},{"data":"Immolate","floor":23,"key":"SMITH"},{"data":"Rampage","floor":27,"key":"SMITH"},{"data":"Shrug It Off","floor":30,"key":"SMITH"},{"floor":32,"key":"REST"},{"floor":40,"key":"REST"},{"floor":45,"key":"REST"},{"floor":47,"key":"REST"},{"floor":49,"key":"REST"}],"neow_cost":"NONE","seed_source_timestamp":180480958900,"circlet_count":0,"master_deck":["AscendersBane","Strike_R+1","Strike_R+1","Defend_R+1","Defend_R","Defend_R","Defend_R+1","Bash+1","Trip+1","Pommel Strike","Shrug It Off+1","Pommel Strike","Cleave+1","True Grit+1","Rampage+1","Immolate+1","Headbutt","Headbutt","Disarm+1","Whirlwind+1","Iron Wave+1","Double Tap","Iron Wave"],"relics":["Burning Blood","Mercury Hourglass","Blood Vial","Mummified Hand","Mark of Pain","Ginger","Boot","Fusion Hammer","Incense Burner","MawBank","Art of War","Paper Frog"],"potions_floor_usage":[1,12,18,31,33,33,38,42,50,50],"damage_taken":[{"damage":6,"enemies":"2 Louse","floor":1,"turns":3},{"damage":4,"enemies":"Jaw Worm","floor":3,"turns":5},{"damage":3,"enemies":"Small Slimes","floor":4,"turns":3},{"damage":20,"enemies":"Gremlin Nob","floor":7,"turns":4},{"damage":9,"enemies":"Exordium Thugs","floor":10,"turns":3},{"damage":15,"enemies":"Lagavulin","floor":12,"turns":5},{"damage":36,"enemies":"The Guardian","floor":16,"turns":11},{"damage":0,"enemies":"2 Thieves","floor":18,"turns":2},{"damage":13,"enemies":"Shell Parasite","floor":22,"turns":4},{"damage":12,"enemies":"Centurion and Healer","floor":25,"turns":3},{"damage":3,"enemies":"Cultist and Chosen","floor":28,"turns":3},{"damage":32,"enemies":"Shelled Parasite and Fungi","floor":29,"turns":4},{"damage":31,"enemies":"Book of Stabbing","floor":31,"turns":4},{"damage":44,"enemies":"Collector","floor":33,"turns":6},{"damage":8,"enemies":"Orb Walker","floor":35,"turns":3},{"damage":21,"enemies":"3 Darklings","floor":37,"turns":2},{"damage":0,"enemies":"Mind Bloom Boss Battle","floor":38,"turns":6},{"damage":29,"enemies":"4 Shapes","floor":41,"turns":4},{"damage":49,"enemies":"Writhing Mass","floor":42,"turns":7},{"damage":2,"enemies":"Jaw Worm Horde","floor":48,"turns":3},{"damage":88,"enemies":"Time Eater","floor":50,"turns":8}],"seed_played":"8258895112989403065","potions_obtained":[{"floor":1,"key":"Fruit Juice"},{"floor":10,"key":"FearPotion"},{"floor":16,"key":"AttackPotion"},{"floor":18,"key":"Strength Potion"},{"floor":25,"key":"Strength Potion"},{"floor":31,"key":"Fire Potion"},{"floor":33,"key":"BloodPotion"},{"floor":35,"key":"Poison Potion"},{"floor":41,"key":"Ancient Potion"},{"floor":42,"key":"Fire Potion"}],"is_trial":false,"path_per_floor":["M","?","M","M","?","R","E","R","T","M","?","E","R","$","R","B",null,"M","$","?","?","M","R","$","M","T","R","M","M","R","E","R","B",null,"M","?","M","?","T","R","M","M","T","?","R","$","R","M","R","B"],"character_chosen":"IRONCLAD","items_purchased":["Rampage","Headbutt","Paper Frog"],"campfire_rested":6,"item_purchase_floors":[14,19,46],"current_hp_per_floor":[77,70,72,75,75,75,61,61,61,60,43,36,36,36,61,33,72,80,80,80,80,75,75,75,71,71,71,76,52,52,29,54,18,68,68,68,55,63,63,85,62,29,29,29,54,54,78,82,82,0],"gold":56,"neow_bonus":"RANDOM_COLORLESS","is_prod":false,"is_daily":false,"chose_seed":false,"campfire_upgraded":6,"win_rate":0,"timestamp":1558315076,"path_taken":["M","?","M","M","?","R","E","R","T","M","?","E","R","$","R","BOSS","M","$","?","?","?","R","$","M","T","R","M","M","R","E","R","BOSS","M","?","M","?","?","R","?","M","T","?","R","?","R","M","R","BOSS"],"build_version":"2019-01-23","purchased_purges":3,"victory":false,"max_hp_per_floor":[85,85,85,85,85,85,85,85,85,85,85,85,85,85,85,85,85,85,85,85,85,85,85,85,85,85,85,85,85,85,85,85,85,85,85,85,85,85,85,85,85,85,85,85,85,82,82,82,82,82],"card_choices":[{"not_picked":["Havoc","Combust"],"picked":"Pommel Strike","floor":1},{"not_picked":["Cleave","Thunderclap"],"picked":"Shrug It Off","floor":3},{"not_picked":["Wild Strike","Feel No Pain"],"picked":"Pommel Strike","floor":4},{"not_picked":["Impervious","Rupture"],"picked":"Cleave","floor":7},{"not_picked":["Shockwave","Wild Strike"],"picked":"True Grit","floor":10},{"not_picked":["Hemokinesis","Armaments","Thunderclap"],"picked":"SKIP","floor":12},{"not_picked":["Fiend Fire","Demon Form"],"picked":"Immolate","floor":16},{"not_picked":["Warcry","Clash"],"picked":"Headbutt","floor":18},{"not_picked":["Metallicize","Havoc"],"picked":"Disarm+1","floor":22},{"not_picked":["Pommel Strike+1","Flex+1","Battle Trance"],"picked":"SKIP","floor":25},{"not_picked":["Pummel","Pommel Strike"],"picked":"Whirlwind+1","floor":28},{"not_picked":["Dropkick","Evolve+1","Flex"],"picked":"SKIP","floor":29},{"not_picked":["Sword Boomerang","Seeing Red+1"],"picked":"Iron Wave+1","floor":31},{"not_picked":["Offering","Demon Form"],"picked":"Double Tap","floor":33},{"not_picked":["Havoc","Anger","Flex"],"picked":"SKIP","floor":35},{"not_picked":["Intimidate+1","Twin Strike+1","Wild Strike"],"picked":"SKIP","floor":37},{"not_picked":["Rage","Burning Pact"],"picked":"Iron Wave","floor":38},{"not_picked":["Wild Strike+1","Clothesline","Seeing Red"],"picked":"SKIP","floor":41},{"not_picked":["Pommel Strike","Heavy Blade","Bludgeon"],"picked":"SKIP","floor":42},{"not_picked":["Perfected Strike","Blood for Blood","Clash"],"picked":"SKIP","floor":48}],"player_experience":315650,"relics_obtained":[{"floor":7,"key":"Mercury Hourglass"},{"floor":9,"key":"Blood Vial"},{"floor":12,"key":"Mummified Hand"},{"floor":26,"key":"Ginger"},{"floor":31,"key":"Boot"},{"floor":38,"key":"Incense Burner"},{"floor":39,"key":"MawBank"},{"floor":43,"key":"Art of War"}],"event_choices":[{"cards_removed":["Strike_R"],"damage_healed":0,"gold_gain":0,"player_choice":"Card Removal","damage_taken":7,"max_hp_gain":0,"max_hp_loss":0,"event_name":"Golden Wing","floor":2,"gold_loss":0},{"damage_healed":0,"gold_gain":0,"player_choice":"Grow","damage_taken":0,"max_hp_gain":0,"max_hp_loss":0,"event_name":"Living Wall","floor":5,"gold_loss":0,"cards_upgraded":["Bash"]},{"damage_healed":0,"gold_gain":0,"player_choice":"Entered Light","damage_taken":17,"max_hp_gain":0,"max_hp_loss":0,"event_name":"Shining Light","floor":11,"gold_loss":0,"cards_upgraded":["Strike_R","Strike_R"]},{"damage_healed":0,"gold_gain":0,"player_choice":"Paid Fearfully","damage_taken":0,"max_hp_gain":0,"max_hp_loss":0,"event_name":"Masked Bandits","floor":20,"gold_loss":47},{"damage_healed":0,"gold_gain":0,"player_choice":"Ignored","damage_taken":0,"max_hp_gain":0,"max_hp_loss":0,"event_name":"The Mausoleum","floor":21,"gold_loss":0},{"damage_healed":0,"gold_gain":0,"player_choice":"Ignored","damage_taken":0,"max_hp_gain":0,"max_hp_loss":0,"event_name":"Mysterious Sphere","floor":36,"gold_loss":0},{"damage_healed":0,"gold_gain":0,"player_choice":"Fight","damage_taken":0,"max_hp_gain":0,"max_hp_loss":0,"event_name":"MindBloom","floor":38,"gold_loss":0},{"damage_healed":0,"gold_gain":0,"player_choice":"Upgraded Two","damage_taken":0,"max_hp_gain":0,"max_hp_loss":0,"event_name":"Designer","floor":44,"gold_loss":40,"cards_upgraded":["Defend_R","Defend_R"]}],"is_beta":false,"boss_relics":[{"not_picked":["Calling Bell","Snecko Eye"],"picked":"Mark of Pain"},{"not_picked":["Runic Cube","Lizard Tail"],"picked":"Fusion Hammer"}],"items_purged_floors":[14,19,46],"is_endless":false,"potions_floor_spawned":[1,10,16,18,25,29,31,33,35,41,42],"killed_by":"Time Eater","ascension_level":12}