{"gold_per_floor":[111,111,130,147,147,174,174,174],"floor_reached":8,"playtime":296,"items_purged":[],"score":106,"play_id":"f0f8ce29-3a0c-4387-8100-4aa9cea53484","local_time":"20190802181120","is_ascension_mode":true,"campfire_choices":[{"data":"Berserk","floor":7,"key":"SMITH"}],"neow_cost":"CURSE","seed_source_timestamp":5444001832100,"circlet_count":0,"master_deck":["AscendersBane","Strike_R","Strike_R","Strike_R","Strike_R","Strike_R","Defend_R","Defend_R","Defend_R","Defend_R","Bash","Normality","Rampage","Pommel Strike","Burning Pact","Berserk+1"],"relics":["Burning Blood","Nunchaku","Art of War","Ice Cream"],"potions_floor_usage":[8,8],"damage_taken":[{"damage":7,"enemies":"Small Slimes","floor":1,"turns":4},{"damage":3,"enemies":"2 Louse","floor":3,"turns":2},{"damage":9,"enemies":"Jaw Worm","floor":4,"turns":4},{"damage":30,"enemies":"Lagavulin","floor":6,"turns":7},{"damage":69,"enemies":"Gremlin Gang","floor":8,"turns":3}],"seed_played":"-2777054823258236058","potions_obtained":[{"floor":3,"key":"GamblersBrew"},{"floor":6,"key":"BloodPotion"}],"is_trial":false,"path_per_floor":["M","?","M","M","?","E","R","M"],"character_chosen":"IRONCLAD","items_purchased":[],"campfire_rested":0,"item_purchase_floors":[],"current_hp_per_floor":[67,67,70,67,62,38,38,0],"gold":174,"neow_bonus":"ONE_RARE_RELIC","is_prod":false,"is_daily":false,"chose_seed":false,"campfire_upgraded":1,"win_rate":0,"timestamp":1564783880,"path_taken":["M","?","M","M","?","E","R","M"],"build_version":"2019-07-17","purchased_purges":0,"victory":false,"max_hp_per_floor":[75,75,75,75,75,75,75,75],"card_choices":[{"not_picked":["Twin Strike","Dual Wield"],"picked":"Rampage","floor":1},{"not_picked":["Blood for Blood","Ghostly Armor"],"picked":"Pommel Strike","floor":3},{"not_picked":["Clash","Havoc"],"picked":"Burning Pact","floor":4},{"not_picked":["Flex","Sword Boomerang"],"picked":"Berserk","floor":6}],"player_experience":449589,"relics_obtained":[{"floor":6,"key":"Ice Cream"}],"event_choices":[{"damage_healed":0,"gold_gain":0,"player_choice":"Ignored","damage_taken":0,"max_hp_gain":0,"max_hp_loss":0,"event_name":"Liars Game","floor":2,"gold_loss":0},{"damage_healed":0,"gold_gain":0,"player_choice":"Success","damage_taken":5,"relics_obtained":["Art of War"],"max_hp_gain":0,"max_hp_loss":0,"event_name":"Scrap Ooze","floor":5,"gold_loss":0}],"is_beta":false,"boss_relics":[],"items_purged_floors":[],"is_endless":false,"potions_floor_spawned":[3,6],"killed_by":"Gremlin Gang","ascension_level":18}