{"gold_per_floor":[112,112,129,148,223,223,281,300,300,300,475,485,54,85,85,181,181,201,201,22,22,33,33,48,48,75,75,75],"floor_reached":28,"playtime":998,"items_purged":["Doubt","Writhe"],"score":350,"play_id":"1942758a-edc0-4f74-9c8d-986241014510","local_time":"20190516170351","is_ascension_mode":true,"campfire_choices":[{"data":"Bash","floor":6,"key":"SMITH"},{"data":"Bludgeon","floor":10,"key":"SMITH"},{"data":"Rampage","floor":15,"key":"SMITH"},{"floor":23,"key":"REST"},{"data":"Fiend Fire","floor":25,"key":"SMITH"},{"floor":27,"key":"REST"}],"neow_cost":"NONE","seed_source_timestamp":703877842000,"circlet_count":0,"master_deck":["AscendersBane","Strike_R","Strike_R","Strike_R","Defend_R","Defend_R","Defend_R","Defend_R","Bash+1","Bludgeon+1","Headbutt","Cleave","Clothesline","Rampage+1","Feed","Fiend Fire+1","Flame Barrier"],"relics":["Burning Blood","Tiny Chest","Dodecahedron","Lee\u0027s Waffle","Anchor","Calipers","Empty Cage","Potion Belt","Juzu Bracelet"],"potions_floor_usage":[16],"damage_taken":[{"damage":18,"enemies":"Jaw Worm","floor":1,"turns":4},{"damage":9,"enemies":"2 Louse","floor":3,"turns":3},{"damage":0,"enemies":"Small Slimes","floor":4,"turns":3},{"damage":35,"enemies":"3 Sentries","floor":7,"turns":6},{"damage":6,"enemies":"Looter","floor":8,"turns":2},{"damage":25,"enemies":"Exordium Thugs","floor":12,"turns":4},{"damage":35,"enemies":"Lagavulin","floor":14,"turns":5},{"damage":57,"enemies":"Hexaghost","floor":16,"turns":8},{"damage":37,"enemies":"Shell Parasite","floor":18,"turns":6},{"damage":11,"enemies":"Spheric Guardian","floor":22,"turns":3},{"damage":42,"enemies":"Snake Plant","floor":24,"turns":4},{"damage":59,"enemies":"Gremlin Leader","floor":28,"turns":6}],"seed_played":"-6393717283180153097","potions_obtained":[{"floor":3,"key":"LiquidBronze"},{"floor":8,"key":"Ancient Potion"},{"floor":16,"key":"Dexterity Potion"},{"floor":24,"key":"Energy Potion"}],"is_trial":false,"path_per_floor":["M","?","M","M","?","R","E","M","T","R","?","M","$","E","R","B",null,"M","?","$","?","M","R","M","R","T","R","E"],"character_chosen":"IRONCLAD","items_purchased":["Lee\u0027s Waffle","Anchor","Flame Barrier"],"campfire_rested":2,"item_purchase_floors":[13,13,20],"current_hp_per_floor":[60,65,62,68,57,57,28,28,28,28,28,9,92,63,63,12,72,41,41,41,41,36,63,27,27,27,54,0],"gold":75,"neow_bonus":"ONE_RANDOM_RARE_CARD","is_prod":false,"is_daily":false,"chose_seed":false,"campfire_upgraded":4,"win_rate":0,"timestamp":1558040631,"path_taken":["M","?","M","M","?","R","E","M","T","R","?","M","$","E","R","BOSS","M","?","$","?","?","R","M","R","T","R","E"],"build_version":"2019-01-23","purchased_purges":2,"victory":false,"max_hp_per_floor":[80,85,85,85,85,85,85,85,85,85,85,85,92,92,92,92,92,92,92,92,92,92,92,92,92,92,92,92],"card_choices":[{"not_picked":["Flex","Body Slam"],"picked":"Headbutt","floor":1},{"not_picked":["Heavy Blade","Flex"],"picked":"Cleave","floor":3},{"not_picked":["Sentinel","Twin Strike"],"picked":"Clothesline","floor":4},{"not_picked":["Clothesline","Thunderclap"],"picked":"Rampage","floor":7},{"not_picked":["Rampage","Sword Boomerang","Entrench"],"picked":"SKIP","floor":8},{"not_picked":["Heavy Blade","Pommel Strike","Clash"],"picked":"SKIP","floor":12},{"not_picked":["Fire Breathing","Hemokinesis"],"picked":"Feed","floor":14},{"not_picked":["Barricade","Demon Form"],"picked":"Fiend Fire","floor":16},{"not_picked":["Thunderclap","Sentinel","Perfected Strike+1"],"picked":"SKIP","floor":18},{"not_picked":["Perfected Strike","Clash","Inflame"],"picked":"SKIP","floor":22},{"not_picked":["Iron Wave","Cleave","Body Slam+1"],"picked":"SKIP","floor":24}],"player_experience":287506,"relics_obtained":[{"floor":7,"key":"Tiny Chest"},{"floor":9,"key":"Dodecahedron"},{"floor":14,"key":"Calipers"},{"floor":26,"key":"Juzu Bracelet"}],"event_choices":[{"damage_healed":0,"gold_gain":0,"player_choice":"Donut","damage_taken":0,"max_hp_gain":5,"max_hp_loss":0,"event_name":"Big Fish","floor":2,"gold_loss":0},{"damage_healed":0,"gold_gain":75,"player_choice":"Gather Gold","damage_taken":11,"max_hp_gain":0,"max_hp_loss":0,"event_name":"World of Goop","floor":5,"gold_loss":0},{"damage_healed":0,"gold_gain":175,"player_choice":"AGREE","damage_taken":0,"max_hp_gain":0,"max_hp_loss":0,"event_name":"Liars Game","floor":11,"gold_loss":0,"cards_obtained":["Doubt"]},{"damage_healed":0,"gold_gain":0,"player_choice":"Opened","damage_taken":0,"relics_obtained":["Potion Belt"],"max_hp_gain":0,"max_hp_loss":0,"event_name":"The Mausoleum","floor":19,"gold_loss":0,"cards_obtained":["Writhe"]},{"damage_healed":0,"gold_gain":0,"player_choice":"Ignored","damage_taken":0,"max_hp_gain":0,"max_hp_loss":0,"event_name":"Vampires","floor":21,"gold_loss":0}],"is_beta":false,"boss_relics":[{"not_picked":["Runic Cube","Tiny House"],"picked":"Empty Cage"}],"items_purged_floors":[13,20],"is_endless":false,"potions_floor_spawned":[3,8,12,16,18,24],"killed_by":"Gremlin Leader","ascension_level":11}