{"gold_per_floor":[114,289,80,155,81,112,112,112,164,164,176,176,192,210,210,315,315,335,142,153,173,88,88,88,88,88,88,20,20,33,52,52,52],"floor_reached":33,"playtime":1181,"items_purged":["Doubt","Strike_R"],"score":377,"play_id":"8d146907-a932-418f-b28c-95bf51475963","local_time":"20190515205806","is_ascension_mode":true,"campfire_choices":[{"floor":8,"key":"REST"},{"data":"Uppercut","floor":15,"key":"SMITH"},{"data":"Immolate","floor":23,"key":"SMITH"},{"floor":25,"key":"REST"},{"data":"Power Through","floor":27,"key":"SMITH"},{"floor":32,"key":"REST"}],"neow_cost":"NONE","seed_source_timestamp":14035690487600,"circlet_count":0,"master_deck":["AscendersBane","Strike_R","Strike_R","Strike_R","Defend_R","Defend_R+1","Defend_R","Defend_R","Bash+1","Battle Trance","Whirlwind+1","Shrug It Off+1","Uppercut+1","Inflame","Immolate+1","Power Through+1","Panacea","Iron Wave","Metallicize+1"],"relics":["Black Blood","Whetstone","Regal Pillow","Mercury Hourglass","Gremlin Horn","Frozen Egg 2"],"potions_floor_usage":[16,16,33],"damage_taken":[{"damage":7,"enemies":"Small Slimes","floor":1,"turns":4},{"damage":40,"enemies":"Gremlin Nob","floor":6,"turns":5},{"damage":2,"enemies":"Jaw Worm","floor":11,"turns":4},{"damage":0,"enemies":"2 Louse","floor":13,"turns":1},{"damage":0,"enemies":"2 Fungi Beasts","floor":14,"turns":2},{"damage":49,"enemies":"Hexaghost","floor":16,"turns":10},{"damage":22,"enemies":"2 Thieves","floor":18,"turns":3},{"damage":11,"enemies":"Shell Parasite","floor":20,"turns":8},{"damage":27,"enemies":"Snake Plant","floor":21,"turns":4},{"damage":12,"enemies":"Chosen and Byrds","floor":30,"turns":4},{"damage":12,"enemies":"3 Cultists","floor":31,"turns":4},{"damage":104,"enemies":"Champ","floor":33,"turns":15}],"seed_played":"9193301460107045126","potions_obtained":[{"floor":1,"key":"Swift Potion"},{"floor":6,"key":"SkillPotion"},{"floor":11,"key":"PowerPotion"},{"floor":20,"key":"Dexterity Potion"}],"is_trial":false,"path_per_floor":["M","?","$","?","$","E","?","R","T","?","M","T","M","M","R","B",null,"M","$","M","M","?","R","?","R","T","R","$","?","M","M","R","B"],"character_chosen":"IRONCLAD","items_purchased":["Whirlwind","Shrug It Off","Uppercut","Panacea","Metallicize+1"],"campfire_rested":3,"item_purchase_floors":[3,3,5,19,28],"current_hp_per_floor":[79,79,79,68,68,34,16,42,42,42,46,46,52,58,58,15,70,58,58,57,40,40,40,23,65,65,65,65,65,63,61,93,0],"gold":52,"neow_bonus":"TEN_PERCENT_HP_BONUS","is_prod":false,"is_daily":false,"chose_seed":false,"campfire_upgraded":3,"win_rate":0,"timestamp":1557968286,"path_taken":["M","?","$","?","$","E","?","R","T","?","M","?","?","M","R","BOSS","M","$","M","M","?","R","?","R","T","R","$","?","M","M","R","BOSS"],"build_version":"2019-01-23","purchased_purges":2,"victory":false,"max_hp_per_floor":[88,88,88,88,88,88,88,88,88,88,88,88,88,88,88,88,88,88,88,88,88,88,88,93,93,93,93,93,93,93,93,93,93],"card_choices":[{"not_picked":["Wild Strike","Reckless Charge"],"picked":"Battle Trance","floor":1},{"not_picked":["Sentinel","Perfected Strike","Headbutt"],"picked":"SKIP","floor":6},{"not_picked":["Sentinel","Infernal Blade"],"picked":"Inflame","floor":11},{"not_picked":["Clash","Sever Soul"],"picked":"Immolate","floor":13},{"not_picked":["Dual Wield","Clothesline","Iron Wave"],"picked":"SKIP","floor":14},{"not_picked":["Body Slam","Shrug It Off+1"],"picked":"Power Through","floor":18},{"not_picked":["Fire Breathing","Second Wind+1","Headbutt+1"],"picked":"SKIP","floor":20},{"not_picked":["Anger+1","Flex"],"picked":"Iron Wave","floor":21},{"not_picked":["Twin Strike+1","Shockwave","True Grit"],"picked":"SKIP","floor":30},{"not_picked":["Thunderclap","True Grit","Juggernaut+1"],"picked":"SKIP","floor":31}],"player_experience":283632,"relics_obtained":[{"floor":6,"key":"Whetstone"},{"floor":9,"key":"Regal Pillow"},{"floor":12,"key":"Mercury Hourglass"},{"floor":26,"key":"Frozen Egg 2"}],"event_choices":[{"damage_healed":0,"gold_gain":175,"player_choice":"AGREE","damage_taken":0,"max_hp_gain":0,"max_hp_loss":0,"event_name":"Liars Game","floor":2,"gold_loss":0,"cards_obtained":["Doubt"]},{"damage_healed":0,"gold_gain":75,"player_choice":"Gather Gold","damage_taken":11,"max_hp_gain":0,"max_hp_loss":0,"event_name":"World of Goop","floor":4,"gold_loss":0},{"damage_healed":0,"gold_gain":0,"player_choice":"Entered Light","damage_taken":18,"max_hp_gain":0,"max_hp_loss":0,"event_name":"Shining Light","floor":7,"gold_loss":0,"cards_upgraded":["Defend_R","Shrug It Off"]},{"cards_removed":["Strike_R"],"damage_healed":0,"gold_gain":0,"player_choice":"Forget","damage_taken":0,"max_hp_gain":0,"max_hp_loss":0,"event_name":"Living Wall","floor":10,"gold_loss":0},{"damage_healed":0,"gold_gain":0,"player_choice":"Obtained Relic","damage_taken":0,"relics_obtained":["Gremlin Horn"],"max_hp_gain":0,"max_hp_loss":0,"event_name":"Addict","floor":22,"gold_loss":85},{"damage_healed":0,"gold_gain":0,"player_choice":"Shed Blood","damage_taken":22,"max_hp_gain":5,"max_hp_loss":0,"event_name":"Forgotten Altar","floor":24,"gold_loss":0},{"damage_healed":0,"gold_gain":0,"player_choice":"Ignored","damage_taken":0,"max_hp_gain":0,"max_hp_loss":0,"event_name":"Vampires","floor":29,"gold_loss":0}],"is_beta":false,"boss_relics":[{"not_picked":["Astrolabe","Black Star"],"picked":"Black Blood"}],"items_purged_floors":[3,19],"is_endless":false,"potions_floor_spawned":[1,6,11,13,20],"killed_by":"Champ","ascension_level":11}