{"gold_per_floor":[114,264,275,275,51,51,79,79,103,28,48,78,41,65,65,65],"floor_reached":16,"playtime":384,"items_purged":["Injury"],"score":191,"play_id":"4a0f6f09-adf4-4a41-884a-1edcce56055c","local_time":"20190902184000","is_ascension_mode":true,"campfire_choices":[{"data":"Carnage","floor":6,"key":"SMITH"},{"data":"Armaments","floor":15,"key":"SMITH"}],"neow_cost":"NONE","seed_source_timestamp":774577138900,"circlet_count":0,"master_deck":["AscendersBane","Strike_R","Strike_R","Strike_R","Strike_R","Strike_R","Defend_R","Defend_R","Defend_R","Defend_R","Bash+1","Carnage+1","Cleave","Shrug It Off","Flame Barrier","Rage","Flame Barrier","Armaments+1"],"relics":["Burning Blood","Orichalcum","Bag of Preparation","Golden Idol","Omamori"],"potions_floor_usage":[7,16],"damage_taken":[{"damage":11,"enemies":"Jaw Worm","floor":1,"turns":5},{"damage":10,"enemies":"Small Slimes","floor":3,"turns":3},{"damage":9,"enemies":"3 Sentries","floor":7,"turns":6},{"damage":1,"enemies":"2 Louse","floor":11,"turns":3},{"damage":6,"enemies":"Large Slime","floor":14,"turns":9},{"damage":68,"enemies":"Hexaghost","floor":16,"turns":11}],"seed_played":"3861502722374688123","potions_obtained":[{"floor":3,"key":"Energy Potion"},{"floor":14,"key":"Dexterity Potion"}],"is_trial":false,"path_per_floor":["M","?","M","?","$","R","E","?","T","$","M","?","$","M","R","B"],"character_chosen":"IRONCLAD","items_purchased":["Shrug It Off","Orichalcum","Flame Barrier"],"campfire_rested":0,"item_purchase_floors":[5,5,13],"current_hp_per_floor":[63,63,59,59,59,59,56,56,56,56,61,61,61,61,61,0],"gold":65,"neow_bonus":"UPGRADE_CARD","is_prod":false,"is_daily":false,"chose_seed":false,"campfire_upgraded":2,"win_rate":0,"timestamp":1567464000,"path_taken":["M","?","M","?","$","R","E","?","T","$","M","?","?","M","R","BOSS"],"build_version":"2019-07-17","purchased_purges":1,"victory":false,"max_hp_per_floor":[75,75,75,75,75,75,75,75,75,75,75,75,75,75,75,75],"card_choices":[{"not_picked":["Clash","Bloodletting"],"picked":"Carnage","floor":1},{"not_picked":["Pommel Strike","Twin Strike"],"picked":"Cleave","floor":3},{"not_picked":["Fire Breathing","Battle Trance"],"picked":"Flame Barrier","floor":7},{"not_picked":["Disarm","Carnage"],"picked":"Rage","floor":11},{"not_picked":["Dual Wield","Feel No Pain"],"picked":"Armaments","floor":14}],"player_experience":460863,"relics_obtained":[{"floor":7,"key":"Bag of Preparation"},{"floor":9,"key":"Omamori"}],"event_choices":[{"damage_healed":0,"gold_gain":150,"player_choice":"AGREE","damage_taken":0,"max_hp_gain":0,"max_hp_loss":0,"event_name":"Liars Game","floor":2,"gold_loss":0,"cards_obtained":["Doubt"]},{"cards_removed":["Doubt"],"damage_healed":0,"gold_gain":0,"player_choice":"Forget","damage_taken":0,"max_hp_gain":0,"max_hp_loss":0,"event_name":"Living Wall","floor":4,"gold_loss":0},{"damage_healed":0,"gold_gain":0,"player_choice":"Take Wound","damage_taken":0,"relics_obtained":["Golden Idol"],"max_hp_gain":0,"max_hp_loss":0,"event_name":"Golden Idol","floor":8,"gold_loss":0,"cards_obtained":["Injury"]},{"damage_healed":0,"gold_gain":30,"player_choice":"Searched \u00271\u0027 times","damage_taken":0,"max_hp_gain":0,"max_hp_loss":0,"event_name":"Dead Adventurer","floor":12,"gold_loss":0}],"is_beta":false,"boss_relics":[],"items_purged_floors":[10],"is_endless":false,"potions_floor_spawned":[3,14],"killed_by":"Hexaghost","ascension_level":19}