{"gold_per_floor":[111,127,74,94,19,19,53,65,91,91,91,91,109,126,126,198,198,211,54,54,66,0,0,0,0],"floor_reached":25,"playtime":664,"items_purged":["Strike_R","Strike_R"],"score":382,"play_id":"295d4ea8-7d28-42c7-861a-a459efb3fbb6","local_time":"20190706122431","is_ascension_mode":true,"campfire_choices":[{"data":"Rampage","floor":6,"key":"SMITH"},{"data":"Shrug It Off","floor":10,"key":"SMITH"},{"floor":15,"key":"REST"},{"data":"True Grit","floor":23,"key":"SMITH"}],"neow_cost":"NONE","seed_source_timestamp":6193361563800,"circlet_count":0,"master_deck":["AscendersBane","Strike_R","Strike_R","Strike_R","Defend_R+1","Defend_R","Defend_R","Defend_R","Bash+1","Rampage+1","Shrug It Off+1","Shrug It Off+1","Thunderclap","Cleave","Ghostly Armor","Battle Trance","Double Tap","Twin Strike","Iron Wave","True Grit+1"],"relics":["Burning Blood","PreservedInsect","Potion Belt","Mark of Pain"],"potions_floor_usage":[7,16,16],"damage_taken":[{"damage":6,"enemies":"Small Slimes","floor":1,"turns":5},{"damage":7,"enemies":"Jaw Worm","floor":2,"turns":3},{"damage":1,"enemies":"2 Louse","floor":4,"turns":4},{"damage":19,"enemies":"3 Sentries","floor":7,"turns":9},{"damage":11,"enemies":"Lots of Slimes","floor":8,"turns":4},{"damage":13,"enemies":"Large Slime","floor":13,"turns":7},{"damage":4,"enemies":"Red Slaver","floor":14,"turns":5},{"damage":37,"enemies":"Hexaghost","floor":16,"turns":12},{"damage":23,"enemies":"Shell Parasite","floor":18,"turns":4},{"damage":3,"enemies":"Chosen","floor":21,"turns":5},{"damage":51,"enemies":"Snake Plant","floor":25,"turns":5}],"seed_played":"3401167421306147345","potions_obtained":[{"floor":1,"key":"Fire Potion"},{"floor":2,"key":"Poison Potion"},{"floor":8,"key":"Regen Potion"}],"is_trial":false,"path_per_floor":["M","M","$","M","$","R","E","M","T","R","?","?","M","M","R","B",null,"M","$","?","M","?","R","?","M"],"character_chosen":"IRONCLAD","items_purchased":["Shrug It Off","Iron Wave"],"campfire_rested":1,"item_purchase_floors":[3,19],"current_hp_per_floor":[68,67,67,72,72,72,59,54,54,54,31,31,24,26,48,32,64,47,47,47,50,50,50,50,0],"gold":0,"neow_bonus":"UPGRADE_CARD","is_prod":false,"is_daily":false,"chose_seed":false,"campfire_upgraded":3,"win_rate":0,"timestamp":1562430271,"path_taken":["M","M","$","M","$","R","E","M","T","R","?","?","M","M","R","BOSS","M","$","?","M","?","R","?","M"],"build_version":"2019-07-05","purchased_purges":2,"victory":false,"max_hp_per_floor":[75,75,75,75,75,75,75,75,75,75,75,75,75,75,75,75,75,75,75,75,75,75,75,75,75],"card_choices":[{"not_picked":["Clothesline","Body Slam"],"picked":"Rampage","floor":1},{"not_picked":["Rage","Dual Wield"],"picked":"Shrug It Off","floor":2},{"not_picked":["Anger","Clash"],"picked":"Thunderclap","floor":4},{"not_picked":["Entrench","Feel No Pain"],"picked":"Cleave","floor":7},{"not_picked":["Fire Breathing","Clothesline"],"picked":"Ghostly Armor","floor":8},{"not_picked":["Pummel","Perfected Strike"],"picked":"Battle Trance","floor":13},{"not_picked":["Entrench","Warcry","Thunderclap"],"picked":"SKIP","floor":14},{"not_picked":["Brutality","Berserk"],"picked":"Double Tap","floor":16},{"not_picked":["Rupture","Wild Strike"],"picked":"Twin Strike","floor":18},{"not_picked":["Rampage+1","Sword Boomerang+1"],"picked":"True Grit","floor":21}],"player_experience":419701,"relics_obtained":[{"floor":7,"key":"PreservedInsect"},{"floor":9,"key":"Potion Belt"}],"event_choices":[{"damage_healed":0,"gold_gain":0,"player_choice":"Entered Light","damage_taken":23,"max_hp_gain":0,"max_hp_loss":0,"event_name":"Shining Light","floor":11,"gold_loss":0,"cards_upgraded":["Defend_R","Shrug It Off"]},{"damage_healed":0,"gold_gain":0,"player_choice":"Searched \u00271\u0027 times","damage_taken":0,"max_hp_gain":0,"max_hp_loss":0,"event_name":"Dead Adventurer","floor":12,"gold_loss":0},{"damage_healed":0,"gold_gain":0,"player_choice":"Ignored","damage_taken":0,"max_hp_gain":0,"max_hp_loss":0,"event_name":"Cursed Tome","floor":20,"gold_loss":0},{"damage_healed":0,"gold_gain":0,"player_choice":"Paid Fearfully","damage_taken":0,"max_hp_gain":0,"max_hp_loss":0,"event_name":"Masked Bandits","floor":22,"gold_loss":66},{"damage_healed":0,"gold_gain":0,"player_choice":"Ignored","damage_taken":0,"max_hp_gain":0,"max_hp_loss":0,"event_name":"Ghosts","floor":24,"gold_loss":0}],"is_beta":false,"boss_relics":[{"not_picked":["Fusion Hammer","Busted Crown"],"picked":"Mark of Pain"}],"items_purged_floors":[5,19],"is_endless":false,"potions_floor_spawned":[1,2,8],"killed_by":"Snake Plant","ascension_level":18}