{"gold_per_floor":[109,122,137,152,77,77,89,89,171,171,139,59,59,59,59,160,160,170,181,281,298,311,311,341,356,379,379,390,147,147,167,167,167],"floor_reached":33,"playtime":1326,"items_purged":["Strike_R","Strike_R","Strike_R"],"score":389,"play_id":"a566f424-a346-499a-a06a-b7542d897ef2","local_time":"20190508210913","is_ascension_mode":true,"campfire_choices":[{"data":"Searing Blow","floor":6,"key":"SMITH"},{"data":"Searing Blow+1","floor":8,"key":"SMITH"},{"data":"Searing Blow+2","floor":10,"key":"SMITH"},{"data":"Searing Blow+3","floor":13,"key":"SMITH"},{"data":"Searing Blow+4","floor":15,"key":"SMITH"},{"data":"Searing Blow+5","floor":23,"key":"SMITH"},{"data":"Searing Blow+6","floor":27,"key":"SMITH"},{"data":"Searing Blow+7","floor":30,"key":"SMITH"},{"data":"Battle Trance","floor":32,"key":"SMITH"}],"neow_cost":"NONE","seed_source_timestamp":2205184724500,"circlet_count":0,"master_deck":["AscendersBane","Strike_R","Strike_R","Defend_R","Defend_R","Defend_R","Defend_R","Bash","Searing Blow+8","Cleave","Flame Barrier","Shrug It Off","Ghostly Armor","Battle Trance+1","Feed"],"relics":["Burning Blood","The Courier","Busted Crown","Torii","Orichalcum"],"potions_floor_usage":[16,16,25,31,33,33],"damage_taken":[{"damage":4,"enemies":"2 Louse","floor":1,"turns":3},{"damage":7,"enemies":"Jaw Worm","floor":2,"turns":3},{"damage":5,"enemies":"Small Slimes","floor":3,"turns":3},{"damage":51,"enemies":"Gremlin Gang","floor":4,"turns":6},{"damage":0,"enemies":"Large Slime","floor":7,"turns":4},{"damage":22,"enemies":"Slime Boss","floor":16,"turns":10},{"damage":11,"enemies":"2 Thieves","floor":18,"turns":3},{"damage":7,"enemies":"Shell Parasite","floor":19,"turns":4},{"damage":2,"enemies":"Centurion and Healer","floor":21,"turns":5},{"damage":0,"enemies":"Snecko","floor":22,"turns":4},{"damage":28,"enemies":"Slavers","floor":24,"turns":6},{"damage":8,"enemies":"3 Cultists","floor":25,"turns":5},{"damage":1,"enemies":"Shelled Parasite and Fungi","floor":28,"turns":4},{"damage":7,"enemies":"Centurion and Healer","floor":31,"turns":7},{"damage":50,"enemies":"Automaton","floor":33,"turns":10}],"seed_played":"-7036476687744413916","potions_obtained":[{"floor":2,"key":"SteroidPotion"},{"floor":7,"key":"Energy Potion"},{"floor":21,"key":"Block Potion"},{"floor":22,"key":"Weak Potion"},{"floor":25,"key":"Dexterity Potion"},{"floor":28,"key":"Block Potion"}],"is_trial":false,"path_per_floor":["M","M","M","M","$","R","M","R","T","R","?","$","R","?","R","B",null,"M","M","?","M","M","R","E","M","T","R","M","$","R","M","R","B"],"character_chosen":"IRONCLAD","items_purchased":["Battle Trance","Feed"],"campfire_rested":0,"item_purchase_floors":[29,29],"current_hp_per_floor":[74,73,74,29,29,29,35,35,35,35,35,35,35,35,35,19,65,60,59,59,63,69,69,47,45,45,45,50,50,50,49,49,0],"gold":167,"neow_bonus":"THREE_CARDS","is_prod":false,"is_daily":false,"chose_seed":false,"campfire_upgraded":9,"win_rate":0,"timestamp":1557364153,"path_taken":["M","M","M","M","$","R","M","R","T","R","?","$","R","?","R","BOSS","M","M","?","M","M","R","E","M","T","R","M","$","R","M","R","BOSS"],"build_version":"2019-01-23","purchased_purges":3,"victory":false,"max_hp_per_floor":[80,80,80,80,80,80,80,80,80,80,80,80,80,80,80,80,80,80,80,80,80,80,80,80,80,80,80,80,80,80,80,80,80],"card_choices":[{"not_picked":["Pummel","Armaments"],"picked":"Searing Blow","floor":0},{"not_picked":["Warcry","Perfected Strike"],"picked":"Cleave","floor":1},{"not_picked":["Havoc","Perfected Strike","Feel No Pain"],"picked":"SKIP","floor":2},{"not_picked":["Bloodletting","Battle Trance"],"picked":"Flame Barrier","floor":3},{"not_picked":["Dual Wield","Ghostly Armor"],"picked":"Shrug It Off","floor":4},{"not_picked":["Reckless Charge","Body Slam","Sentinel"],"picked":"SKIP","floor":7},{"not_picked":["Anger"],"picked":"SKIP","floor":18},{"not_picked":["Sever Soul"],"picked":"SKIP","floor":19},{"not_picked":["Armaments+1"],"picked":"SKIP","floor":21},{"not_picked":["Twin Strike"],"picked":"SKIP","floor":22},{"not_picked":["Heavy Blade"],"picked":"SKIP","floor":24},{"not_picked":[],"picked":"Ghostly Armor","floor":25},{"not_picked":["Ghostly Armor"],"picked":"SKIP","floor":28},{"not_picked":["Wild Strike+1"],"picked":"SKIP","floor":31}],"player_experience":215521,"relics_obtained":[{"floor":9,"key":"The Courier"},{"floor":24,"key":"Torii"},{"floor":26,"key":"Orichalcum"}],"event_choices":[{"damage_healed":0,"gold_gain":0,"player_choice":"Left Gold","damage_taken":0,"max_hp_gain":0,"max_hp_loss":0,"event_name":"World of Goop","floor":11,"gold_loss":32},{"damage_healed":0,"gold_gain":0,"player_choice":"Searched \u00270\u0027 times","damage_taken":0,"max_hp_gain":0,"max_hp_loss":0,"event_name":"Dead Adventurer","floor":14,"gold_loss":0},{"damage_healed":0,"gold_gain":100,"player_choice":"Pray","damage_taken":0,"max_hp_gain":0,"max_hp_loss":0,"event_name":"Golden Shrine","floor":20,"gold_loss":0}],"is_beta":false,"boss_relics":[{"not_picked":["Calling Bell","Snecko Eye"],"picked":"Busted Crown"}],"items_purged_floors":[5,12,29],"is_endless":false,"potions_floor_spawned":[2,7,21,22,25,28],"killed_by":"Automaton","ascension_level":10}