{"gold_per_floor":[115,265,284,120,120,120,155,173,173,206,206,206,246,82,82,175,175,193,41,36,50,69,69,41,41,65,65,86,86],"floor_reached":29,"playtime":675,"items_purged":["Doubt"],"score":505,"play_id":"22d46d46-6df2-42bf-87ee-1718fcb2af58","local_time":"20190706123555","is_ascension_mode":true,"campfire_choices":[{"data":"Flame Barrier","floor":6,"key":"SMITH"},{"data":"Bash","floor":12,"key":"SMITH"},{"data":"Inflame","floor":15,"key":"SMITH"},{"data":"True Grit","floor":23,"key":"SMITH"},{"floor":25,"key":"REST"},{"data":"Whirlwind","floor":27,"key":"SMITH"}],"neow_cost":"NONE","seed_source_timestamp":6867260249800,"circlet_count":0,"master_deck":["AscendersBane","Strike_R","Strike_R","Strike_R","Strike_R","Defend_R","Defend_R","Defend_R","Defend_R","Bash+1","Shrug It Off","Flame Barrier+1","Inflame+1","Rage","Sword Boomerang","Reaper","Spot Weakness","Bludgeon","Heavy Blade","Double Tap","Whirlwind+1","True Grit+1","Shrug It Off"],"relics":["Black Blood","NeowsBlessing","Golden Idol","Omamori","Mercury Hourglass","Dead Branch","Boot","PreservedInsect","Regal Pillow"],"potions_floor_usage":[10,13,18,28,29],"damage_taken":[{"damage":0,"enemies":"Small Slimes","floor":1,"turns":1},{"damage":0,"enemies":"Jaw Worm","floor":3,"turns":1},{"damage":0,"enemies":"Lagavulin","floor":7,"turns":1},{"damage":2,"enemies":"2 Louse","floor":8,"turns":3},{"damage":14,"enemies":"3 Sentries","floor":10,"turns":6},{"damage":13,"enemies":"Lagavulin","floor":13,"turns":6},{"damage":38,"enemies":"Hexaghost","floor":16,"turns":9},{"damage":28,"enemies":"Spheric Guardian","floor":18,"turns":6},{"damage":34,"enemies":"2 Thieves","floor":20,"turns":4},{"damage":20,"enemies":"Centurion and Healer","floor":21,"turns":5},{"damage":31,"enemies":"3 Cultists","floor":22,"turns":5},{"damage":36,"enemies":"Chosen and Byrds","floor":28,"turns":5},{"damage":37,"enemies":"Cultist and Chosen","floor":29,"turns":5}],"seed_played":"8051868323292023846","potions_obtained":[{"floor":8,"key":"Explosive Potion"},{"floor":10,"key":"AttackPotion"},{"floor":16,"key":"Block Potion"},{"floor":21,"key":"SpeedPotion"},{"floor":22,"key":"Explosive Potion"}],"is_trial":false,"path_per_floor":["M","?","M","$","?","R","E","M","T","E","?","R","E","$","R","B",null,"M","$","M","M","M","R","$","R","T","R","M","M"],"character_chosen":"IRONCLAD","items_purchased":["Inflame","PreservedInsect","Double Tap","Shrug It Off"],"campfire_rested":1,"item_purchase_floors":[4,14,19,24],"current_hp_per_floor":[74,74,75,75,49,49,55,59,59,51,51,51,44,44,44,27,63,57,57,43,43,32,32,32,54,54,54,28,0],"gold":86,"neow_bonus":"THREE_ENEMY_KILL","is_prod":false,"is_daily":false,"chose_seed":false,"campfire_upgraded":5,"win_rate":0,"timestamp":1562430955,"path_taken":["M","?","M","$","?","R","E","M","T","E","?","R","E","$","R","BOSS","M","$","M","M","M","R","$","R","T","R","M","M"],"build_version":"2019-07-05","purchased_purges":1,"victory":false,"max_hp_per_floor":[75,75,75,75,75,75,75,75,75,75,75,75,75,75,75,75,75,75,75,75,75,75,75,75,75,75,75,75,75],"card_choices":[{"not_picked":["Flex","Hemokinesis"],"picked":"Shrug It Off","floor":1},{"not_picked":["Battle Trance","Fire Breathing"],"picked":"Flame Barrier","floor":3},{"not_picked":["Flex","Body Slam","Warcry"],"picked":"SKIP","floor":7},{"not_picked":["Blood for Blood","Anger"],"picked":"Rage","floor":8},{"not_picked":["Fire Breathing","Rampage"],"picked":"Sword Boomerang","floor":10},{"not_picked":["Havoc","Carnage"],"picked":"Spot Weakness","floor":13},{"not_picked":["Offering","Berserk"],"picked":"Bludgeon","floor":16},{"not_picked":["Feel No Pain","Shrug It Off"],"picked":"Heavy Blade","floor":18},{"not_picked":["Clash","Havoc"],"picked":"Whirlwind","floor":20},{"not_picked":["Combust","Anger","Dual Wield"],"picked":"SKIP","floor":21},{"not_picked":["Cleave","Intimidate"],"picked":"True Grit","floor":22},{"not_picked":["Wild Strike","Havoc","Clothesline"],"picked":"SKIP","floor":28}],"player_experience":420365,"relics_obtained":[{"floor":7,"key":"Omamori"},{"floor":9,"key":"Mercury Hourglass"},{"floor":10,"key":"Dead Branch"},{"floor":13,"key":"Boot"},{"floor":26,"key":"Regal Pillow"}],"event_choices":[{"damage_healed":0,"gold_gain":150,"player_choice":"AGREE","damage_taken":0,"max_hp_gain":0,"max_hp_loss":0,"event_name":"Liars Game","floor":2,"gold_loss":0,"cards_obtained":["Doubt"]},{"damage_healed":0,"gold_gain":0,"player_choice":"Take Damage","damage_taken":26,"relics_obtained":["Golden Idol"],"max_hp_gain":0,"max_hp_loss":0,"event_name":"Golden Idol","floor":5,"gold_loss":0},{"damage_healed":0,"gold_gain":0,"cards_transformed":["Strike_R"],"player_choice":"Transformed","damage_taken":0,"max_hp_gain":0,"max_hp_loss":0,"event_name":"Transmorgrifier","floor":11,"gold_loss":0,"cards_obtained":["Reaper"]}],"is_beta":false,"boss_relics":[{"not_picked":["White Beast Statue","Philosopher\u0027s Stone"],"picked":"Black Blood"}],"items_purged_floors":[4],"is_endless":false,"potions_floor_spawned":[8,10,16,21,22],"killed_by":"Cultist and Chosen","ascension_level":18}