{"gold_per_floor":[117,117,130,155,165,165,183,209,209,209,220,220,44,54,54,131,131,146,92,92,92,110,138,158,158,158,170,170,170,215,246,246,246],"floor_reached":33,"playtime":850,"items_purged":["Strike_R"],"score":542,"play_id":"8c144e4f-adfc-46f4-9566-04056e3ccae2","local_time":"20190814172301","is_ascension_mode":true,"campfire_choices":[{"data":"Uppercut","floor":6,"key":"SMITH"},{"data":"Flame Barrier","floor":10,"key":"SMITH"},{"data":"Bash","floor":15,"key":"SMITH"},{"floor":25,"key":"REST"},{"floor":29,"key":"REST"},{"floor":32,"key":"REST"}],"neow_cost":"NONE","seed_source_timestamp":1302188150400,"circlet_count":0,"master_deck":["AscendersBane","Strike_R+1","Strike_R+1","Defend_R+1","Defend_R+1","Defend_R+1","Defend_R+1","Bash+1","Uppercut+1","Pommel Strike","Carnage","Headbutt","Spot Weakness","Flame Barrier+1","Rage+1","Shrug It Off+1","Thunderclap","Double Tap+1","Shrug It Off+1","Twin Strike","Sword Boomerang","Twin Strike"],"relics":["Burning Blood","War Paint","Potion Belt","Toxic Egg 2","Busted Crown","Ancient Tea Set","Mummified Hand","Singing Bowl","Lantern","Matryoshka"],"potions_floor_usage":[7,16,18,22,23,24,27,33],"damage_taken":[{"damage":5,"enemies":"2 Louse","floor":1,"turns":4},{"damage":0,"enemies":"Cultist","floor":3,"turns":3},{"damage":4,"enemies":"Jaw Worm","floor":5,"turns":2},{"damage":21,"enemies":"Exordium Thugs","floor":7,"turns":5},{"damage":27,"enemies":"Lagavulin","floor":8,"turns":5},{"damage":8,"enemies":"Blue Slaver","floor":11,"turns":4},{"damage":4,"enemies":"2 Fungi Beasts","floor":14,"turns":4},{"damage":7,"enemies":"The Guardian","floor":16,"turns":9},{"damage":6,"enemies":"3 Byrds","floor":18,"turns":3},{"damage":0,"enemies":"Chosen","floor":22,"turns":3},{"damage":52,"enemies":"Slavers","floor":23,"turns":5},{"damage":27,"enemies":"3 Cultists","floor":24,"turns":6},{"damage":12,"enemies":"Snecko","floor":27,"turns":5},{"damage":25,"enemies":"Gremlin Leader","floor":31,"turns":5},{"damage":79,"enemies":"Champ","floor":33,"turns":11}],"seed_played":"-4067479095400314434","potions_obtained":[{"floor":5,"key":"Energy Potion"},{"floor":7,"key":"Swift Potion"},{"floor":8,"key":"LiquidBronze"},{"floor":11,"key":"Strength Potion"},{"floor":12,"key":"FairyPotion"},{"floor":16,"key":"LiquidBronze"},{"floor":23,"key":"Fire Potion"},{"floor":24,"key":"Poison Potion"},{"floor":31,"key":"Regen Potion"}],"is_trial":false,"path_per_floor":["M","?","M","T","M","R","M","E","T","R","M","?","$","M","R","B",null,"M","$","?","?","M","E","M","R","T","M","?","R","T","E","R","B"],"character_chosen":"IRONCLAD","items_purchased":["Shrug It Off+1","Thunderclap","Shrug It Off+1"],"campfire_rested":3,"item_purchase_floors":[13,13,19],"current_hp_per_floor":[69,69,75,75,75,75,60,39,39,39,37,37,37,39,39,38,66,66,66,66,66,72,26,13,35,35,31,31,54,54,35,58,0],"gold":246,"neow_bonus":"TRANSFORM_CARD","is_prod":false,"is_daily":false,"chose_seed":false,"campfire_upgraded":3,"win_rate":0,"timestamp":1565817781,"path_taken":["M","?","?","?","M","R","?","E","T","R","M","?","$","M","R","BOSS","M","$","?","?","?","E","M","R","T","M","?","R","?","E","R","BOSS"],"build_version":"2019-07-17","purchased_purges":1,"victory":false,"max_hp_per_floor":[75,75,75,75,75,75,75,75,75,75,75,75,75,75,75,75,75,75,75,75,75,75,75,75,75,75,77,77,77,77,77,77,77],"card_choices":[{"not_picked":["Ghostly Armor","Corruption"],"picked":"Pommel Strike","floor":1},{"not_picked":["Cleave","Dual Wield"],"picked":"Carnage","floor":3},{"not_picked":["Seeing Red","Power Through"],"picked":"Headbutt","floor":5},{"not_picked":["Flex","Warcry"],"picked":"Spot Weakness","floor":7},{"not_picked":["Carnage","Flex"],"picked":"Flame Barrier","floor":8},{"not_picked":["Sever Soul","Iron Wave"],"picked":"Rage+1","floor":11},{"not_picked":["Fire Breathing","Reckless Charge","Rage+1"],"picked":"SKIP","floor":14},{"not_picked":["Reaper","Juggernaut"],"picked":"Double Tap+1","floor":16},{"not_picked":["Clash"],"picked":"SKIP","floor":18},{"not_picked":[],"picked":"Sword Boomerang","floor":22},{"not_picked":["Carnage"],"picked":"SKIP","floor":23},{"not_picked":["Pommel Strike"],"picked":"SKIP","floor":24},{"not_picked":["Uppercut"],"picked":"Singing Bowl","floor":27},{"not_picked":[],"picked":"Twin Strike","floor":31}],"player_experience":451542,"relics_obtained":[{"floor":4,"key":"War Paint"},{"floor":8,"key":"Potion Belt"},{"floor":9,"key":"Toxic Egg 2"},{"floor":21,"key":"Ancient Tea Set"},{"floor":23,"key":"Mummified Hand"},{"floor":26,"key":"Singing Bowl"},{"floor":30,"key":"Lantern"},{"floor":31,"key":"Matryoshka"}],"event_choices":[{"cards_removed":["Strike_R"],"damage_healed":0,"gold_gain":0,"player_choice":"Offered Basic","damage_taken":0,"max_hp_gain":0,"max_hp_loss":0,"event_name":"Bonfire Elementals","floor":2,"gold_loss":0},{"damage_healed":0,"gold_gain":0,"player_choice":"Got Potions","damage_taken":0,"max_hp_gain":0,"max_hp_loss":0,"event_name":"Lab","floor":12,"gold_loss":0},{"damage_healed":0,"gold_gain":0,"player_choice":"Read","damage_taken":0,"max_hp_gain":0,"max_hp_loss":0,"event_name":"The Library","floor":20,"gold_loss":0,"cards_obtained":["Twin Strike"]},{"damage_healed":0,"gold_gain":0,"player_choice":"Relic","damage_taken":0,"max_hp_gain":0,"max_hp_loss":0,"event_name":"Wheel of Change","floor":21,"gold_loss":0},{"damage_healed":0,"gold_gain":0,"player_choice":"Simplicity","damage_taken":0,"max_hp_gain":0,"max_hp_loss":0,"event_name":"Back to Basics","floor":28,"gold_loss":0,"cards_upgraded":["Strike_R","Strike_R","Defend_R","Defend_R"]}],"is_beta":false,"boss_relics":[{"not_picked":["Pandora\u0027s Box","Runic Dome"],"picked":"Busted Crown"}],"items_purged_floors":[13],"is_endless":false,"potions_floor_spawned":[5,7,8,11,16,23,24,31],"killed_by":"Champ","ascension_level":18}