{"gold_per_floor":[112,112,128,228,243,278,289,289,364,218,218,228,228,246,246,348,348,365,55,55,55,73,73,92,92,92,117,117,117,135,162,162,267,267,287,304,304,304,323,323,337,337],"floor_reached":42,"playtime":1851,"items_purged":["Strike_R","Strike_R"],"score":579,"play_id":"77d57d32-b5a2-4f7b-aa68-6c3f8f077987","local_time":"20190412135800","is_ascension_mode":true,"campfire_choices":[{"data":"Cleave","floor":8,"key":"SMITH"},{"floor":11,"key":"REST"},{"data":"Bash","floor":13,"key":"SMITH"},{"data":"Fiend Fire","floor":15,"key":"SMITH"},{"floor":23,"key":"REST"},{"floor":25,"key":"RECALL"},{"floor":29,"key":"REST"},{"floor":32,"key":"REST"},{"floor":40,"key":"REST"}],"neow_cost":"NONE","seed_source_timestamp":1614559528200,"circlet_count":0,"master_deck":["Strike_R+1","Strike_R+1","Strike_R+1","Defend_R+1","Defend_R+1","Defend_R+1","Defend_R+1","Bash+1","Fiend Fire+1","Iron Wave+1","Rage+1","Cleave+1","Twin Strike+1","Flex+1","Sword Boomerang+1","Twin Strike+1","Demon Form+1","Immolate+1","Pommel Strike+1","Spot Weakness+1","Armaments+1","Metallicize+1","Rage+1","Bash+1","Flame Barrier+1","Feed+1","Flame Barrier+1","Twin Strike+1","Dropkick+1","Inflame+1"],"relics":["Burning Blood","Champion Belt","Frozen Egg 2","Fusion Hammer","MealTicket","Kunai","PreservedInsect","Bronze Scales","Busted Crown","Mark of the Bloom"],"potions_floor_usage":[6,16,22,22,30,41,42,42],"damage_taken":[{"damage":2,"enemies":"2 Louse","floor":1,"turns":2},{"damage":6,"enemies":"Cultist","floor":3,"turns":3},{"damage":7,"enemies":"Jaw Worm","floor":5,"turns":3},{"damage":38,"enemies":"3 Sentries","floor":6,"turns":10},{"damage":25,"enemies":"Lots of Slimes","floor":7,"turns":4},{"damage":11,"enemies":"3 Louse","floor":12,"turns":4},{"damage":7,"enemies":"Large Slime","floor":14,"turns":5},{"damage":37,"enemies":"The Guardian","floor":16,"turns":7},{"damage":27,"enemies":"Spheric Guardian","floor":18,"turns":4},{"damage":11,"enemies":"2 Thieves","floor":22,"turns":3},{"damage":5,"enemies":"Centurion and Healer","floor":24,"turns":4},{"damage":22,"enemies":"Book of Stabbing","floor":27,"turns":4},{"damage":24,"enemies":"Snake Plant","floor":30,"turns":3},{"damage":0,"enemies":"Gremlin Leader","floor":31,"turns":5},{"damage":75,"enemies":"Champ","floor":33,"turns":10},{"damage":3,"enemies":"Orb Walker","floor":35,"turns":3},{"damage":26,"enemies":"3 Darklings","floor":36,"turns":3},{"damage":4,"enemies":"Spire Growth","floor":39,"turns":3},{"damage":14,"enemies":"4 Shapes","floor":41,"turns":5},{"damage":31,"enemies":"Jaw Worm Horde","floor":42,"turns":2}],"seed_played":"1258989420216177947","potions_obtained":[{"floor":3,"key":"EssenceOfSteel"},{"floor":5,"key":"EssenceOfSteel"},{"floor":14,"key":"Regen Potion"},{"floor":16,"key":"Poison Potion"},{"floor":18,"key":"Strength Potion"},{"floor":30,"key":"FearPotion"},{"floor":35,"key":"Fire Potion"},{"floor":41,"key":"AttackPotion"}],"is_trial":false,"path_per_floor":["M","?","M","?","M","E","M","R","T","$","R","M","R","M","R","B",null,"M","$","?","$","M","R","M","R","T","E","?","R","M","E","R","B",null,"M","M","?","?","M","R","M","M"],"character_chosen":"IRONCLAD","items_purchased":["Flex","Sword Boomerang","MealTicket"],"campfire_rested":5,"item_purchase_floors":[10,10,19],"current_hp_per_floor":[80,80,80,80,79,47,28,28,28,28,52,47,47,46,46,29,67,46,46,46,61,56,80,80,80,80,64,64,80,62,68,80,11,63,66,46,46,46,42,42,28,0],"gold":337,"neow_bonus":"ONE_RANDOM_RARE_CARD","is_prod":false,"is_daily":false,"chose_seed":false,"campfire_upgraded":3,"win_rate":0,"timestamp":1555091880,"path_taken":["M","?","?","?","M","E","M","R","T","$","R","M","R","M","R","BOSS","M","?","?","$","M","R","M","R","T","E","?","R","?","E","R","BOSS","M","M","?","?","M","R","M","?"],"build_version":"2019-01-23","purchased_purges":2,"victory":false,"max_hp_per_floor":[80,80,80,80,80,80,80,80,80,80,80,80,80,80,80,80,80,80,80,80,80,80,80,80,80,80,80,80,80,80,80,80,80,80,80,80,80,80,80,80,80,84],"card_choices":[{"not_picked":["Headbutt","Reckless Charge"],"picked":"Iron Wave","floor":1},{"not_picked":["Sword Boomerang","Perfected Strike"],"picked":"Rage","floor":3},{"not_picked":["Headbutt","Seeing Red"],"picked":"Cleave","floor":5},{"not_picked":["Body Slam","Rage","Reckless Charge"],"picked":"SKIP","floor":6},{"not_picked":["Clothesline","True Grit"],"picked":"Twin Strike","floor":7},{"not_picked":["Iron Wave","True Grit"],"picked":"Twin Strike","floor":12},{"not_picked":["Dual Wield","Blood for Blood"],"picked":"Demon Form+1","floor":14},{"not_picked":["Offering","Double Tap"],"picked":"Immolate","floor":16},{"not_picked":["Dual Wield","Cleave+1"],"picked":"Pommel Strike","floor":18},{"not_picked":["Thunderclap+1","Second Wind+1"],"picked":"Armaments","floor":22},{"not_picked":["Pummel","Body Slam"],"picked":"Metallicize+1","floor":24},{"not_picked":["Twin Strike","Metallicize+1","Clash"],"picked":"SKIP","floor":27},{"not_picked":["Heavy Blade","Headbutt","Iron Wave"],"picked":"SKIP","floor":30},{"not_picked":["Berserk+1","Power Through"],"picked":"Flame Barrier+1","floor":31},{"not_picked":["Demon Form+1","Exhume"],"picked":"Feed","floor":33},{"not_picked":[],"picked":"Flame Barrier+1","floor":35},{"not_picked":[],"picked":"Twin Strike+1","floor":36},{"not_picked":[],"picked":"Dropkick+1","floor":39},{"not_picked":[],"picked":"Inflame+1","floor":41}],"player_experience":111020,"relics_obtained":[{"floor":6,"key":"Champion Belt"},{"floor":9,"key":"Frozen Egg 2"},{"floor":26,"key":"Kunai"},{"floor":27,"key":"PreservedInsect"},{"floor":31,"key":"Bronze Scales"}],"event_choices":[{"damage_healed":0,"gold_gain":0,"player_choice":"Bought 0 Potions","damage_taken":0,"max_hp_gain":0,"max_hp_loss":0,"event_name":"The Woman in Blue","floor":2,"gold_loss":0},{"damage_healed":0,"gold_gain":100,"player_choice":"Pray","damage_taken":0,"max_hp_gain":0,"max_hp_loss":0,"event_name":"Golden Shrine","floor":4,"gold_loss":0},{"damage_healed":0,"gold_gain":0,"player_choice":"Read","damage_taken":0,"max_hp_gain":0,"max_hp_loss":0,"event_name":"The Library","floor":20,"gold_loss":0,"cards_obtained":["Spot Weakness"]},{"damage_healed":0,"gold_gain":0,"player_choice":"3 cards matched","damage_taken":0,"max_hp_gain":0,"max_hp_loss":0,"event_name":"Match and Keep!","floor":28,"gold_loss":0,"cards_obtained":["Shame","Rage","Bash"]},{"damage_healed":0,"gold_gain":0,"player_choice":"Upgrade","damage_taken":0,"relics_obtained":["Mark of the Bloom"],"max_hp_gain":0,"max_hp_loss":0,"event_name":"MindBloom","floor":37,"gold_loss":0,"cards_upgraded":["Strike_R","Strike_R","Strike_R","Defend_R","Defend_R","Defend_R","Defend_R","Iron Wave","Rage","Twin Strike","Flex","Sword Boomerang","Twin Strike","Immolate","Pommel Strike","Spot Weakness","Armaments","Rage","Bash","Feed"]},{"cards_removed":["Shame"],"damage_healed":0,"gold_gain":0,"player_choice":"Purged","damage_taken":0,"max_hp_gain":0,"max_hp_loss":0,"event_name":"Purifier","floor":38,"gold_loss":0}],"is_beta":false,"boss_relics":[{"not_picked":["Coffee Dripper","Velvet Choker"],"picked":"Fusion Hammer"},{"not_picked":["Mark of Pain","White Beast Statue"],"picked":"Busted Crown"}],"items_purged_floors":[10,19],"is_endless":false,"potions_floor_spawned":[3,5,14,16,18,30,35,41],"killed_by":"Jaw Worm Horde","ascension_level":5}