{"gold_per_floor":[117,192,37,55,55,81,91,119,198,198,198,213,213,213,213,310,310,310,210,210,210,210,210,210,210,210,85,85,85,6,6,6,6],"floor_reached":33,"playtime":1087,"items_purged":["Strike_R","Parasite","Strike_R"],"score":380,"play_id":"4dbcde60-67dc-44f5-89fa-fdf1efd496fd","local_time":"20190508203101","is_ascension_mode":true,"campfire_choices":[{"data":"Flame Barrier","floor":10,"key":"SMITH"},{"data":"Clothesline","floor":15,"key":"SMITH"},{"data":"RitualDagger","floor":23,"key":"SMITH"},{"floor":32,"key":"REST"}],"neow_cost":"NONE","seed_source_timestamp":152151213000,"circlet_count":0,"master_deck":["AscendersBane","Strike_R+1","Strike_R","Strike_R","Defend_R","Defend_R","Defend_R","Defend_R","Bash","Headbutt","Clothesline+1","Carnage+1","Cleave","Pommel Strike","Flame Barrier+1","RitualDagger+1","Iron Wave","Battle Trance"],"relics":["Burning Blood","Gambling Chip","Orichalcum","Dodecahedron","Shuriken","Ectoplasm","Sundial","Darkstone Periapt"],"potions_floor_usage":[8,31,31],"damage_taken":[{"damage":0,"enemies":"Small Slimes","floor":1,"turns":4},{"damage":7,"enemies":"Jaw Worm","floor":4,"turns":3},{"damage":8,"enemies":"Gremlin Nob","floor":6,"turns":3},{"damage":1,"enemies":"Cultist","floor":7,"turns":3},{"damage":29,"enemies":"3 Sentries","floor":8,"turns":5},{"damage":7,"enemies":"Blue Slaver","floor":12,"turns":3},{"damage":34,"enemies":"Hexaghost","floor":16,"turns":10},{"damage":3,"enemies":"Chosen","floor":18,"turns":4},{"damage":0,"enemies":"Spheric Guardian","floor":24,"turns":2},{"damage":32,"enemies":"Cultist and Chosen","floor":28,"turns":6},{"damage":13,"enemies":"Centurion and Healer","floor":29,"turns":5},{"damage":8,"enemies":"Snake Plant","floor":31,"turns":2},{"damage":47,"enemies":"Collector","floor":33,"turns":8}],"seed_played":"-4242822353463619402","potions_obtained":[{"floor":6,"key":"Dexterity Potion"},{"floor":12,"key":"Poison Potion"},{"floor":28,"key":"AttackPotion"}],"is_trial":false,"path_per_floor":["M","?","$","M","?","E","M","E","T","R","?","M","T","?","R","B",null,"M","$","?","?","T","R","M","?","T","$","M","M","$","M","R","B"],"character_chosen":"IRONCLAD","items_purchased":["Carnage","Battle Trance"],"campfire_rested":1,"item_purchase_floors":[3,30],"current_hp_per_floor":[78,67,67,66,66,64,69,46,46,46,30,29,29,49,49,21,65,68,68,54,48,48,48,54,54,54,54,28,21,21,19,43,0],"gold":6,"neow_bonus":"THREE_CARDS","is_prod":false,"is_daily":false,"chose_seed":false,"campfire_upgraded":3,"win_rate":0,"timestamp":1557361861,"path_taken":["M","?","$","M","?","E","?","E","T","R","?","M","?","?","R","BOSS","M","$","?","?","?","R","?","?","T","$","M","M","$","M","R","BOSS"],"build_version":"2019-01-23","purchased_purges":3,"victory":false,"max_hp_per_floor":[80,80,80,80,80,80,80,80,80,80,80,80,80,80,80,80,80,80,77,82,82,82,82,82,82,82,82,82,82,82,82,82,82],"card_choices":[{"not_picked":["Anger","Bloodletting"],"picked":"Headbutt","floor":0},{"not_picked":["Headbutt","Sever Soul"],"picked":"Clothesline","floor":1},{"not_picked":["Dual Wield","Carnage"],"picked":"Cleave","floor":4},{"not_picked":["Twin Strike","Headbutt"],"picked":"Pommel Strike","floor":6},{"not_picked":["Power Through","Combust","Berserk"],"picked":"SKIP","floor":7},{"not_picked":["Cleave","Anger"],"picked":"Flame Barrier","floor":8},{"not_picked":["Warcry","Twin Strike","Flame Barrier"],"picked":"SKIP","floor":12},{"not_picked":["Heavy Blade+1","Flex","Wild Strike+1"],"picked":"SKIP","floor":18},{"not_picked":["Warcry","Cleave+1","Flex"],"picked":"SKIP","floor":24},{"not_picked":["Perfected Strike","Cleave","Disarm"],"picked":"SKIP","floor":28},{"not_picked":["Thunderclap+1","Heavy Blade+1"],"picked":"Iron Wave","floor":29},{"not_picked":["Immolate","Iron Wave","Intimidate+1"],"picked":"SKIP","floor":31}],"player_experience":213495,"relics_obtained":[{"floor":6,"key":"Gambling Chip"},{"floor":8,"key":"Orichalcum"},{"floor":9,"key":"Dodecahedron"},{"floor":13,"key":"Shuriken"},{"floor":22,"key":"Sundial"},{"floor":26,"key":"Darkstone Periapt"}],"event_choices":[{"damage_healed":0,"gold_gain":75,"player_choice":"Gather Gold","damage_taken":11,"max_hp_gain":0,"max_hp_loss":0,"event_name":"World of Goop","floor":2,"gold_loss":0},{"damage_healed":0,"gold_gain":0,"player_choice":"Bought 0 Potions","damage_taken":0,"max_hp_gain":0,"max_hp_loss":0,"event_name":"The Woman in Blue","floor":5,"gold_loss":0},{"damage_healed":0,"gold_gain":0,"player_choice":"Entered Light","damage_taken":16,"max_hp_gain":0,"max_hp_loss":0,"event_name":"Shining Light","floor":11,"gold_loss":0,"cards_upgraded":["Carnage","Strike_R"]},{"damage_healed":20,"gold_gain":0,"player_choice":"Healed and dodged fight","damage_taken":0,"max_hp_gain":0,"max_hp_loss":0,"event_name":"Mushrooms","floor":14,"gold_loss":0,"cards_obtained":["Parasite"]},{"damage_healed":0,"gold_gain":0,"player_choice":"Shed Blood","damage_taken":19,"max_hp_gain":5,"max_hp_loss":0,"event_name":"Forgotten Altar","floor":20,"gold_loss":0},{"damage_healed":0,"gold_gain":0,"player_choice":"Joined the Cult","damage_taken":6,"max_hp_gain":0,"max_hp_loss":0,"event_name":"Nest","floor":21,"gold_loss":0,"cards_obtained":["RitualDagger"]},{"damage_healed":0,"gold_gain":0,"player_choice":"Ignored","damage_taken":0,"max_hp_gain":0,"max_hp_loss":0,"event_name":"N\u0027loth","floor":25,"gold_loss":0}],"is_beta":false,"boss_relics":[{"not_picked":["Runic Pyramid","Empty Cage"],"picked":"Ectoplasm"}],"items_purged_floors":[3,19,27],"is_endless":false,"potions_floor_spawned":[6,12,28],"killed_by":"Collector","ascension_level":10}