{"gold_per_floor":[115,132,158,34,48,48,76,76,76,92,10,88,88,105,105,105],"floor_reached":16,"playtime":417,"items_purged":[],"score":170,"play_id":"667aa1e0-416f-40fd-892e-451303bff4a8","local_time":"20190527215650","is_ascension_mode":true,"campfire_choices":[{"data":"Bash","floor":6,"key":"SMITH"},{"data":"Carnage","floor":8,"key":"SMITH"},{"data":"True Grit","floor":15,"key":"SMITH"}],"neow_cost":"NONE","seed_source_timestamp":13117829281600,"circlet_count":0,"master_deck":["AscendersBane","Strike_R","Strike_R","Strike_R","Strike_R","Strike_R","Defend_R","Defend_R","Defend_R","Defend_R","Bash+1","Warcry","Disarm","Anger","Carnage+1","Shrug It Off","Twin Strike","Inflame","Reaper","True Grit+1"],"relics":["Burning Blood","Blood Vial","PreservedInsect","Bottled Lightning"],"potions_floor_usage":[7,16,16],"damage_taken":[{"damage":11,"enemies":"Cultist","floor":1,"turns":4},{"damage":14,"enemies":"2 Louse","floor":2,"turns":4},{"damage":5,"enemies":"Small Slimes","floor":5,"turns":4},{"damage":22,"enemies":"3 Sentries","floor":7,"turns":8},{"damage":16,"enemies":"3 Louse","floor":10,"turns":3},{"damage":7,"enemies":"Blue Slaver","floor":14,"turns":3},{"damage":59,"enemies":"Slime Boss","floor":16,"turns":13}],"seed_played":"6296479945694530011","potions_obtained":[{"floor":5,"key":"Dexterity Potion"},{"floor":7,"key":"EssenceOfSteel"},{"floor":14,"key":"GamblersBrew"}],"is_trial":false,"path_per_floor":["M","M","T","$","M","R","E","R","T","M","$","?","?","M","R","B"],"character_chosen":"IRONCLAD","items_purchased":["Carnage","Shrug It Off","Reaper"],"campfire_rested":0,"item_purchase_floors":[4,4,11],"current_hp_per_floor":[63,55,55,55,58,58,44,44,44,36,36,36,41,42,42,0],"gold":105,"neow_bonus":"THREE_CARDS","is_prod":false,"is_daily":false,"chose_seed":false,"campfire_upgraded":3,"win_rate":0,"timestamp":1559008610,"path_taken":["M","?","?","$","M","R","E","R","T","M","$","?","?","M","R","BOSS"],"build_version":"2019-01-23","purchased_purges":0,"victory":false,"max_hp_per_floor":[75,75,75,75,75,75,75,75,75,75,75,75,80,80,80,80],"card_choices":[{"not_picked":["Body Slam","Feel No Pain"],"picked":"Warcry","floor":0},{"not_picked":["Anger","Warcry"],"picked":"Disarm","floor":1},{"not_picked":["Clash","Havoc"],"picked":"Anger","floor":2},{"not_picked":["Fire Breathing","Carnage"],"picked":"Twin Strike","floor":5},{"not_picked":["Clash","Warcry"],"picked":"Inflame","floor":7},{"not_picked":["Corruption","Headbutt","Pommel Strike"],"picked":"SKIP","floor":10},{"not_picked":["Rampage","Anger"],"picked":"True Grit","floor":14}],"player_experience":348981,"relics_obtained":[{"floor":3,"key":"Blood Vial"},{"floor":7,"key":"PreservedInsect"},{"floor":9,"key":"Bottled Lightning"}],"event_choices":[{"damage_healed":0,"gold_gain":78,"player_choice":"Gained Gold","damage_taken":0,"max_hp_gain":0,"max_hp_loss":0,"event_name":"Golden Wing","floor":12,"gold_loss":0},{"damage_healed":0,"gold_gain":0,"player_choice":"Donut","damage_taken":0,"max_hp_gain":5,"max_hp_loss":0,"event_name":"Big Fish","floor":13,"gold_loss":0}],"is_beta":false,"boss_relics":[],"items_purged_floors":[],"is_endless":false,"potions_floor_spawned":[5,7,14],"killed_by":"Slime Boss","ascension_level":14}