{"gold_per_floor":[112,112,125,141,91,91,110,137,137,137,147,147,165,175,175,249,249,269,184,184,184,203,203,51,101,179,207,222,36,61,77,77,155,155,173,173,200,75,94,121,121,121,197,197,215,215,234,254,254,254],"floor_reached":51,"playtime":1263,"items_purged":["Strike_R+1","Clumsy","Writhe"],"score":1192,"play_id":"451c9853-85c1-4bc2-a7bb-cb09223be230","local_time":"20190524203350","is_ascension_mode":true,"campfire_choices":[{"data":"Uppercut","floor":6,"key":"SMITH"},{"data":"Flame Barrier","floor":10,"key":"SMITH"},{"data":"Clothesline","floor":15,"key":"SMITH"},{"data":"Immolate","floor":23,"key":"SMITH"},{"data":"Inflame","floor":32,"key":"SMITH"},{"data":"True Grit","floor":44,"key":"SMITH"},{"data":"Heavy Blade","floor":49,"key":"SMITH"}],"neow_cost":"NONE","seed_source_timestamp":13323354587800,"circlet_count":0,"master_deck":["AscendersBane","Strike_R+1","Defend_R+1","Defend_R+1","Defend_R+1","Defend_R+1","Bash+1","Uppercut+1","Iron Wave","Immolate+1","Flame Barrier+1","Armaments","Battle Trance","True Grit+1","Clothesline+1","Reaper","Pommel Strike","Necronomicurse","Iron Wave","Inflame+1","Feed","Cleave+1","Blind+1","Shrug It Off+1","Limit Break+1","Shrug It Off+1","Heavy Blade+1","Pain","Ghostly Armor+1"],"relics":["Burning Blood","Vajra","Bottled Lightning","Orichalcum","Cursed Key","Pantograph","Necronomicon","Toxic Egg 2","Red Skull","Shuriken","Lizard Tail","Bag of Marbles","Regal Pillow","Mercury Hourglass"],"potions_floor_usage":[13,16,27,28,33,50,50],"damage_taken":[{"damage":10,"enemies":"Small Slimes","floor":1,"turns":3},{"damage":0,"enemies":"2 Louse","floor":3,"turns":2},{"damage":0,"enemies":"Cultist","floor":4,"turns":3},{"damage":16,"enemies":"Large Slime","floor":7,"turns":6},{"damage":25,"enemies":"3 Sentries","floor":8,"turns":7},{"damage":2,"enemies":"2 Fungi Beasts","floor":11,"turns":3},{"damage":0,"enemies":"Lots of Slimes","floor":13,"turns":1},{"damage":0,"enemies":"Exordium Wildlife","floor":14,"turns":3},{"damage":49,"enemies":"Hexaghost","floor":16,"turns":12},{"damage":17,"enemies":"Spheric Guardian","floor":18,"turns":5},{"damage":0,"enemies":"Chosen","floor":22,"turns":3},{"damage":18,"enemies":"Slavers","floor":27,"turns":3},{"damage":3,"enemies":"Centurion and Healer","floor":28,"turns":3},{"damage":22,"enemies":"Book of Stabbing","floor":30,"turns":4},{"damage":0,"enemies":"Snecko","floor":31,"turns":2},{"damage":25,"enemies":"Collector","floor":33,"turns":6},{"damage":4,"enemies":"3 Shapes","floor":35,"turns":3},{"damage":0,"enemies":"Orb Walker","floor":39,"turns":2},{"damage":28,"enemies":"Reptomancer","floor":40,"turns":7},{"damage":14,"enemies":"4 Shapes","floor":45,"turns":3},{"damage":5,"enemies":"3 Darklings","floor":47,"turns":2},{"damage":21,"enemies":"Maw","floor":48,"turns":5},{"damage":71,"enemies":"Donu and Deca","floor":50,"turns":8}],"seed_played":"-6047306004188589560","potions_obtained":[{"floor":1,"key":"Poison Potion"},{"floor":7,"key":"PowerPotion"},{"floor":11,"key":"Explosive Potion"},{"floor":13,"key":"Explosive Potion"},{"floor":16,"key":"SpeedPotion"},{"floor":22,"key":"BloodPotion"},{"floor":27,"key":"Energy Potion"},{"floor":30,"key":"LiquidBronze"},{"floor":45,"key":"SkillPotion"}],"is_trial":false,"path_per_floor":["M","?","M","M","?","R","M","E","T","R","M","?","M","M","R","B",null,"M","?","?","?","M","R","$","?","T","E","M","$","E","M","R","B",null,"M","?","T","$","M","E","$","?","T","R","M","?","M","M","R","B",null],"character_chosen":"IRONCLAD","items_purchased":["Inflame","Blind+1"],"campfire_rested":0,"item_purchase_floors":[24,29],"current_hp_per_floor":[68,65,71,77,77,77,67,48,48,48,52,52,58,64,64,21,65,54,54,38,38,44,44,44,44,44,32,43,43,43,52,52,70,80,82,79,79,79,79,57,57,57,57,57,71,71,79,64,64,14],"gold":254,"neow_bonus":"UPGRADE_CARD","is_prod":false,"is_daily":false,"chose_seed":false,"campfire_upgraded":7,"win_rate":0,"timestamp":1558744430,"path_taken":["M","?","M","M","?","R","M","E","T","R","M","?","M","M","R","BOSS","M","?","?","?","M","R","$","?","T","E","?","$","E","M","R","BOSS","M","?","?","$","M","E","$","?","T","R","M","?","M","M","R","BOSS"],"build_version":"2019-01-23","purchased_purges":3,"victory":true,"max_hp_per_floor":[80,80,80,80,80,80,80,80,80,80,80,80,80,80,80,80,80,80,80,80,80,80,80,80,80,80,80,80,80,80,83,83,83,83,83,79,79,79,79,79,79,79,79,79,79,79,79,79,79,79],"card_choices":[{"not_picked":["Armaments","Clothesline"],"picked":"Uppercut","floor":1},{"not_picked":["Sword Boomerang","Body Slam"],"picked":"Iron Wave","floor":3},{"not_picked":["Blood for Blood","Body Slam"],"picked":"Immolate","floor":4},{"not_picked":["Fire Breathing","Inflame"],"picked":"Flame Barrier","floor":7},{"not_picked":["Wild Strike","Thunderclap"],"picked":"Armaments","floor":8},{"not_picked":["Flex","Armaments"],"picked":"Battle Trance","floor":11},{"not_picked":["Hemokinesis","Second Wind"],"picked":"True Grit","floor":13},{"not_picked":["Flex","Wild Strike"],"picked":"Clothesline","floor":14},{"not_picked":["Exhume","Demon Form"],"picked":"Reaper","floor":16},{"not_picked":["Clash","Flex"],"picked":"Pommel Strike","floor":18},{"not_picked":["Evolve","Uppercut"],"picked":"Iron Wave","floor":22},{"not_picked":["Sentinel+1","Wild Strike"],"picked":"Feed","floor":27},{"not_picked":["Clash","Warcry+1"],"picked":"Cleave+1","floor":28},{"not_picked":["Corruption","Havoc+1"],"picked":"Shrug It Off+1","floor":30},{"not_picked":["Power Through+1","Flex+1","Clothesline"],"picked":"SKIP","floor":31},{"not_picked":["Feed","Exhume+1"],"picked":"Limit Break+1","floor":33},{"not_picked":["Seeing Red+1","Clothesline"],"picked":"Shrug It Off+1","floor":35},{"not_picked":["Thunderclap","Rupture"],"picked":"Heavy Blade","floor":39},{"not_picked":["Demon Form","Intimidate+1","Anger"],"picked":"SKIP","floor":40},{"not_picked":["Clothesline","Pommel Strike","Sword Boomerang+1"],"picked":"SKIP","floor":45},{"not_picked":["Demon Form","Pommel Strike","Flex+1"],"picked":"SKIP","floor":47},{"not_picked":["Iron Wave","Anger"],"picked":"Ghostly Armor+1","floor":48}],"player_experience":347392,"relics_obtained":[{"floor":8,"key":"Bottled Lightning"},{"floor":9,"key":"Orichalcum"},{"floor":20,"key":"Necronomicon"},{"floor":26,"key":"Toxic Egg 2"},{"floor":27,"key":"Red Skull"},{"floor":30,"key":"Shuriken"},{"floor":37,"key":"Bag of Marbles"},{"floor":40,"key":"Regal Pillow"},{"floor":43,"key":"Mercury Hourglass"}],"event_choices":[{"damage_healed":0,"gold_gain":0,"player_choice":"Success","damage_taken":3,"relics_obtained":["Vajra"],"max_hp_gain":0,"max_hp_loss":0,"event_name":"Scrap Ooze","floor":2,"gold_loss":0},{"cards_removed":["Strike_R"],"damage_healed":0,"gold_gain":0,"player_choice":"Card Removal","damage_taken":0,"max_hp_gain":0,"max_hp_loss":0,"event_name":"The Cleric","floor":5,"gold_loss":50},{"cards_removed":["Strike_R"],"damage_healed":0,"gold_gain":0,"player_choice":"Offered Basic","damage_taken":0,"max_hp_gain":0,"max_hp_loss":0,"event_name":"Bonfire Elementals","floor":12,"gold_loss":0},{"damage_healed":0,"gold_gain":0,"player_choice":"Obtained Relic","damage_taken":0,"relics_obtained":["Pantograph"],"max_hp_gain":0,"max_hp_loss":0,"event_name":"Addict","floor":19,"gold_loss":85},{"damage_healed":0,"gold_gain":0,"player_choice":"Obtained Book","damage_taken":16,"max_hp_gain":0,"max_hp_loss":0,"event_name":"Cursed Tome","floor":20,"gold_loss":0},{"damage_healed":0,"gold_gain":0,"player_choice":"Simplicity","damage_taken":0,"max_hp_gain":0,"max_hp_loss":0,"event_name":"Back to Basics","floor":21,"gold_loss":0,"cards_upgraded":["Strike_R","Strike_R","Strike_R","Defend_R","Defend_R","Defend_R","Defend_R"]},{"damage_healed":0,"gold_gain":100,"player_choice":"Bet on Murderer","damage_taken":0,"max_hp_gain":0,"max_hp_loss":0,"event_name":"The Joust","floor":25,"gold_loss":50},{"damage_healed":0,"gold_gain":0,"player_choice":"Max HP","damage_taken":0,"max_hp_gain":0,"max_hp_loss":4,"event_name":"Winding Halls","floor":36,"gold_loss":0},{"cards_removed":["Strike_R"],"damage_healed":0,"gold_gain":0,"player_choice":"Removed Attack","damage_taken":0,"max_hp_gain":0,"max_hp_loss":0,"event_name":"Falling","floor":42,"gold_loss":0},{"damage_healed":0,"gold_gain":0,"player_choice":"Ignored","damage_taken":0,"max_hp_gain":0,"max_hp_loss":0,"event_name":"Mysterious Sphere","floor":46,"gold_loss":0}],"is_beta":false,"boss_relics":[{"not_picked":["Philosopher\u0027s Stone","Eternal Feather"],"picked":"Cursed Key"},{"not_picked":["Velvet Choker","Calling Bell"],"picked":"Lizard Tail"}],"items_purged_floors":[24,29,38],"is_endless":false,"potions_floor_spawned":[1,7,8,11,13,16,22,27,30,45,48],"ascension_level":13}