{"gold_per_floor":[109,384,259,259,278,307,319,356,419,431,475,503,515,539,551,662,674,704,716,728,750,762,774,798,810,894,906,878,905,917,954,966,1073,1085,1109,712,512,525,525,525,525,541,564,564,583,583,232,266,266,266],"floor_reached":51,"playtime":900,"items_purged":["Regret","Strike_R","Strike_R","Strike_R"],"score":809,"play_id":"5256da52-117e-40aa-8061-021b26a5ddfc","local_time":"20190321025958","is_ascension_mode":false,"campfire_choices":[{"data":"Flex","floor":7,"key":"SMITH"},{"data":"Bash","floor":10,"key":"SMITH"},{"data":"Heavy Blade","floor":13,"key":"SMITH"},{"data":"Metallicize","floor":15,"key":"SMITH"},{"data":"Flex","floor":23,"key":"SMITH"},{"data":"Spot Weakness","floor":25,"key":"SMITH"},{"data":"Pummel","floor":27,"key":"SMITH"},{"data":"Twin Strike","floor":30,"key":"SMITH"},{"data":"Immolate","floor":32,"key":"SMITH"},{"data":"Limit Break","floor":40,"key":"SMITH"},{"data":"Battle Trance","floor":41,"key":"SMITH"},{"data":"Feed","floor":44,"key":"SMITH"},{"data":"Thunderclap","floor":46,"key":"SMITH"},{"floor":49,"key":"REST"}],"neow_cost":"NONE","seed_source_timestamp":63770765051751,"circlet_count":0,"master_deck":["Strike_R","Strike_R","Defend_R","Defend_R","Defend_R","Defend_R","Bash+1","Twin Strike+1","Flex+1","Metallicize+1","Heavy Blade+1","Thunderclap+1","Pummel+1","Bludgeon+1","Flex+1","Spot Weakness+1","Shrug It Off+1","Immolate+1","Feed+1","Limit Break+1","Battle Trance+1","Heavy Blade+1","Metallicize+1"],"relics":["Burning Blood","NeowsBlessing","Bronze Scales","MawBank","Singing Bowl","Bag of Marbles","WingedGreaves","Velvet Choker","Mummified Hand","Darkstone Periapt","Sozu","Juzu Bracelet","Vajra","MealTicket","Pantograph"],"potions_floor_usage":[5,16,28,33,50],"damage_taken":[{"damage":0,"enemies":"Small Slimes","floor":1,"turns":1},{"damage":0,"enemies":"Cultist","floor":5,"turns":1},{"damage":0,"enemies":"Lagavulin","floor":6,"turns":1},{"damage":14,"enemies":"Gremlin Nob","floor":8,"turns":4},{"damage":15,"enemies":"3 Sentries","floor":11,"turns":7},{"damage":0,"enemies":"2 Louse","floor":12,"turns":2},{"damage":6,"enemies":"Red Slaver","floor":14,"turns":3},{"damage":51,"enemies":"Hexaghost","floor":16,"turns":8},{"damage":5,"enemies":"3 Byrds","floor":18,"turns":3},{"damage":17,"enemies":"2 Thieves","floor":21,"turns":3},{"damage":0,"enemies":"Centurion and Healer","floor":24,"turns":4},{"damage":1,"enemies":"Chosen and Byrds","floor":29,"turns":4},{"damage":20,"enemies":"Book of Stabbing","floor":31,"turns":3},{"damage":59,"enemies":"Automaton","floor":33,"turns":10},{"damage":12,"enemies":"3 Shapes","floor":35,"turns":5},{"damage":10,"enemies":"Orb Walker","floor":38,"turns":2},{"damage":2,"enemies":"3 Darklings","floor":42,"turns":1},{"damage":5,"enemies":"Jaw Worm Horde","floor":45,"turns":2},{"damage":18,"enemies":"Nemesis","floor":48,"turns":3},{"damage":95,"enemies":"Awakened One","floor":50,"turns":6}],"seed_played":"-8151768217211895414","potions_obtained":[{"floor":1,"key":"Block Potion"},{"floor":5,"key":"Fruit Juice"},{"floor":8,"key":"Ancient Potion"},{"floor":16,"key":"Swift Potion"},{"floor":18,"key":"GamblersBrew"},{"floor":24,"key":"Regen Potion"},{"floor":28,"key":"Fruit Juice"},{"floor":28,"key":"Ancient Potion"},{"floor":28,"key":"SmokeBomb"}],"is_trial":false,"path_per_floor":["M","?","$","?","M","E","R","E","T","R","E","M","R","M","R","B",null,"M","$","?","M","?","R","M","R","T","R","?","M","R","E","R","B",null,"M","$","$","M","?","R","R","M","T","R","M","R","$","E","R","B",null],"character_chosen":"IRONCLAD","items_purchased":["Flex","Limit Break","Juzu Bracelet","Battle Trance","MealTicket"],"campfire_rested":1,"item_purchase_floors":[3,36,36,37,47],"current_hp_per_floor":[80,80,80,80,85,85,85,79,79,79,70,76,76,78,78,33,89,91,91,91,80,80,80,86,86,86,86,91,96,96,82,82,29,96,92,92,92,90,90,90,90,94,94,94,101,101,101,89,106,31],"gold":266,"neow_bonus":"THREE_ENEMY_KILL","is_prod":false,"is_daily":false,"chose_seed":false,"campfire_upgraded":13,"win_rate":0,"timestamp":1553158798,"path_taken":["M","?","?","?","?","E","R","E","T","R","E","M","R","M","R","BOSS","M","$","?","?","?","R","M","R","T","R","?","M","R","E","R","BOSS","M","?","$","M","?","R","R","M","T","R","M","R","$","E","R","BOSS"],"build_version":"2019-01-23","purchased_purges":4,"victory":true,"max_hp_per_floor":[80,80,80,80,85,85,85,87,87,87,87,87,87,89,89,89,89,91,91,91,91,91,91,91,91,91,91,96,96,96,96,96,96,96,98,98,98,100,100,100,100,100,100,100,106,106,106,106,106,106],"card_choices":[{"not_picked":["Evolve","Sword Boomerang"],"picked":"Twin Strike","floor":1},{"not_picked":["Combust","Anger"],"picked":"Metallicize","floor":5},{"not_picked":["Clash","Perfected Strike"],"picked":"Heavy Blade","floor":6},{"not_picked":["Sword Boomerang","True Grit","Fiend Fire"],"picked":"Singing Bowl","floor":8},{"not_picked":["Iron Wave","Havoc"],"picked":"Thunderclap","floor":11},{"not_picked":["Ghostly Armor","Warcry"],"picked":"Pummel","floor":12},{"not_picked":["Wild Strike","Pommel Strike","Cleave"],"picked":"Singing Bowl","floor":14},{"not_picked":["Fiend Fire","Barricade"],"picked":"Bludgeon","floor":16},{"not_picked":["Warcry","True Grit+1","Heavy Blade"],"picked":"Singing Bowl","floor":18},{"not_picked":["Seeing Red","Perfected Strike+1"],"picked":"Flex","floor":21},{"not_picked":["Sword Boomerang","Power Through"],"picked":"Spot Weakness","floor":24},{"not_picked":["Clash","Rampage+1"],"picked":"Shrug It Off+1","floor":29},{"not_picked":["Perfected Strike","Heavy Blade"],"picked":"Immolate","floor":31},{"not_picked":["Juggernaut","Bludgeon"],"picked":"Feed","floor":33},{"not_picked":["Twin Strike","Evolve+1","Iron Wave+1"],"picked":"Singing Bowl","floor":35},{"not_picked":["Warcry+1","Pommel Strike","Sword Boomerang"],"picked":"Singing Bowl","floor":38},{"not_picked":["Armaments+1","True Grit+1"],"picked":"Heavy Blade+1","floor":42},{"not_picked":["Double Tap","Combust+1","Sentinel"],"picked":"Singing Bowl","floor":45},{"not_picked":["Clothesline","Clash"],"picked":"Metallicize+1","floor":48}],"player_experience":1101540,"relics_obtained":[{"floor":6,"key":"MawBank"},{"floor":8,"key":"Singing Bowl"},{"floor":9,"key":"Bag of Marbles"},{"floor":11,"key":"WingedGreaves"},{"floor":26,"key":"Mummified Hand"},{"floor":31,"key":"Darkstone Periapt"},{"floor":43,"key":"Vajra"},{"floor":48,"key":"Pantograph"}],"event_choices":[{"damage_healed":0,"gold_gain":275,"player_choice":"Desecrate","damage_taken":0,"max_hp_gain":0,"max_hp_loss":0,"event_name":"Golden Shrine","floor":2,"gold_loss":0,"cards_obtained":["Regret"]},{"damage_healed":0,"gold_gain":0,"player_choice":"Gave Potion","damage_taken":0,"relics_obtained":["Bronze Scales"],"max_hp_gain":0,"max_hp_loss":0,"event_name":"WeMeetAgain","floor":4,"gold_loss":0},{"damage_healed":0,"gold_gain":0,"player_choice":"Upgraded","damage_taken":0,"max_hp_gain":0,"max_hp_loss":0,"event_name":"Upgrade Shrine","floor":20,"gold_loss":0,"cards_upgraded":["Bludgeon"]},{"damage_healed":0,"gold_gain":0,"player_choice":"Ignored","damage_taken":0,"max_hp_gain":0,"max_hp_loss":0,"event_name":"Ghosts","floor":22,"gold_loss":0},{"damage_healed":0,"gold_gain":0,"player_choice":"Bought 3 Potions","damage_taken":0,"max_hp_gain":0,"max_hp_loss":0,"event_name":"The Woman in Blue","floor":28,"gold_loss":0},{"damage_healed":0,"gold_gain":0,"player_choice":"Ignored","damage_taken":0,"max_hp_gain":0,"max_hp_loss":0,"event_name":"NoteForYourself","floor":39,"gold_loss":0}],"is_beta":false,"boss_relics":[{"not_picked":["Fusion Hammer","Pandora\u0027s Box"],"picked":"Velvet Choker"},{"not_picked":["White Beast Statue","Snecko Eye"],"picked":"Sozu"}],"items_purged_floors":[3,36,37,47],"is_endless":false,"potions_floor_spawned":[1,5,8,16,18,24,45,48],"ascension_level":0}