{"gold_per_floor":[118,94,94,94,105,105,124,152,152,77,77,88,88,108,108,209,209,225,225,238,238],"floor_reached":21,"playtime":1441,"items_purged":["Regret"],"score":224,"play_id":"46d47dd1-4bba-451d-919c-44b2129cc113","local_time":"20190223172114","is_ascension_mode":true,"campfire_choices":[{"data":"Zap","floor":6,"key":"SMITH"},{"data":"Dualcast","floor":11,"key":"SMITH"},{"floor":13,"key":"REST"},{"floor":15,"key":"REST"}],"neow_cost":"NONE","seed_source_timestamp":687532804821155,"circlet_count":0,"master_deck":["Strike_B","Strike_B","Strike_B","Strike_B","Defend_B","Defend_B","Defend_B","Defend_B","Zap+1","Dualcast+1","Coolheaded","Cold Snap","Sweeping Beam","Genetic Algorithm","Echo Form","Rebound","Cold Snap","Echo Form","Self Repair","Barrage"],"relics":["Cracked Core","Sundial","Regal Pillow","Omamori","Cursed Key"],"potions_floor_usage":[16,18,21],"damage_taken":[{"damage":1,"enemies":"Cultist","floor":1,"turns":3},{"damage":11,"enemies":"Jaw Worm","floor":5,"turns":4},{"damage":13,"enemies":"2 Louse","floor":7,"turns":3},{"damage":31,"enemies":"Lagavulin","floor":8,"turns":7},{"damage":0,"enemies":"Large Slime","floor":12,"turns":5},{"damage":5,"enemies":"Exordium Wildlife","floor":14,"turns":4},{"damage":31,"enemies":"Slime Boss","floor":16,"turns":12},{"damage":12,"enemies":"Chosen","floor":18,"turns":6},{"damage":24,"enemies":"3 Byrds","floor":20,"turns":5},{"damage":29,"enemies":"Shelled Parasite and Fungi","floor":21,"turns":3}],"seed_played":"2329675646966725212","potions_obtained":[{"floor":4,"key":"Dexterity Potion"},{"floor":4,"key":"GamblersBrew"},{"floor":4,"key":"Dexterity Potion"},{"floor":7,"key":"Swift Potion"},{"floor":20,"key":"LiquidBronze"}],"is_trial":false,"path_per_floor":["M","$","?","?","M","R","M","E","T","$","R","M","R","M","R","B",null,"M","?","M","M"],"character_chosen":"DEFECT","items_purchased":["Cold Snap"],"campfire_rested":2,"item_purchase_floors":[2],"current_hp_per_floor":[81,81,81,81,70,70,57,26,26,26,26,26,65,60,82,51,74,62,46,29,0],"gold":238,"neow_bonus":"TEN_PERCENT_HP_BONUS","is_prod":false,"is_daily":false,"chose_seed":false,"campfire_upgraded":2,"win_rate":0,"timestamp":1550971274,"path_taken":["M","?","?","?","?","R","M","E","T","$","R","M","R","M","R","BOSS","M","?","M","M"],"build_version":"2019-01-23","purchased_purges":1,"victory":false,"max_hp_per_floor":[82,82,82,82,82,82,82,82,82,82,82,82,82,82,82,82,82,82,87,87,87],"card_choices":[{"not_picked":["Redo","Go for the Eyes"],"picked":"Coolheaded","floor":1},{"not_picked":["Hologram","Go for the Eyes"],"picked":"Sweeping Beam","floor":5},{"not_picked":["Compile Driver","Gash"],"picked":"Genetic Algorithm","floor":7},{"not_picked":["Heatsinks","Redo"],"picked":"Echo Form","floor":8},{"not_picked":["Redo","Leap"],"picked":"Rebound","floor":12},{"not_picked":["Sweeping Beam","Turbo"],"picked":"Cold Snap","floor":14},{"not_picked":["Core Surge","Biased Cognition"],"picked":"Echo Form","floor":16},{"not_picked":["Barrage","Steam+1"],"picked":"Self Repair","floor":18},{"not_picked":["Force Field+1","Recycle"],"picked":"Barrage","floor":20}],"player_experience":330598,"relics_obtained":[{"floor":8,"key":"Regal Pillow"},{"floor":9,"key":"Omamori"}],"event_choices":[{"damage_healed":0,"gold_gain":0,"player_choice":"Box","damage_taken":0,"relics_obtained":["Sundial"],"max_hp_gain":0,"max_hp_loss":0,"event_name":"Big Fish","floor":3,"gold_loss":0,"cards_obtained":["Regret"]},{"damage_healed":0,"gold_gain":0,"player_choice":"Got Potions","damage_taken":0,"max_hp_gain":0,"max_hp_loss":0,"event_name":"Lab","floor":4,"gold_loss":0},{"damage_healed":0,"gold_gain":0,"player_choice":"Shed Blood","damage_taken":21,"max_hp_gain":5,"max_hp_loss":0,"event_name":"Forgotten Altar","floor":19,"gold_loss":0}],"is_beta":false,"boss_relics":[{"not_picked":["Astrolabe","Coffee Dripper"],"picked":"Cursed Key"}],"items_purged_floors":[10],"is_endless":false,"potions_floor_spawned":[7,12,20],"killed_by":"Shelled Parasite and Fungi","ascension_level":5}