{"gold_per_floor":[111,128,140,159,159,184,184,42,42,42,61,81,114,134,134,239,289,309,309,1,16,34,65,65,65,141,141,158,169,169,179,179,276,276,287,304,304,48,48,48,148,148,200,200,215,215,29,59,59,59],"floor_reached":51,"playtime":1435,"items_purged":["Strike_R","Strike_R","Strike_R+1","Strike_R+1"],"score":759,"play_id":"316229ea-c701-4979-9c9d-46235874660e","local_time":"20190321005105","is_ascension_mode":false,"campfire_choices":[{"data":"Flex","floor":7.0,"key":"SMITH"},{"data":"Uppercut","floor":10.0,"key":"SMITH"},{"data":"Armaments","floor":15.0,"key":"SMITH"},{"data":"Flex","floor":24,"key":"SMITH"},{"data":"Shockwave","floor":27,"key":"SMITH"},{"floor":32,"key":"REST"},{"data":"Limit Break","floor":40,"key":"SMITH"},{"data":"Uppercut","floor":42,"key":"SMITH"},{"data":"Bash","floor":46,"key":"SMITH"},{"floor":49,"key":"REST"}],"neow_cost":"NONE","seed_source_timestamp":55483650856638,"circlet_count":0,"master_deck":["Strike_R+1","Defend_R+1","Defend_R+1","Defend_R+1","Defend_R+1","Bash+1","Pummel","Heavy Blade","Flex+1","Headbutt","Heavy Blade","Uppercut+1","Shockwave+1","Thunderclap","Armaments+1","Brutality","Flex+1","Heavy Blade","Armaments+1","True Grit+1","Uppercut+1","Clash+1","Reaper","Limit Break+1","Armaments+1","Uppercut+1","True Grit+1","Twin Strike+1","Double Tap"],"special_seed":0,"relics":["Velvet Choker","Pantograph","Mercury Hourglass","Pear","Nloth\u0027s Gift","DollysMirror","Vajra","Letter Opener","Philosopher\u0027s Stone","Membership Card","Torii","Smiling Mask","ClockworkSouvenir","Paper Frog"],"potions_floor_usage":[23,37,45,50,50,50],"damage_taken":[{"damage":1.0,"enemies":"Cultist","floor":1.0,"turns":3.0},{"damage":7.0,"enemies":"2 Louse","floor":2.0,"turns":3.0},{"damage":0.0,"enemies":"Jaw Worm","floor":3.0,"turns":3.0},{"damage":8.0,"enemies":"3 Louse","floor":4.0,"turns":3.0},{"damage":24.0,"enemies":"Gremlin Nob","floor":6.0,"turns":4.0},{"damage":1.0,"enemies":"Large Slime","floor":11.0,"turns":4.0},{"damage":0.0,"enemies":"2 Fungi Beasts","floor":12.0,"turns":2.0},{"damage":8.0,"enemies":"3 Sentries","floor":13.0,"turns":5.0},{"damage":5.0,"enemies":"Looter","floor":14.0,"turns":2.0},{"damage":26.0,"enemies":"Hexaghost","floor":16.0,"turns":8.0},{"damage":7.0,"enemies":"3 Byrds","floor":18.0,"turns":3.0},{"damage":8.0,"enemies":"Shell Parasite","floor":21.0,"turns":4.0},{"damage":22.0,"enemies":"Cultist and Chosen","floor":22.0,"turns":6.0},{"damage":24,"enemies":"Gremlin Leader","floor":23,"turns":6},{"damage":4,"enemies":"Snake Plant","floor":28,"turns":3},{"damage":11,"enemies":"Shelled Parasite and Fungi","floor":29,"turns":3},{"damage":8,"enemies":"Snecko","floor":31,"turns":5},{"damage":62,"enemies":"Collector","floor":33,"turns":10},{"damage":3,"enemies":"3 Shapes","floor":35,"turns":3},{"damage":8,"enemies":"3 Darklings","floor":36,"turns":5},{"damage":0,"enemies":"Sphere and 2 Shapes","floor":37,"turns":1},{"damage":39,"enemies":"Mind Bloom Boss Battle","floor":41,"turns":7},{"damage":12,"enemies":"4 Shapes","floor":45,"turns":5},{"damage":47,"enemies":"Reptomancer","floor":48,"turns":8},{"damage":10,"enemies":"Awakened One","floor":50,"turns":4}],"seed_played":"9002028525110212918","potions_obtained":[{"floor":1.0,"key":"Ancient Potion"},{"floor":4.0,"key":"LiquidBronze"},{"floor":5.0,"key":"Regen Potion"},{"floor":12.0,"key":"GamblersBrew"},{"floor":16.0,"key":"SmokeBomb"},{"floor":17.0,"key":"Ancient Potion"},{"floor":18.0,"key":"Regen Potion"},{"floor":28,"key":"Weak Potion"},{"floor":33,"key":"SteroidPotion"},{"floor":41,"key":"Swift Potion"}],"is_trial":false,"path_per_floor":["M","M","M","M","?","E","R","$","T","R","M","M","E","M","R","B",null,"M","?","$","M","M","E","R","?","T","R","M","M","?","M","R","B",null,"M","M","M","$","?","R","?","R","T","?","M","R","$","E","R","B",null],"character_chosen":"IRONCLAD","items_purchased":["Uppercut","DollysMirror","Membership Card","ClockworkSouvenir","EssenceOfSteel"],"campfire_rested":2,"item_purchase_floors":[8,20,38,47,47],"current_hp_per_floor":[79,72,72,64,64,40,40,40,40,40,39,39,41,36,36,35,95,88,88,88,80,58,43,43,43,43,43,39,28,28,20,48,25,95,95,87,87,87,87,87,65,65,65,65,64,64,64,30,58,85],"gold":59,"neow_bonus":"BOSS_RELIC","is_prod":false,"is_daily":false,"chose_seed":false,"campfire_upgraded":8,"win_rate":0,"timestamp":1553151065,"path_taken":["M","?","M","?","?","E","R","?","T","R","?","M","E","M","R","BOSS","M","?","?","?","M","E","R","?","T","R","M","M","?","M","R","BOSS","M","M","M","$","?","R","?","R","T","?","?","R","$","E","R","BOSS"],"build_version":"2019-01-23","purchased_purges":4,"victory":true,"max_hp_per_floor":[80,80,80,80,80,80,80,80,80,80,80,80,90,90,90,90,95,95,95,95,95,95,95,95,95,95,95,95,95,95,95,95,95,95,95,95,95,95,95,95,95,95,95,95,95,95,95,95,95,95],"card_choices":[{"not_picked":["Sword Boomerang","Evolve"],"picked":"Pummel","floor":1.0},{"not_picked":["Blood for Blood","Rampage"],"picked":"Heavy Blade","floor":2.0},{"not_picked":["Perfected Strike","Seeing Red"],"picked":"Flex","floor":3.0},{"not_picked":["Havoc","Perfected Strike"],"picked":"Headbutt","floor":4.0},{"not_picked":["Headbutt","Evolve"],"picked":"Heavy Blade","floor":6.0},{"not_picked":["Seeing Red","Rampage"],"picked":"Shockwave","floor":11.0},{"not_picked":["Warcry","Power Through"],"picked":"Thunderclap","floor":12.0},{"not_picked":["Reckless Charge","Clash","Havoc"],"picked":"SKIP","floor":13.0},{"not_picked":["Pommel Strike","Feel No Pain"],"picked":"Armaments","floor":14.0},{"not_picked":["Reaper","Impervious"],"picked":"Brutality","floor":16.0},{"not_picked":["Thunderclap","Shrug It Off"],"picked":"Flex","floor":17.0},{"not_picked":["Clash","Twin Strike"],"picked":"Heavy Blade","floor":18.0},{"not_picked":["Iron Wave","Pommel Strike+1"],"picked":"True Grit+1","floor":21.0},{"not_picked":["Pommel Strike","Sword Boomerang","Reckless Charge"],"picked":"SKIP","floor":22.0},{"not_picked":["Entrench+1","Perfected Strike+1","Impervious"],"picked":"SKIP","floor":23},{"not_picked":["Iron Wave","Power Through"],"picked":"Uppercut","floor":28},{"not_picked":["Cleave+1","Heavy Blade"],"picked":"Clash+1","floor":29},{"not_picked":["Shrug It Off","Thunderclap"],"picked":"Reaper","floor":31},{"not_picked":["Fiend Fire","Brutality"],"picked":"Limit Break","floor":33},{"not_picked":["Combust+1","Burning Pact"],"picked":"Armaments+1","floor":35},{"not_picked":["Warcry+1","Cleave"],"picked":"Uppercut+1","floor":36},{"not_picked":["Wild Strike+1","Hemokinesis+1"],"picked":"True Grit+1","floor":41},{"not_picked":["Brutality","Wild Strike+1"],"picked":"Twin Strike+1","floor":45},{"not_picked":["Sword Boomerang+1","Feed"],"picked":"Double Tap","floor":48}],"player_experience":1093870,"relics_obtained":[{"floor":6.0,"key":"Pantograph"},{"floor":9.0,"key":"Mercury Hourglass"},{"floor":13.0,"key":"Pear"},{"floor":23,"key":"Vajra"},{"floor":26,"key":"Letter Opener"},{"floor":41,"key":"Torii"},{"floor":43,"key":"Smiling Mask"},{"floor":48,"key":"Paper Frog"}],"event_choices":[{"damage_healed":0.0,"max_hp_gain":0.0,"max_hp_loss":0.0,"gold_gain":0.0,"event_name":"Lab","player_choice":"Got Potions","floor":5.0,"gold_loss":0.0,"damage_taken":0.0},{"damage_healed":0.0,"max_hp_gain":0.0,"max_hp_loss":0.0,"gold_gain":0.0,"event_name":"N\u0027loth","player_choice":"Traded Relic","floor":19.0,"relics_lost":["Tiny House"],"gold_loss":0.0,"damage_taken":0.0,"relics_obtained":["Nloth\u0027s Gift"]},{"damage_healed":0,"gold_gain":0,"player_choice":"Ignored","damage_taken":0,"max_hp_gain":0,"max_hp_loss":0,"event_name":"Beggar","floor":25,"gold_loss":0},{"damage_healed":0,"gold_gain":0,"player_choice":"Simplicity","damage_taken":0,"max_hp_gain":0,"max_hp_loss":0,"event_name":"Back to Basics","floor":30,"gold_loss":0,"cards_upgraded":["Strike_R","Strike_R","Defend_R","Defend_R","Defend_R","Defend_R"]},{"damage_healed":0,"gold_gain":0,"player_choice":"Ignored","damage_taken":0,"max_hp_gain":0,"max_hp_loss":0,"event_name":"Mysterious Sphere","floor":39,"gold_loss":0},{"damage_healed":0,"gold_gain":0,"player_choice":"Fight","damage_taken":0,"max_hp_gain":0,"max_hp_loss":0,"event_name":"MindBloom","floor":41,"gold_loss":0},{"damage_healed":0,"gold_gain":0,"player_choice":"Ignored","damage_taken":0,"max_hp_gain":0,"max_hp_loss":0,"event_name":"Tomb of Lord Red Mask","floor":44,"gold_loss":0}],"is_beta":false,"boss_relics":[{"not_picked":["Lizard Tail","Orrery"],"picked":"Tiny House"},{"not_picked":["Runic Cube","Runic Pyramid"],"picked":"Philosopher\u0027s Stone"}],"items_purged_floors":[8,20,38,47],"is_endless":false,"potions_floor_spawned":[1,4,6,12,14,16,18,22,28,33,37,41,48],"ascension_level":0}