{"gold_per_floor":[113,38,38,38,48,74,74,103,103,128,148,148,0,14,14,14],"floor_reached":16,"playtime":832,"items_purged":["Defend_R","Strike_R"],"score":133,"play_id":"4805cdfc-94c5-4742-bd7a-4c1287dc7b8e","local_time":"20180708202925","is_ascension_mode":false,"campfire_choices":[{"data":"Double Tap","floor":7,"key":"SMITH"},{"data":"Pommel Strike","floor":12,"key":"SMITH"},{"data":"Warcry","floor":15,"key":"SMITH"}],"neow_cost":"NONE","seed_source_timestamp":7524532141999,"circlet_count":0,"master_deck":["Strike_R","Strike_R","Strike_R","Strike_R","Defend_R","Defend_R","Defend_R","Bash","Warcry+1","Headbutt","Double Tap+1","Flex","Pommel Strike+1","Warcry","Headbutt"],"relics":["Burning Blood","NeowsBlessing","Mummified Hand","Boot","Bottled Lightning","Bag of Marbles"],"potions_floor_usage":[],"damage_taken":[{"damage":0,"enemies":"Cultist","floor":1,"turns":1},{"damage":0,"enemies":"Jaw Worm","floor":5,"turns":1},{"damage":0,"enemies":"Gremlin Nob","floor":6,"turns":1},{"damage":36,"enemies":"Lagavulin","floor":8,"turns":5},{"damage":0,"enemies":"2 Louse","floor":11,"turns":1},{"damage":7,"enemies":"Blue Slaver","floor":14,"turns":2},{"damage":64,"enemies":"The Guardian","floor":16,"turns":6}],"seed_played":"-8707226321924074521","potions_obtained":[{"floor":8,"key":"FearPotion"},{"floor":14,"key":"Ancient Potion"}],"is_trial":false,"path_per_floor":["M","$","?","?","M","E","R","E","T","T","M","R","$","M","R"],"character_chosen":"IRONCLAD","items_purchased":["Warcry"],"campfire_rested":0,"item_purchase_floors":[13],"current_hp_per_floor":[80,80,85,85,85,85,85,55,55,55,61,61,61,60,60,0],"gold":14,"neow_bonus":"THREE_ENEMY_KILL","is_prod":false,"is_daily":false,"chose_seed":false,"campfire_upgraded":3,"win_rate":0,"timestamp":1531106965,"path_taken":["M","$","?","?","M","E","R","E","T","?","M","R","?","?","R","BOSS"],"build_version":"2018-07-05","purchased_purges":2,"victory":false,"max_hp_per_floor":[80,80,85,85,85,85,85,85,85,85,85,85,85,85,85,85],"card_choices":[{"not_picked":["Clash","Feel No Pain"],"picked":"Warcry","floor":1},{"not_picked":["Uppercut","Body Slam"],"picked":"Headbutt","floor":5},{"not_picked":["Sword Boomerang","Whirlwind"],"picked":"Double Tap","floor":6},{"not_picked":["Feel No Pain","Battle Trance"],"picked":"Flex","floor":8},{"not_picked":["Uppercut","Shrug It Off"],"picked":"Pommel Strike","floor":11},{"not_picked":["Thunderclap","Searing Blow"],"picked":"Headbutt","floor":14}],"player_experience":17124,"relics_obtained":[{"floor":6,"key":"Mummified Hand"},{"floor":8,"key":"Boot"},{"floor":9,"key":"Bottled Lightning"},{"floor":10,"key":"Bag of Marbles"}],"event_choices":[{"event_name":"Big Fish","player_choice":"Donut","floor":3,"damage_taken":0},{"event_name":"Liars Game","player_choice":"disagreed","floor":4,"damage_taken":0}],"boss_relics":[],"items_purged_floors":[2,13],"is_endless":false,"potions_floor_spawned":[8,14],"killed_by":"The Guardian","ascension_level":0}