{"gold_per_floor":[212,232,32,207,207,207,227,302,328,328,6,17,30,30,30,135,135,154,254,308,208,208,208,208,233,233,87,87,87,87,87,87,184,184,198,209,209,223,223,223,223,223,223,223,223,242,242,117,117,117],"floor_reached":51,"playtime":663,"items_purged":["Doubt","Strike_R","Wild Strike"],"score":745,"play_id":"5d774fd7-7cdf-4c94-a6b8-84b427fc317d","local_time":"20190321020208","is_ascension_mode":false,"campfire_choices":[{"data":"Bash","floor":6,"key":"SMITH"},{"data":"Havoc","floor":10,"key":"SMITH"},{"data":"Limit Break","floor":15,"key":"SMITH"},{"data":"Heavy Blade","floor":23,"key":"SMITH"},{"data":"Heavy Blade","floor":29,"key":"SMITH"},{"data":"Inflame","floor":32,"key":"SMITH"},{"data":"Immolate","floor":40,"key":"SMITH"},{"data":"Immolate","floor":42,"key":"SMITH"},{"data":"Limit Break","floor":45,"key":"SMITH"},{"data":"True Grit","floor":47,"key":"SMITH"},{"data":"Entrench","floor":49,"key":"SMITH"}],"neow_cost":"NONE","seed_source_timestamp":60537335888778,"circlet_count":0,"master_deck":["Bash+1","Havoc+1","Heavy Blade+1","Limit Break+1","Inflame+1","Heavy Blade+1","Sword Boomerang+1","Immolate+1","True Grit+1","Entrench+1","Combust","Immolate+1","Combust","Limit Break+1","Limit Break+1"],"relics":["Burning Blood","Brimstone","Lantern","Regal Pillow","Coffee Dripper","Dead Branch","Meat on the Bone","Tiny Chest","MutagenicStrength","Bag of Preparation","Orichalcum","Juzu Bracelet","Ornamental Fan","Pandora\u0027s Box","Dodecahedron"],"potions_floor_usage":[19,25,50,50,50],"damage_taken":[{"damage":1,"enemies":"Jaw Worm","floor":1,"turns":5},{"damage":0,"enemies":"Small Slimes","floor":2,"turns":3},{"damage":0,"enemies":"Cultist","floor":7,"turns":4},{"damage":4,"enemies":"2 Fungi Beasts","floor":12,"turns":3},{"damage":1,"enemies":"Looter","floor":13,"turns":2},{"damage":24,"enemies":"Slime Boss","floor":16,"turns":6},{"damage":2,"enemies":"Spheric Guardian","floor":18,"turns":3},{"damage":22,"enemies":"Colosseum Slavers","floor":19,"turns":3},{"damage":29,"enemies":"Colosseum Nobs","floor":19,"turns":4},{"damage":30,"enemies":"Slavers","floor":25,"turns":4},{"damage":15,"enemies":"Champ","floor":33,"turns":4},{"damage":0,"enemies":"3 Darklings","floor":35,"turns":3},{"damage":0,"enemies":"Orb Walker","floor":36,"turns":1},{"damage":16,"enemies":"4 Shapes","floor":38,"turns":3},{"damage":0,"enemies":"Transient","floor":46,"turns":4},{"damage":6,"enemies":"Donu and Deca","floor":50,"turns":1}],"seed_played":"-3781776881543329638","potions_obtained":[{"floor":7,"key":"Energy Potion"},{"floor":16,"key":"AttackPotion"},{"floor":19,"key":"Block Potion"},{"floor":25,"key":"SkillPotion"},{"floor":46,"key":"Strength Potion"}],"is_trial":false,"path_per_floor":["M","M","$","?","?","R","M","?","T","R","$","M","M","?","R","B",null,"M","?","T","$","?","R","?","E","T","$","?","R","$","?","R","B",null,"M","M","?","M","?","R","?","R","T","?","R","M","R","$","R","B",null],"character_chosen":"IRONCLAD","items_purchased":["Brimstone","Heavy Blade","Limit Break","Inflame","Juzu Bracelet"],"campfire_rested":0,"item_purchase_floors":[3,11,11,11,27],"current_hp_per_floor":[80,80,80,80,80,80,80,69,69,69,69,71,76,76,76,58,80,80,63,63,63,63,63,63,56,56,56,56,56,56,56,56,47,80,80,80,80,70,70,70,70,70,70,90,90,90,90,90,90,90],"gold":117,"neow_bonus":"HUNDRED_GOLD","is_prod":false,"is_daily":false,"chose_seed":false,"campfire_upgraded":11,"win_rate":0,"timestamp":1553155328,"path_taken":["M","M","$","?","?","R","?","?","T","R","$","M","M","?","R","BOSS","M","?","?","$","?","R","?","E","T","$","?","R","?","?","R","BOSS","M","M","?","M","?","R","?","R","T","?","R","M","R","$","R","BOSS"],"build_version":"2019-01-23","purchased_purges":3,"victory":true,"max_hp_per_floor":[80,80,80,80,80,80,80,80,80,80,80,80,80,80,80,80,80,80,80,80,80,80,80,80,80,80,80,80,80,80,80,80,80,80,80,80,80,80,80,80,80,80,80,90,90,90,90,90,90,90],"card_choices":[{"not_picked":["Pommel Strike","Combust"],"picked":"Thunderclap","floor":1},{"not_picked":["Feel No Pain","Havoc","Entrench"],"picked":"SKIP","floor":2},{"not_picked":["Blood for Blood","Body Slam"],"picked":"Havoc","floor":7},{"not_picked":["Intimidate","Havoc"],"picked":"Heavy Blade","floor":12},{"not_picked":["Pommel Strike","Rampage","Clothesline"],"picked":"SKIP","floor":13},{"not_picked":["Impervious","Brutality"],"picked":"Reaper","floor":16},{"not_picked":["Rampage+1","Clash"],"picked":"Sword Boomerang+1","floor":18},{"not_picked":["Cleave","Ghostly Armor+1","Sever Soul"],"picked":"SKIP","floor":25},{"not_picked":["Feed","Brutality"],"picked":"Immolate","floor":33},{"not_picked":["Havoc","Iron Wave+1","Intimidate+1"],"picked":"SKIP","floor":35},{"not_picked":["Iron Wave","Clash+1","Flex+1"],"picked":"SKIP","floor":36},{"not_picked":["Armaments","Flex+1","Hemokinesis"],"picked":"SKIP","floor":38},{"not_picked":["Flex","Entrench+1","Metallicize"],"picked":"SKIP","floor":46}],"player_experience":1098741,"relics_obtained":[{"floor":9,"key":"Regal Pillow"},{"floor":19,"key":"Dead Branch"},{"floor":19,"key":"Meat on the Bone"},{"floor":20,"key":"Tiny Chest"},{"floor":25,"key":"Bag of Preparation"},{"floor":26,"key":"Orichalcum"},{"floor":43,"key":"Dodecahedron"}],"event_choices":[{"damage_healed":0,"gold_gain":175,"player_choice":"AGREE","damage_taken":0,"max_hp_gain":0,"max_hp_loss":0,"event_name":"Liars Game","floor":4,"gold_loss":0,"cards_obtained":["Doubt"]},{"cards_removed":["Thunderclap"],"damage_healed":0,"gold_gain":0,"player_choice":"Gave Card","damage_taken":0,"relics_obtained":["Lantern"],"max_hp_gain":0,"max_hp_loss":0,"event_name":"WeMeetAgain","floor":5,"gold_loss":0},{"damage_healed":0,"gold_gain":75,"player_choice":"Gather Gold","damage_taken":11,"max_hp_gain":0,"max_hp_loss":0,"event_name":"World of Goop","floor":8,"gold_loss":0},{"damage_healed":0,"gold_gain":0,"player_choice":"Leave","damage_taken":0,"max_hp_gain":0,"max_hp_loss":0,"event_name":"The Cleric","floor":14,"gold_loss":0},{"damage_healed":0,"gold_gain":0,"player_choice":"Fight","damage_taken":0,"max_hp_gain":0,"max_hp_loss":0,"event_name":"Colosseum","floor":19,"gold_loss":0},{"damage_healed":0,"gold_gain":0,"player_choice":"Fought Nobs","damage_taken":0,"max_hp_gain":0,"max_hp_loss":0,"event_name":"Colosseum","floor":19,"gold_loss":0},{"cards_removed":["Strike_R"],"damage_healed":0,"gold_gain":0,"player_choice":"Elegance","damage_taken":0,"max_hp_gain":0,"max_hp_loss":0,"event_name":"Back to Basics","floor":22,"gold_loss":0},{"damage_healed":0,"gold_gain":0,"player_choice":"Inject Mutagens","damage_taken":0,"relics_obtained":["MutagenicStrength"],"max_hp_gain":0,"max_hp_loss":0,"event_name":"Drug Dealer","floor":24,"gold_loss":0},{"damage_healed":0,"gold_gain":0,"player_choice":"Opened","damage_taken":0,"relics_obtained":["Ornamental Fan"],"max_hp_gain":0,"max_hp_loss":0,"event_name":"The Mausoleum","floor":28,"gold_loss":0},{"damage_healed":0,"gold_gain":0,"player_choice":"Ignored","damage_taken":0,"max_hp_gain":0,"max_hp_loss":0,"event_name":"Vampires","floor":31,"gold_loss":0},{"damage_healed":0,"gold_gain":0,"player_choice":"Copied","damage_taken":0,"max_hp_gain":0,"max_hp_loss":0,"event_name":"Duplicator","floor":37,"gold_loss":0,"cards_obtained":["Limit Break"]},{"damage_healed":0,"gold_gain":0,"player_choice":"Ignored","damage_taken":0,"max_hp_gain":0,"max_hp_loss":0,"event_name":"Mysterious Sphere","floor":39,"gold_loss":0},{"damage_healed":0,"gold_gain":0,"player_choice":"Memory 1","damage_taken":0,"max_hp_gain":0,"max_hp_loss":0,"event_name":"SensoryStone","floor":41,"gold_loss":0},{"cards_removed":["Reaper"],"damage_healed":10,"gold_gain":0,"player_choice":"Offered Rare","damage_taken":0,"max_hp_gain":10,"max_hp_loss":0,"event_name":"Bonfire Elementals","floor":44,"gold_loss":0}],"is_beta":false,"boss_relics":[{"not_picked":["Runic Cube","Eternal Feather"],"picked":"Coffee Dripper"},{"not_picked":["Runic Pyramid","White Beast Statue"],"picked":"Pandora\u0027s Box"}],"items_purged_floors":[11,21,48],"is_endless":false,"potions_floor_spawned":[7,16,19,25,46],"ascension_level":0}