{"gold_per_floor":[114,114,124,299,299,333,333,352,352,370,370],"floor_reached":11,"playtime":567,"items_purged":[],"score":99,"play_id":"72627ccc-4404-4547-b690-dc77ae712a5f","local_time":"20190224213037","is_ascension_mode":true,"campfire_choices":[{"floor":7,"key":"REST"}],"neow_cost":"NONE","seed_source_timestamp":789785627287889,"circlet_count":0,"master_deck":["Defend_G","Defend_G","Defend_G","Defend_G","Defend_G","Strike_G","Strike_G","Strike_G","Strike_G","Survivor","Neutralize","Blade Dance","Heel Hook","Flechettes","Doubt","All Out Attack","Infinite Blades","Dagger Throw"],"relics":["Runic Pyramid","GremlinMask","Letter Opener","Vajra"],"potions_floor_usage":[10,11],"damage_taken":[{"damage":1,"enemies":"Small Slimes","floor":1,"turns":4},{"damage":0,"enemies":"Cultist","floor":3,"turns":4},{"damage":52,"enemies":"Gremlin Nob","floor":6,"turns":5},{"damage":2,"enemies":"2 Louse","floor":8,"turns":3},{"damage":13,"enemies":"Gremlin Gang","floor":10,"turns":5},{"damage":22,"enemies":"3 Sentries","floor":11,"turns":6}],"seed_played":"5645380441636972244","potions_obtained":[{"floor":6,"key":"Poison Potion"},{"floor":10,"key":"GhostInAJar"}],"is_trial":false,"path_per_floor":["M","?","M","?","?","E","R","M","T","M","E"],"character_chosen":"THE_SILENT","items_purchased":[],"campfire_rested":1,"item_purchase_floors":[],"current_hp_per_floor":[62,62,62,62,62,10,31,29,29,16,0],"gold":370,"neow_bonus":"BOSS_RELIC","is_prod":false,"is_daily":false,"chose_seed":false,"campfire_upgraded":0,"win_rate":0,"timestamp":1551072637,"path_taken":["M","?","M","?","?","E","R","?","T","M","E"],"build_version":"2019-01-23","purchased_purges":0,"victory":false,"max_hp_per_floor":[70,70,70,70,70,70,70,70,70,70,70],"card_choices":[{"not_picked":["Reflex","Setup"],"picked":"Blade Dance","floor":1},{"not_picked":["Underhanded Strike","Quick Slash"],"picked":"Flechettes","floor":3},{"not_picked":["Dash","Dodge and Roll"],"picked":"All Out Attack","floor":6},{"not_picked":["Cloak And Dagger","Quick Slash"],"picked":"Infinite Blades","floor":8},{"not_picked":["Dagger Spray","PiercingWail"],"picked":"Dagger Throw","floor":10}],"player_experience":351677,"relics_obtained":[{"floor":6,"key":"Letter Opener"},{"floor":9,"key":"Vajra"}],"event_choices":[{"damage_healed":0,"gold_gain":0,"cards_transformed":["Strike_G"],"player_choice":"Change","damage_taken":0,"max_hp_gain":0,"max_hp_loss":0,"event_name":"Living Wall","floor":2,"gold_loss":0,"cards_obtained":["Heel Hook"]},{"damage_healed":0,"gold_gain":175,"player_choice":"AGREE","damage_taken":0,"max_hp_gain":0,"max_hp_loss":0,"event_name":"Liars Game","floor":4,"gold_loss":0,"cards_obtained":["Doubt"]},{"damage_healed":0,"gold_gain":0,"player_choice":"Trade","damage_taken":0,"relics_obtained":["GremlinMask"],"max_hp_gain":0,"max_hp_loss":0,"event_name":"FaceTrader","floor":5,"gold_loss":0}],"is_beta":false,"boss_relics":[],"items_purged_floors":[],"is_endless":false,"potions_floor_spawned":[6,10],"killed_by":"3 Sentries","ascension_level":7}