{"gold_per_floor":[117,136,26,43,57,89,89,189,189,223,243,260,260,291,291,387,387,398,144,155,155,170,170,200,200,200,215,90,104,104,132,132,232,232,246,96,96,96,108,134,134,164,232,232,5,5,23,41,41,41],"floor_reached":51,"playtime":4785,"items_purged":["Strike_R","Strike_R","Writhe","Defend_R","Decay"],"score":878,"play_id":"7dabe47c-a1ee-4b42-87a9-c695bedc125b","local_time":"20190127171253","is_ascension_mode":true,"campfire_choices":[{"data":"Metallicize","floor":7,"key":"SMITH"},{"data":"Inflame","floor":13,"key":"SMITH"},{"floor":15,"key":"REST"},{"data":"Pommel Strike","floor":23,"key":"SMITH"},{"data":"Metallicize","floor":25,"key":"SMITH"},{"data":"Burning Pact","floor":30,"key":"SMITH"},{"floor":32,"key":"REST"},{"data":"Heavy Blade","floor":41,"key":"SMITH"},{"data":"Infernal Blade","floor":44,"key":"SMITH"},{"data":"Infernal Blade","floor":46,"key":"SMITH"},{"floor":49,"key":"REST"}],"neow_cost":"NONE","seed_source_timestamp":529482444803246,"circlet_count":0,"master_deck":["Strike_R","Strike_R","Strike_R+1","Defend_R+1","Defend_R","Defend_R","Bash","Infernal Blade+1","Inflame+1","Metallicize+1","Heavy Blade+1","Infernal Blade+1","Ghostly Armor","Burning Pact","Rampage","Burning Pact+1","Metallicize+1","Feed","Sentinel+1","Thunderclap","Pommel Strike+1","Warcry+1","Thunderclap+1","Disarm+1","Offering+1","Headbutt+1","Apotheosis+1","The Bomb+1","Purity+1","Madness+1","Madness+1","Armaments+1","Bloodletting+1","Limit Break+1"],"relics":["Burning Blood","Pen Nib","Pear","Charon\u0027s Ashes","Potion Belt","Philosopher\u0027s Stone","Orichalcum","Bronze Scales","Tiny Chest","Toxic Egg 2","Meat on the Bone","Cursed Key","Whetstone","PreservedInsect","Paper Frog"],"potions_floor_usage":[6,39,40,42,42,50,50],"damage_taken":[{"damage":7,"enemies":"Jaw Worm","floor":1,"turns":3},{"damage":0,"enemies":"Cultist","floor":2,"turns":3},{"damage":5,"enemies":"2 Louse","floor":4,"turns":3},{"damage":10,"enemies":"Blue Slaver","floor":5,"turns":4},{"damage":24,"enemies":"Gremlin Nob","floor":6,"turns":5},{"damage":22,"enemies":"Lagavulin","floor":10,"turns":7},{"damage":1,"enemies":"2 Fungi Beasts","floor":11,"turns":4},{"damage":6,"enemies":"Lots of Slimes","floor":12,"turns":3},{"damage":16,"enemies":"Gremlin Nob","floor":14,"turns":4},{"damage":60,"enemies":"Hexaghost","floor":16,"turns":12},{"damage":24,"enemies":"Shell Parasite","floor":18,"turns":5},{"damage":0,"enemies":"Spheric Guardian","floor":20,"turns":3},{"damage":28,"enemies":"Shelled Parasite and Fungi","floor":22,"turns":4},{"damage":4,"enemies":"3 Cultists","floor":27,"turns":3},{"damage":20,"enemies":"Sentry and Sphere","floor":29,"turns":4},{"damage":29,"enemies":"Slavers","floor":31,"turns":3},{"damage":62,"enemies":"Automaton","floor":33,"turns":9},{"damage":6,"enemies":"Orb Walker","floor":35,"turns":1},{"damage":12,"enemies":"3 Shapes","floor":39,"turns":4},{"damage":32,"enemies":"Giant Head","floor":40,"turns":6},{"damage":26,"enemies":"Reptomancer","floor":42,"turns":4},{"damage":25,"enemies":"Spire Growth","floor":47,"turns":3},{"damage":31,"enemies":"Transient","floor":48,"turns":5},{"damage":59,"enemies":"Donu and Deca","floor":50,"turns":5}],"seed_played":"6892638929618026557","potions_obtained":[{"floor":1,"key":"Weak Potion"},{"floor":2,"key":"Strength Potion"},{"floor":4,"key":"SneckoOil"},{"floor":11,"key":"FearPotion"},{"floor":14,"key":"Block Potion"},{"floor":16,"key":"Swift Potion"},{"floor":18,"key":"Energy Potion"},{"floor":29,"key":"AttackPotion"},{"floor":31,"key":"PowerPotion"},{"floor":35,"key":"BloodPotion"},{"floor":40,"key":"SmokeBomb"},{"floor":42,"key":"Strength Potion"}],"is_trial":false,"path_per_floor":["M","M","$","M","M","E","R","?","T","E","M","M","R","E","R","B",null,"M","$","M","?","M","R","T","R","T","M","$","M","R","E","R","B",null,"M","$","?","?","M","E","R","E","T","R","$","R","M","M","R","B",null],"character_chosen":"IRONCLAD","items_purchased":["Metallicize","Orichalcum","FearPotion"],"campfire_rested":3,"item_purchase_floors":[3,19,45],"current_hp_per_floor":[79,80,80,80,76,58,58,58,68,52,57,57,57,47,74,20,90,75,75,81,81,62,62,62,62,62,67,67,56,56,36,67,26,108,108,108,98,84,92,66,66,58,58,58,58,58,51,38,71,30],"gold":41,"neow_bonus":"UPGRADE_CARD","is_prod":false,"is_daily":false,"chose_seed":false,"campfire_upgraded":8,"win_rate":0,"timestamp":1548637973,"path_taken":["M","M","$","M","M","E","R","?","T","E","M","M","R","E","R","BOSS","M","$","M","?","M","R","?","R","T","M","$","?","R","E","R","BOSS","M","$","?","?","M","E","R","E","T","R","$","R","M","M","R","BOSS"],"build_version":"2019-01-23","purchased_purges":5,"victory":true,"max_hp_per_floor":[80,80,80,80,80,80,80,80,90,90,90,90,90,90,90,90,90,93,93,93,93,96,96,96,96,96,99,99,102,102,105,105,108,108,108,108,108,108,111,111,111,111,111,111,111,111,111,111,111,111],"card_choices":[{"not_picked":["Pummel","Pommel Strike"],"picked":"Infernal Blade","floor":1},{"not_picked":["Wild Strike","Dual Wield"],"picked":"Inflame","floor":2},{"not_picked":["Dual Wield","Corruption"],"picked":"Heavy Blade","floor":4},{"not_picked":["Fire Breathing","Thunderclap"],"picked":"Infernal Blade","floor":5},{"not_picked":["Rupture","Feel No Pain"],"picked":"Ghostly Armor","floor":6},{"not_picked":["Warcry","Second Wind"],"picked":"Burning Pact","floor":10},{"not_picked":["Headbutt","Heavy Blade"],"picked":"Rampage","floor":11},{"not_picked":["Infernal Blade","Bloodletting"],"picked":"Burning Pact","floor":12},{"not_picked":["Wild Strike","Flame Barrier"],"picked":"Metallicize","floor":14},{"not_picked":["Bludgeon","Berserk"],"picked":"Feed","floor":16},{"not_picked":["Corruption","Body Slam"],"picked":"Sentinel+1","floor":18},{"not_picked":["Clash","True Grit+1"],"picked":"Thunderclap","floor":20},{"not_picked":["Spot Weakness+1","Anger"],"picked":"Pommel Strike","floor":22},{"not_picked":["Rupture+1","Dual Wield+1"],"picked":"Warcry+1","floor":27},{"not_picked":["Twin Strike","Corruption"],"picked":"Thunderclap","floor":29},{"not_picked":["Shockwave+1","Anger"],"picked":"Disarm+1","floor":31},{"not_picked":["Barricade","Dark Embrace"],"picked":"Offering+1","floor":33},{"not_picked":["Clothesline","Body Slam+1"],"picked":"Headbutt+1","floor":35},{"not_picked":["Transmutation+1","Purity+1"],"picked":"Apotheosis+1","floor":37},{"not_picked":["PanicButton+1","Chrysalis+1"],"picked":"The Bomb+1","floor":37},{"not_picked":["Deep Breath+1","Blind+1"],"picked":"Purity+1","floor":37},{"not_picked":["Dual Wield+1","Anger+1"],"picked":"Armaments+1","floor":39},{"not_picked":["Clash+1","Fiend Fire"],"picked":"Bloodletting+1","floor":40},{"not_picked":["Rage+1","Flex+1","Second Wind+1"],"picked":"SKIP","floor":42},{"not_picked":["Body Slam+1","Sword Boomerang+1","Anger"],"picked":"SKIP","floor":47},{"not_picked":["Cleave+1","True Grit+1"],"picked":"Limit Break+1","floor":48}],"player_experience":178610,"relics_obtained":[{"floor":6,"key":"Pen Nib"},{"floor":9,"key":"Pear"},{"floor":10,"key":"Charon\u0027s Ashes"},{"floor":14,"key":"Potion Belt"},{"floor":24,"key":"Tiny Chest"},{"floor":26,"key":"Toxic Egg 2"},{"floor":31,"key":"Meat on the Bone"},{"floor":40,"key":"Whetstone"},{"floor":42,"key":"PreservedInsect"},{"floor":43,"key":"Paper Frog"}],"event_choices":[{"damage_healed":0,"gold_gain":100,"player_choice":"Pray","damage_taken":0,"max_hp_gain":0,"max_hp_loss":0,"event_name":"Golden Shrine","floor":8,"gold_loss":0},{"damage_healed":0,"gold_gain":0,"player_choice":"Opened","damage_taken":0,"relics_obtained":["Bronze Scales"],"max_hp_gain":0,"max_hp_loss":0,"event_name":"The Mausoleum","floor":21,"gold_loss":0,"cards_obtained":["Writhe"]},{"damage_healed":0,"gold_gain":0,"player_choice":"Memory 3","damage_taken":10,"max_hp_gain":0,"max_hp_loss":0,"event_name":"SensoryStone","floor":37,"gold_loss":0},{"damage_healed":0,"gold_gain":0,"player_choice":"Embrace Madness","damage_taken":14,"max_hp_gain":0,"max_hp_loss":0,"event_name":"Winding Halls","floor":38,"gold_loss":0,"cards_obtained":["Madness","Madness"]}],"is_beta":false,"boss_relics":[{"not_picked":["Orrery","Runic Dome"],"picked":"Philosopher\u0027s Stone"},{"not_picked":["Fusion Hammer","Calling Bell"],"picked":"Cursed Key"}],"items_purged_floors":[3,19,28,36,45],"is_endless":false,"potions_floor_spawned":[1,2,4,11,14,16,18,29,31,35,40,42],"ascension_level":3}