{"gold_per_floor":[111,111,111,125,138,138,155,165,190,201,201,218,218,218,218,313,313,330,27,127,27,27,56,56,56,56,91,109,129,144,155,155,260,260,280,280,155,168,236,236,264,264,264,275,275,302,316,4,4,4],"floor_reached":51,"playtime":4392,"items_purged":["Strike_G","Defend_G","Defend_G"],"score":771,"play_id":"54c5f329-3f02-42c8-94fe-be2b508222e3","local_time":"20180728165734","is_ascension_mode":true,"campfire_choices":[{"data":"Neutralize","floor":6,"key":"SMITH"},{"floor":11,"key":"REST"},{"data":"Dagger Spray","floor":13,"key":"SMITH"},{"data":"Cloak And Dagger","floor":15,"key":"SMITH"},{"data":"Cloak And Dagger","floor":24,"key":"SMITH"},{"floor":32,"key":"REST"},{"floor":40,"key":"REST"},{"floor":42,"key":"REST"},{"data":"Trip","floor":49,"key":"SMITH"}],"neow_cost":"NONE","seed_source_timestamp":1690469514055,"circlet_count":0,"master_deck":["Defend_G+1","Strike_G","Strike_G+1","Survivor","Neutralize+1","Cloak And Dagger+1","Well Laid Plans","Cloak And Dagger+1","Dagger Spray+1","Prepared","Outmaneuver","Quick Slash","Adrenaline","Envenom","Venomology+1","Tools of the Trade+1","Footwork+1","Slice+1","Bane","Finisher","Blade Dance+1","Accuracy","Underhanded Strike","Underhanded Strike","Poisoned Stab+1","Die Die Die","Cloak And Dagger+1","Trip+1","Finesse","All Out Attack+1","Dagger Spray+1","Finisher+1","Reflex+1","Bane+1","Injury","Cloak And Dagger+1","Adrenaline"],"relics":["Ring of the Serpent","Anchor","Blood Vial","Dream Catcher","Astrolabe","TwistedFunnel","Vajra","Bronze Scales","Nunchaku","Paper Crane","Ice Cream","Oddly Smooth Stone","Lee\u0027s Waffle"],"potions_floor_usage":[18,23,29,29,30,31,33,33,38,41,44,44,46,47,47,50,50,50,50],"damage_taken":[{"damage":0,"enemies":"Jaw Worm","floor":1,"turns":5},{"damage":0,"enemies":"2 Louse","floor":4,"turns":2},{"damage":0,"enemies":"Small Slimes","floor":5,"turns":3},{"damage":0,"enemies":"3 Louse","floor":7,"turns":4},{"damage":0,"enemies":"Blue Slaver","floor":8,"turns":3},{"damage":3,"enemies":"Large Slime","floor":10,"turns":6},{"damage":0,"enemies":"Red Slaver","floor":12,"turns":5},{"damage":46,"enemies":"Slime Boss","floor":16,"turns":12},{"damage":1,"enemies":"2 Thieves","floor":18,"turns":5},{"damage":14,"enemies":"Gremlin Leader","floor":23,"turns":6},{"damage":18,"enemies":"Slavers","floor":27,"turns":3},{"damage":0,"enemies":"3 Byrds","floor":28,"turns":3},{"damage":0,"enemies":"Snake Plant","floor":29,"turns":2},{"damage":0,"enemies":"Cultist and Chosen","floor":30,"turns":4},{"damage":4,"enemies":"Sentry and Sphere","floor":31,"turns":3},{"damage":15,"enemies":"Champ","floor":33,"turns":8},{"damage":9,"enemies":"Orb Walker","floor":35,"turns":3},{"damage":7,"enemies":"Flame Bruiser 1 Orb","floor":38,"turns":5},{"damage":32,"enemies":"Nemesis","floor":41,"turns":5},{"damage":0,"enemies":"Spire Growth","floor":44,"turns":3},{"damage":3,"enemies":"Giant Head","floor":46,"turns":6},{"damage":25,"enemies":"Sphere and 2 Shapes","floor":47,"turns":3},{"damage":64,"enemies":"Time Eater","floor":50,"turns":8}],"seed_played":"-6987861275404568364","potions_obtained":[{"floor":4,"key":"Ancient Potion"},{"floor":5,"key":"Ancient Potion"},{"floor":7,"key":"Dexterity Potion"},{"floor":27,"key":"Fire Potion"},{"floor":29,"key":"Fire Potion"},{"floor":31,"key":"Weak Potion"},{"floor":41,"key":"LiquidBronze"},{"floor":44,"key":"SneckoOil"},{"floor":47,"key":"GhostInAJar"}],"is_trial":false,"path_per_floor":["M","?","?","M","M","R","M","M","T","M","R","M","R","?","R","B",null,"M","$","?","$","?","E","R","?","T","E","M","M","M","M","R","B",null,"M","?","$","M","T","R","E","R","T","M","?","E","M","$","R","B"],"character_chosen":"THE_SILENT","items_purchased":["TwistedFunnel","Bane","Lee\u0027s Waffle","Strength Potion","Energy Potion"],"campfire_rested":4,"item_purchase_floors":[19,19,48,48,48],"current_hp_per_floor":[70,45,31,33,35,35,37,39,39,38,59,61,61,61,61,17,70,69,69,69,69,56,44,44,44,44,28,30,32,34,32,54,41,75,66,61,61,56,56,75,43,65,65,67,67,66,43,82,82,18],"gold":4,"neow_bonus":"RANDOM_COMMON_RELIC","is_prod":false,"is_daily":false,"chose_seed":false,"campfire_upgraded":5,"win_rate":0,"timestamp":1532822254,"path_taken":["M","?","?","?","M","R","M","M","T","M","R","M","R","?","R","BOSS","M","$","?","?","?","E","R","?","T","E","?","M","M","M","R","BOSS","M","?","$","?","?","R","E","R","T","M","?","E","M","$","R","BOSS"],"build_version":"2018-07-26","purchased_purges":3,"victory":true,"max_hp_per_floor":[70,70,70,70,70,70,70,70,70,70,70,70,70,70,70,70,70,70,70,70,70,75,75,75,75,75,75,75,75,75,75,75,75,75,75,75,75,75,75,75,75,75,75,75,75,75,75,82,82,82],"card_choices":[{"not_picked":["Acrobatics","Deflect"],"picked":"Cloak And Dagger","floor":1},{"not_picked":["Calculated Gamble","Dash"],"picked":"Well Laid Plans","floor":4},{"not_picked":["Outmaneuver","Riddle With Holes"],"picked":"Cloak And Dagger","floor":5},{"not_picked":["Bane","Flechettes"],"picked":"Dagger Spray","floor":7},{"not_picked":["Catalyst","Dodge and Roll"],"picked":"Prepared","floor":8},{"not_picked":["Masterful Stab","Sucker Punch"],"picked":"Outmaneuver","floor":10},{"not_picked":["Acrobatics","Catalyst"],"picked":"Quick Slash","floor":11},{"not_picked":["Prepared","Leg Sweep"],"picked":"Adrenaline","floor":12},{"not_picked":["Unload","Glass Knife"],"picked":"Envenom","floor":16},{"not_picked":["Cloak And Dagger","Quick Slash"],"picked":"Slice+1","floor":18},{"not_picked":["Masterful Stab","Backflip"],"picked":"Finisher","floor":23},{"not_picked":["Backflip","PiercingWail"],"picked":"Blade Dance+1","floor":27},{"not_picked":["Footwork","Dodge and Roll"],"picked":"Accuracy","floor":28},{"not_picked":["Dagger Throw","Outmaneuver+1"],"picked":"Underhanded Strike","floor":29},{"not_picked":["Expertise","Outmaneuver+1"],"picked":"Underhanded Strike","floor":30},{"not_picked":["Quick Slash","Finisher","Phantasmal Killer"],"picked":"SKIP","floor":31},{"not_picked":["Outmaneuver","Backflip"],"picked":"Poisoned Stab+1","floor":32},{"not_picked":["Storm of Steel","Doppelganger"],"picked":"Die Die Die","floor":33},{"not_picked":["Dodge and Roll","Bane"],"picked":"Cloak And Dagger","floor":35},{"not_picked":["Jack Of All Trades","Good Instincts"],"picked":"Trip","floor":36},{"not_picked":["Dark Shackles","Dramatic Entrance"],"picked":"Finesse","floor":36},{"not_picked":["Dagger Spray","Predator"],"picked":"All Out Attack+1","floor":38},{"not_picked":["Sucker Punch+1","Deflect+1"],"picked":"Dagger Spray+1","floor":40},{"not_picked":["Quick Slash","Sucker Punch+1"],"picked":"Finisher+1","floor":41},{"not_picked":["PiercingWail+1","Backflip+1"],"picked":"Reflex+1","floor":42},{"not_picked":["Flying Knee","Dodge and Roll"],"picked":"Bane+1","floor":44},{"not_picked":["Concentrate+1","Poisoned Stab+1"],"picked":"Cloak And Dagger+1","floor":46},{"not_picked":["Poisoned Stab","Riddle With Holes"],"picked":"Adrenaline","floor":47}],"player_experience":94382,"relics_obtained":[{"floor":9,"key":"Dream Catcher"},{"floor":23,"key":"Vajra"},{"floor":26,"key":"Bronze Scales"},{"floor":27,"key":"Nunchaku"},{"floor":39,"key":"Paper Crane"},{"floor":41,"key":"Ice Cream"},{"floor":46,"key":"Oddly Smooth Stone"}],"event_choices":[{"event_name":"Scrap Ooze","player_choice":"success","floor":2,"damage_taken":25},{"event_name":"Shining Light","player_choice":"Entered Light","floor":3,"damage_taken":0},{"event_name":"Living Wall","player_choice":"Forget","floor":14,"damage_taken":0},{"event_name":"Golden Shrine","player_choice":"Pray","floor":20,"damage_taken":0},{"event_name":"Forgotten Altar","player_choice":"Shed Blood","floor":22,"damage_taken":0},{"event_name":"Vampires","player_choice":"Ignored","floor":25,"damage_taken":0},{"event_name":"SensoryStone","player_choice":"Memory 2","floor":36,"damage_taken":0},{"event_name":"Accursed Blacksmith","player_choice":"Forge","floor":45,"damage_taken":0}],"is_beta":false,"boss_relics":[{"not_picked":["Black Star","Cursed Key"],"picked":"Astrolabe"},{"not_picked":["Runic Dome","Philosopher\u0027s Stone"],"picked":"Ring of the Serpent"}],"items_purged_floors":[19,21,37],"is_endless":false,"potions_floor_spawned":[4,5,7,27,29,31,41,44,47],"ascension_level":1}