{"gold_per_floor":[369,369,17,35,54,54,89,89,89,89,89,101,101,118,118,217,217,233,233,332,33,49,49,68,68,68,68,81,81,81,109,109,213,213,227,227,22,33,33,33,63,78,78,89,89,108,108,120,120,120],"floor_reached":51,"playtime":1333,"items_purged":["Strike_R","Regret"],"score":770,"play_id":"5e3969e8-4db3-420b-9548-3c8ac44407a2","local_time":"20190320144429","is_ascension_mode":false,"campfire_choices":[{"data":"Flex","floor":6,"key":"SMITH"},{"data":"Bash","floor":10,"key":"SMITH"},{"data":"Searing Blow+1","floor":13,"key":"SMITH"},{"data":"Searing Blow+2","floor":15,"key":"SMITH"},{"data":"Searing Blow+3","floor":23,"key":"SMITH"},{"data":"Searing Blow+4","floor":25,"key":"SMITH"},{"data":"Searing Blow+5","floor":27,"key":"SMITH"},{"data":"Searing Blow+6","floor":29,"key":"SMITH"},{"data":"Searing Blow+7","floor":32,"key":"SMITH"},{"data":"Searing Blow+8","floor":40,"key":"SMITH"},{"data":"Searing Blow+9","floor":45,"key":"SMITH"},{"data":"Searing Blow+10","floor":47,"key":"SMITH"},{"floor":49,"key":"REST"}],"neow_cost":"TEN_PERCENT_HP_LOSS","seed_source_timestamp":19202585589036,"circlet_count":0,"master_deck":["Strike_R","Strike_R","Strike_R","Defend_R","Defend_R","Defend_R","Defend_R","Bash+1","Pummel","Flex+1","Headbutt","Headbutt","Metallicize","Disarm","Searing Blow+11","Armaments","Demon Form","Corruption","Iron Wave+1","Pommel Strike+1","Blood for Blood+1","Heavy Blade+1","Pommel Strike+1","Searing Blow+8","Sever Soul+1"],"relics":["Burning Blood","Sling","Incense Burner","Darkstone Periapt","Molten Egg 2","Snecko Eye","Bag of Marbles","Calipers","Bag of Preparation","Velvet Choker","Turnip","DollysMirror","Torii","Singing Bowl"],"potions_floor_usage":[16,16,22,31,31,46],"damage_taken":[{"damage":7,"enemies":"Small Slimes","floor":1,"turns":3},{"damage":5,"enemies":"Cultist","floor":4,"turns":4},{"damage":7,"enemies":"2 Louse","floor":5,"turns":2},{"damage":14,"enemies":"3 Sentries","floor":7,"turns":6},{"damage":9,"enemies":"Blue Slaver","floor":12,"turns":4},{"damage":3,"enemies":"2 Fungi Beasts","floor":14,"turns":4},{"damage":26,"enemies":"Hexaghost","floor":16,"turns":8},{"damage":23,"enemies":"Spheric Guardian","floor":18,"turns":5},{"damage":18,"enemies":"2 Thieves","floor":22,"turns":4},{"damage":0,"enemies":"Centurion and Healer","floor":24,"turns":4},{"damage":0,"enemies":"3 Cultists","floor":28,"turns":3},{"damage":0,"enemies":"Slavers","floor":31,"turns":2},{"damage":11,"enemies":"Champ","floor":33,"turns":7},{"damage":0,"enemies":"3 Shapes","floor":35,"turns":2},{"damage":6,"enemies":"3 Darklings","floor":38,"turns":4},{"damage":32,"enemies":"Reptomancer","floor":41,"turns":4},{"damage":22,"enemies":"Maw","floor":42,"turns":4},{"damage":15,"enemies":"Writhing Mass","floor":44,"turns":3},{"damage":1,"enemies":"3 Darklings","floor":46,"turns":3},{"damage":7,"enemies":"Sphere and 2 Shapes","floor":48,"turns":3},{"damage":46,"enemies":"Time Eater","floor":50,"turns":7}],"seed_played":"5570799314223424253","potions_obtained":[{"floor":7,"key":"GamblersBrew"},{"floor":14,"key":"Energy Potion"},{"floor":16,"key":"Weak Potion"},{"floor":18,"key":"Explosive Potion"},{"floor":22,"key":"Energy Potion"},{"floor":24,"key":"Strength Potion"},{"floor":44,"key":"Energy Potion"},{"floor":48,"key":"SmokeBomb"}],"is_trial":false,"path_per_floor":["M","?","$","M","M","R","E","$","T","R","?","M","R","M","R","B",null,"M","?","?","$","M","R","M","R","T","R","M","R","?","E","R","B",null,"M","?","$","M","?","R","E","M","T","M","R","M","R","M","R","B",null],"character_chosen":"IRONCLAD","items_purchased":["Flex","Headbutt","Sling","Bag of Marbles","Iron Wave+1","DollysMirror"],"campfire_rested":1,"item_purchase_floors":[3,3,3,21,21,37],"current_hp_per_floor":[71,71,71,72,71,71,63,63,63,63,69,66,66,69,69,49,78,61,61,61,61,49,49,55,55,55,55,61,61,46,52,52,47,83,83,83,83,83,93,93,67,51,51,44,44,51,51,52,81,41],"gold":120,"neow_bonus":"TWO_FIFTY_GOLD","is_prod":false,"is_daily":false,"chose_seed":false,"campfire_upgraded":12,"win_rate":0,"timestamp":1553114669,"path_taken":["M","?","$","M","M","R","E","?","T","R","?","?","R","M","R","BOSS","M","?","?","$","M","R","M","R","T","R","M","R","?","E","R","BOSS","M","?","?","?","?","R","E","M","T","?","R","M","R","M","R","BOSS"],"build_version":"2019-01-23","purchased_purges":2,"victory":true,"max_hp_per_floor":[72,72,72,72,72,72,72,72,72,72,78,78,78,78,78,78,78,78,78,78,78,78,78,78,78,78,78,78,78,83,83,83,83,83,83,83,83,83,93,93,93,93,93,95,95,97,97,99,99,99],"card_choices":[{"not_picked":["Perfected Strike","Havoc"],"picked":"Pummel","floor":1},{"not_picked":["Havoc","Anger"],"picked":"Headbutt","floor":4},{"not_picked":["Wild Strike","Reckless Charge"],"picked":"Metallicize","floor":5},{"not_picked":["Combust","Corruption"],"picked":"Disarm","floor":7},{"not_picked":["Reckless Charge+1","Rampage+1"],"picked":"Searing Blow+1","floor":12},{"not_picked":["Perfected Strike+1","Iron Wave+1"],"picked":"Armaments","floor":14},{"not_picked":["Limit Break","Barricade"],"picked":"Demon Form","floor":16},{"not_picked":["Wild Strike+1","Shrug It Off"],"picked":"Corruption","floor":18},{"not_picked":["Twin Strike+1","Body Slam+1"],"picked":"Pommel Strike+1","floor":22},{"not_picked":["Cleave+1","Warcry"],"picked":"Blood for Blood+1","floor":24},{"not_picked":["Fire Breathing","Double Tap"],"picked":"Heavy Blade+1","floor":28},{"not_picked":["Shrug It Off","Cleave+1"],"picked":"Pommel Strike+1","floor":31},{"not_picked":["Berserk","Impervious"],"picked":"Fiend Fire+1","floor":33},{"not_picked":["Armaments","Warcry","Thunderclap+1"],"picked":"SKIP","floor":35},{"not_picked":["Dual Wield+1","Fire Breathing+1"],"picked":"Sever Soul+1","floor":38},{"not_picked":["Infernal Blade","Flex+1","Iron Wave+1"],"picked":"SKIP","floor":41},{"not_picked":["Pommel Strike+1","Anger+1","Clash+1"],"picked":"SKIP","floor":42},{"not_picked":["Havoc+1","Iron Wave+1","Twin Strike+1"],"picked":"Singing Bowl","floor":44},{"not_picked":["Cleave+1","Warcry+1","Searing Blow+1"],"picked":"Singing Bowl","floor":46},{"not_picked":["Exhume","Feel No Pain","Headbutt+1"],"picked":"Singing Bowl","floor":48}],"player_experience":1084809,"relics_obtained":[{"floor":7,"key":"Incense Burner"},{"floor":9,"key":"Darkstone Periapt"},{"floor":26,"key":"Calipers"},{"floor":31,"key":"Bag of Preparation"},{"floor":41,"key":"Torii"},{"floor":43,"key":"Singing Bowl"}],"event_choices":[{"cards_removed":["Strike_R"],"damage_healed":0,"gold_gain":0,"player_choice":"Purged","damage_taken":0,"max_hp_gain":0,"max_hp_loss":0,"event_name":"Purifier","floor":2,"gold_loss":0},{"damage_healed":0,"gold_gain":0,"player_choice":"Box","damage_taken":0,"relics_obtained":["Molten Egg 2"],"max_hp_gain":0,"max_hp_loss":0,"event_name":"Big Fish","floor":11,"gold_loss":0,"cards_obtained":["Regret"]},{"damage_healed":0,"gold_gain":0,"player_choice":"Ignored","damage_taken":0,"max_hp_gain":0,"max_hp_loss":0,"event_name":"Ghosts","floor":19,"gold_loss":0},{"damage_healed":0,"gold_gain":99,"player_choice":"Stole From Cult","damage_taken":0,"max_hp_gain":0,"max_hp_loss":0,"event_name":"Nest","floor":20,"gold_loss":0},{"damage_healed":0,"gold_gain":0,"player_choice":"Shed Blood","damage_taken":20,"max_hp_gain":5,"max_hp_loss":0,"event_name":"Forgotten Altar","floor":30,"gold_loss":0},{"damage_healed":0,"gold_gain":0,"player_choice":"Gave Potion","damage_taken":0,"relics_obtained":["Turnip"],"max_hp_gain":0,"max_hp_loss":0,"event_name":"WeMeetAgain","floor":36,"gold_loss":0},{"cards_removed":["Fiend Fire"],"damage_healed":0,"gold_gain":0,"player_choice":"Offered Rare","damage_taken":0,"max_hp_gain":10,"max_hp_loss":0,"event_name":"Bonfire Elementals","floor":39,"gold_loss":0}],"is_beta":false,"boss_relics":[{"not_picked":["Orrery","Tiny House"],"picked":"Snecko Eye"},{"not_picked":["Coffee Dripper","Calling Bell"],"picked":"Velvet Choker"}],"items_purged_floors":[3,21],"is_endless":false,"potions_floor_spawned":[7,14,16,18,22,24,44,48],"ascension_level":0}