{"gold_per_floor":[115,115,128,142,160,186,186,202,202,220,145,176,76,90,90,192,192,205,56,56,70,82,82,100,100],"floor_reached":25,"playtime":2728,"items_purged":["Strike_R","Defend_R"],"score":242,"play_id":"8819de5b-97ea-4027-b2e8-0f44390f35c4","local_time":"20180708135039","is_ascension_mode":false,"campfire_choices":[{"data":"Barricade","floor":7,"key":"SMITH"},{"data":"Inflame","floor":15,"key":"SMITH"},{"floor":23,"key":"REST"}],"neow_cost":"NONE","seed_source_timestamp":61919306224511,"circlet_count":0,"master_deck":["Strike_R","Strike_R","Strike_R","Strike_R","Bash","Seeing Red","Inflame+1","Rampage","Cleave","Headbutt","Barricade+1","Ghostly Armor+1","Warcry+1","Clash","Burning Pact","Impervious","Clash+1","Impervious","True Grit+1","Headbutt","Bloodletting"],"relics":["Burning Blood","Darkstone Periapt","Meat on the Bone","Juzu Bracelet","Empty Cage","War Paint"],"potions_floor_usage":[12,12,12],"damage_taken":[{"damage":0,"enemies":"Small Slimes","floor":1,"turns":3},{"damage":2,"enemies":"2 Louse","floor":3,"turns":3},{"damage":6,"enemies":"Cultist","floor":4,"turns":3},{"damage":11,"enemies":"Red Slaver","floor":5,"turns":3},{"damage":21,"enemies":"Lagavulin","floor":6,"turns":6},{"damage":22,"enemies":"Large Slime","floor":8,"turns":6},{"damage":10,"enemies":"Blue Slaver","floor":10,"turns":6},{"damage":0,"enemies":"Gremlin Nob","floor":12,"turns":3},{"damage":5,"enemies":"Looter","floor":14,"turns":3},{"damage":59,"enemies":"Hexaghost","floor":16,"turns":12},{"damage":21,"enemies":"Chosen","floor":18,"turns":7},{"damage":11,"enemies":"3 Byrds","floor":21,"turns":7},{"damage":11,"enemies":"Centurion and Healer","floor":22,"turns":7},{"damage":21,"enemies":"Snecko","floor":24,"turns":7},{"damage":81,"enemies":"Book of Stabbing","floor":25,"turns":7}],"seed_played":"3685292162182670690","potions_obtained":[{"floor":1,"key":"SteroidPotion"},{"floor":8,"key":"AttackPotion"},{"floor":10,"key":"Fruit Juice"},{"floor":14,"key":"SpeedPotion"},{"floor":21,"key":"PowerPotion"}],"is_trial":false,"path_per_floor":["M","?","M","M","M","E","R","M","T","M","$","E","$","M","R","B",null,"M","$","?","M","M","R","M"],"character_chosen":"IRONCLAD","items_purchased":["War Paint"],"campfire_rested":1,"item_purchase_floors":[19],"current_hp_per_floor":[80,85,85,85,80,65,65,49,49,57,57,68,68,69,69,28,90,75,75,75,70,65,90,75,0],"gold":100,"neow_bonus":"TRANSFORM_CARD","is_prod":false,"is_daily":false,"chose_seed":false,"campfire_upgraded":2,"win_rate":0,"timestamp":1531083039,"path_taken":["M","?","M","M","M","E","R","M","T","M","$","E","$","M","R","BOSS","M","$","?","M","M","R","M","E"],"build_version":"2018-07-05","purchased_purges":2,"victory":false,"max_hp_per_floor":[80,85,85,85,85,85,85,85,85,85,85,90,90,90,90,90,90,90,90,90,90,90,90,90,90],"card_choices":[{"not_picked":["Carnage","Clash"],"picked":"Inflame","floor":1},{"not_picked":["Warcry","Heavy Blade"],"picked":"Rampage","floor":3},{"not_picked":["Seeing Red","Body Slam"],"picked":"Cleave","floor":4},{"not_picked":["Shrug It Off","Armaments"],"picked":"Headbutt","floor":5},{"not_picked":["Battle Trance","Iron Wave"],"picked":"Barricade","floor":6},{"not_picked":["Pommel Strike","Searing Blow"],"picked":"Ghostly Armor","floor":8},{"not_picked":["Sword Boomerang","Anger"],"picked":"Warcry","floor":10},{"not_picked":["Sever Soul","Hemokinesis"],"picked":"Clash","floor":12},{"not_picked":["Reckless Charge","Twin Strike"],"picked":"Burning Pact","floor":14},{"not_picked":["Offering","Reaper"],"picked":"Impervious","floor":16},{"not_picked":["Clothesline","Pommel Strike"],"picked":"Clash+1","floor":18},{"not_picked":["Spot Weakness+1","Dual Wield+1"],"picked":"True Grit+1","floor":21},{"not_picked":["Shockwave","Clothesline"],"picked":"Headbutt","floor":22},{"not_picked":["Power Through","Perfected Strike"],"picked":"Bloodletting","floor":24}],"player_experience":11255,"relics_obtained":[{"floor":6,"key":"Darkstone Periapt"},{"floor":9,"key":"Meat on the Bone"},{"floor":12,"key":"Juzu Bracelet"}],"event_choices":[{"event_name":"Big Fish","player_choice":"Donut","floor":2,"damage_taken":0},{"event_name":"Duplicator","player_choice":"One dupe","floor":20,"damage_taken":0}],"boss_relics":[{"not_picked":["Black Star","Velvet Choker"],"picked":"Empty Cage"}],"items_purged_floors":[11,13],"is_endless":false,"potions_floor_spawned":[1,8,10,14,21],"killed_by":"Book of Stabbing","ascension_level":0}