{"gold_per_floor":[111,111,129,129,147,178,195,195,195,195,57,73,103,129,129,228,228,247,347,70,101,114,114,114,139,139,153,153,73,92,106,106,106],"floor_reached":33,"playtime":3135,"items_purged":["Strike_B","Shame"],"score":330,"play_id":"280648d7-f621-4772-a10f-802ab8f87205","local_time":"20190214234759","is_ascension_mode":true,"campfire_choices":[{"data":"Apotheosis","floor":8,"key":"SMITH"},{"data":"Zap","floor":10,"key":"SMITH"},{"floor":15,"key":"REST"},{"floor":23,"key":"REST"},{"floor":28,"key":"REST"},{"floor":32,"key":"REST"}],"neow_cost":"TEN_PERCENT_HP_LOSS","seed_source_timestamp":46725863001837,"circlet_count":0,"master_deck":["Strike_B","Strike_B","Strike_B","Defend_B","Defend_B","Defend_B+1","Defend_B","Zap+1","Dualcast+1","Blind","Apotheosis+1","Gash","Gash","Beam Cell","Gash","Scrape","Madness","Rebound","Thunder Strike","Electrodynamics","Regret","Parasite","Scrape","Reprogram+1","Static Discharge","Go for the Eyes+1","Scrape","Coolheaded+1","Defragment"],"relics":["Cracked Core","Bronze Scales","The Courier","War Paint","Ice Cream","Ginger","Calling Bell","Omamori","Cables","Pocketwatch","WingedGreaves","Matryoshka","Lee\u0027s Waffle","Blood Vial","Red Mask","Bag of Marbles","Toxic Egg 2","Regal Pillow","Letter Opener"],"potions_floor_usage":[6,14,14,19,19,19,33],"damage_taken":[{"damage":0,"enemies":"Small Slimes","floor":1,"turns":3},{"damage":4,"enemies":"Jaw Worm","floor":3,"turns":3},{"damage":0,"enemies":"Cultist","floor":5,"turns":2},{"damage":14,"enemies":"Gremlin Nob","floor":6,"turns":4},{"damage":0,"enemies":"Exordium Wildlife","floor":7,"turns":2},{"damage":0,"enemies":"3 Louse","floor":12,"turns":3},{"damage":7,"enemies":"3 Sentries","floor":14,"turns":4},{"damage":20,"enemies":"Slime Boss","floor":16,"turns":7},{"damage":22,"enemies":"2 Thieves","floor":18,"turns":3},{"damage":25,"enemies":"Colosseum Slavers","floor":19,"turns":3},{"damage":27,"enemies":"Colosseum Nobs","floor":19,"turns":4},{"damage":41,"enemies":"Masked Bandits","floor":21,"turns":4},{"damage":1,"enemies":"Chosen","floor":22,"turns":3},{"damage":34,"enemies":"Book of Stabbing","floor":25,"turns":5},{"damage":17,"enemies":"Centurion and Healer","floor":27,"turns":4},{"damage":11,"enemies":"Shelled Parasite and Fungi","floor":30,"turns":4},{"damage":10,"enemies":"Cultist and Chosen","floor":31,"turns":4},{"damage":78,"enemies":"Champ","floor":33,"turns":7}],"seed_played":"1780571869754190008","potions_obtained":[{"floor":4,"key":"SmokeBomb"},{"floor":4,"key":"Weak Potion"},{"floor":4,"key":"GamblersBrew"},{"floor":5,"key":"Weak Potion"},{"floor":7,"key":"Regen Potion"},{"floor":12,"key":"Strength Potion"},{"floor":16,"key":"Strength Potion"},{"floor":18,"key":"Regen Potion"},{"floor":22,"key":"SmokeBomb"},{"floor":30,"key":"PowerPotion"},{"floor":31,"key":"Energy Potion"}],"is_trial":false,"path_per_floor":["M","?","M","?","M","E","M","R","T","R","$","M","?","E","R","B",null,"M","?","$","?","M","R","?","E","T","M","R","$","M","M","R","B"],"character_chosen":"DEFECT","items_purchased":["Madness","Lee\u0027s Waffle","Blood Vial"],"campfire_rested":4,"item_purchase_floors":[11,20,20],"current_hp_per_floor":[68,56,52,52,52,38,38,38,38,38,38,38,38,43,63,43,68,46,6,75,34,35,57,57,25,25,10,47,47,38,30,67,0],"gold":106,"neow_bonus":"RANDOM_COLORLESS_2","is_prod":false,"is_daily":false,"chose_seed":false,"campfire_upgraded":2,"win_rate":0,"timestamp":1550216879,"path_taken":["M","?","M","?","M","E","?","R","T","R","$","M","?","E","R","BOSS","M","?","$","?","M","R","?","E","T","?","R","$","M","M","R","BOSS"],"build_version":"2019-01-23","purchased_purges":2,"victory":false,"max_hp_per_floor":[68,68,68,68,68,68,68,68,68,68,68,68,68,68,68,68,68,68,68,75,75,75,75,75,75,75,75,75,75,75,75,75,75],"card_choices":[{"not_picked":["Rebound","Stack"],"picked":"Gash","floor":1},{"not_picked":["Barrage","Leap"],"picked":"Gash","floor":3},{"not_picked":["Glacier","Stack"],"picked":"Beam Cell","floor":5},{"not_picked":["Consume","Streamline"],"picked":"Gash","floor":6},{"not_picked":["Steam Power","Sunder"],"picked":"Scrape","floor":7},{"not_picked":["Conserve Battery","Sweeping Beam"],"picked":"Rebound","floor":12},{"not_picked":["Chaos","Steam"],"picked":"Thunder Strike","floor":14},{"not_picked":["Buffer","Creative AI"],"picked":"Electrodynamics","floor":16},{"not_picked":["Leap","Go for the Eyes"],"picked":"Scrape","floor":18},{"not_picked":["Chill+1","Scrape"],"picked":"Reprogram+1","floor":19},{"not_picked":["Ball Lightning+1","Gash"],"picked":"Static Discharge","floor":21},{"not_picked":["Leap","Double Energy"],"picked":"Go for the Eyes+1","floor":22},{"not_picked":["Lockon","Beam Cell"],"picked":"Scrape","floor":25},{"not_picked":["Darkness+1","Buffer"],"picked":"Coolheaded+1","floor":27},{"not_picked":["Barrage","Hello World","Cold Snap+1"],"picked":"SKIP","floor":30},{"not_picked":["Auto Shields+1","Undo+1"],"picked":"Defragment","floor":31}],"player_experience":277821,"relics_obtained":[{"floor":6,"key":"The Courier"},{"floor":9,"key":"War Paint"},{"floor":14,"key":"Ginger"},{"floor":17,"key":"Omamori"},{"floor":17,"key":"Cables"},{"floor":17,"key":"Pocketwatch"},{"floor":19,"key":"WingedGreaves"},{"floor":19,"key":"Matryoshka"},{"floor":21,"key":"Red Mask"},{"floor":25,"key":"Toxic Egg 2"},{"floor":26,"key":"Regal Pillow"},{"floor":26,"key":"Letter Opener"}],"event_choices":[{"damage_healed":0,"gold_gain":0,"player_choice":"Success","damage_taken":12,"relics_obtained":["Bronze Scales"],"max_hp_gain":0,"max_hp_loss":0,"event_name":"Scrap Ooze","floor":2,"gold_loss":0},{"damage_healed":0,"gold_gain":0,"player_choice":"Got Potions","damage_taken":0,"max_hp_gain":0,"max_hp_loss":0,"event_name":"Lab","floor":4,"gold_loss":0},{"damage_healed":0,"gold_gain":30,"player_choice":"Searched \u00272\u0027 times","damage_taken":0,"relics_obtained":["Ice Cream"],"max_hp_gain":0,"max_hp_loss":0,"event_name":"Dead Adventurer","floor":13,"gold_loss":0},{"damage_healed":0,"gold_gain":0,"player_choice":"Fight","damage_taken":0,"max_hp_gain":0,"max_hp_loss":0,"event_name":"Colosseum","floor":19,"gold_loss":0},{"damage_healed":0,"gold_gain":0,"player_choice":"Fought Nobs","damage_taken":0,"max_hp_gain":0,"max_hp_loss":0,"event_name":"Colosseum","floor":19,"gold_loss":0},{"damage_healed":0,"gold_gain":0,"player_choice":"Fought Bandits","damage_taken":0,"max_hp_gain":0,"max_hp_loss":0,"event_name":"Masked Bandits","floor":21,"gold_loss":0},{"damage_healed":0,"gold_gain":0,"player_choice":"Gave Potion","damage_taken":0,"relics_obtained":["Bag of Marbles"],"max_hp_gain":0,"max_hp_loss":0,"event_name":"WeMeetAgain","floor":24,"gold_loss":0}],"is_beta":false,"boss_relics":[{"not_picked":["Cursed Key","Pandora\u0027s Box"],"picked":"Calling Bell"}],"items_purged_floors":[11,29],"is_endless":false,"potions_floor_spawned":[5,7,12,16,18,19,22,30,31],"killed_by":"Champ","ascension_level":4}