{"gold_per_floor":[18,28,40,51,64,64,95,107,194,234,258,289,301,377,389,502,514,539,565,220,220,220],"floor_reached":22,"playtime":2034,"items_purged":["Regret"],"score":228,"play_id":"12be8528-df96-46b9-8f6b-cfa33f6e56cb","local_time":"20190127155239","is_ascension_mode":true,"campfire_choices":[{"data":"Anger","floor":6.0,"key":"SMITH"},{"floor":8.0,"key":"REST"},{"data":"Armaments","floor":13.0,"key":"SMITH"},{"floor":15.0,"key":"REST"}],"neow_cost":"NO_GOLD","seed_source_timestamp":0,"circlet_count":0,"master_deck":["Strike_R","Strike_R","Strike_R","Strike_R","Defend_R","Defend_R","Defend_R","Bash","Headbutt","Battle Trance","Sever Soul","Anger+1","Double Tap","Uppercut","Armaments+1","Feed","Metallicize","Blood for Blood","Spot Weakness","Fiend Fire","Warcry+1"],"special_seed":0,"relics":["Burning Blood","MawBank","Dodecahedron","Charon\u0027s Ashes","Smiling Mask","Calling Bell","WingedGreaves","Sundial","Potion Belt","Peace Pipe"],"potions_floor_usage":[],"damage_taken":[{"damage":0.0,"enemies":"2 Louse","floor":1.0,"turns":2.0},{"damage":6.0,"enemies":"Cultist","floor":2.0,"turns":3.0},{"damage":0.0,"enemies":"Small Slimes","floor":3.0,"turns":3.0},{"damage":45.0,"enemies":"Gremlin Gang","floor":4.0,"turns":4.0},{"damage":8.0,"enemies":"Looter","floor":5.0,"turns":2.0},{"damage":19.0,"enemies":"3 Sentries","floor":7.0,"turns":5.0},{"damage":25.0,"enemies":"Lagavulin","floor":10.0,"turns":5.0},{"damage":7.0,"enemies":"3 Louse","floor":11.0,"turns":2.0},{"damage":28.0,"enemies":"Gremlin Gang","floor":12.0,"turns":3.0},{"damage":19.0,"enemies":"3 Sentries","floor":14.0,"turns":5.0},{"damage":30.0,"enemies":"Slime Boss","floor":16.0,"turns":8.0},{"damage":47,"enemies":"Shell Parasite","floor":18,"turns":7},{"damage":30,"enemies":"Spheric Guardian","floor":19,"turns":4},{"damage":30,"enemies":"Cultist and Chosen","floor":22,"turns":4}],"seed_played":"3478912506918549710","potions_obtained":[{"floor":4.0,"key":"SteroidPotion"},{"floor":5.0,"key":"Strength Potion"},{"floor":7.0,"key":"Poison Potion"},{"floor":11.0,"key":"Regen Potion"},{"floor":14.0,"key":"Explosive Potion"}],"is_trial":false,"path_per_floor":["M","M","M","M","M","R","E","R","T","E","M","M","R","?","R","B",null,"M","M","$","?","M"],"character_chosen":"IRONCLAD","items_purchased":["Peace Pipe"],"campfire_rested":2,"item_purchase_floors":[20],"current_hp_per_floor":[80,80,80,41,39,39,26,50,50,34,33,20,20,10,35,11,86,45,24,24,24,0],"gold":220,"neow_bonus":"TRANSFORM_TWO_CARDS","is_prod":false,"is_daily":false,"chose_seed":false,"campfire_upgraded":2,"win_rate":0,"timestamp":1548633159,"path_taken":["M","M","M","M","M","R","E","R","T","E","M","M","R","?","R","BOSS","M","M","$","?","?"],"build_version":"2019-01-23","purchased_purges":1,"victory":false,"max_hp_per_floor":[80,80,80,80,80,80,80,80,80,83,83,83,83,86,86,86,86,86,89,89,89,89],"card_choices":[{"not_picked":["Pommel Strike","Warcry"],"picked":"Sever Soul","floor":1.0},{"not_picked":["Corruption","Pommel Strike"],"picked":"Anger","floor":2.0},{"not_picked":["Twin Strike","Wild Strike"],"picked":"Double Tap","floor":3.0},{"not_picked":["Heavy Blade","Headbutt"],"picked":"Uppercut","floor":4.0},{"not_picked":["Pummel","Clothesline"],"picked":"Armaments","floor":5.0},{"not_picked":["Twin Strike","Feel No Pain"],"picked":"Feed","floor":7.0},{"not_picked":["Headbutt","Fire Breathing"],"picked":"Metallicize","floor":10.0},{"not_picked":["Clash","Iron Wave"],"picked":"Blood for Blood","floor":11.0},{"not_picked":["Headbutt","Clash"],"picked":"Spot Weakness","floor":12.0},{"not_picked":["Brutality","Exhume"],"picked":"Fiend Fire","floor":16.0},{"not_picked":["Evolve","Spot Weakness","Anger"],"picked":"SKIP","floor":18},{"not_picked":["Sword Boomerang","Anger"],"picked":"Warcry+1","floor":19}],"player_experience":176576,"relics_obtained":[{"floor":7.0,"key":"MawBank"},{"floor":9.0,"key":"Dodecahedron"},{"floor":10.0,"key":"Charon\u0027s Ashes"},{"floor":14.0,"key":"Smiling Mask"},{"floor":17.0,"key":"WingedGreaves"},{"floor":17.0,"key":"Sundial"},{"floor":17.0,"key":"Potion Belt"}],"event_choices":[{"damage_healed":0.0,"max_hp_gain":0.0,"max_hp_loss":0.0,"gold_gain":0.0,"event_name":"Dead Adventurer","player_choice":"Searched \u00271\u0027 times","floor":14.0,"gold_loss":0.0,"damage_taken":0.0},{"cards_removed":["Pain","Doubt"],"damage_healed":0,"gold_gain":0,"player_choice":"Removed Curses","damage_taken":0,"max_hp_gain":0,"max_hp_loss":0,"event_name":"Fountain of Cleansing","floor":21,"gold_loss":0}],"is_beta":false,"boss_relics":[{"not_picked":["Tiny House","Pandora\u0027s Box"],"picked":"Calling Bell"}],"items_purged_floors":[20],"is_endless":false,"potions_floor_spawned":[4,5,7,11,14],"killed_by":"Cultist and Chosen","ascension_level":3}