{"gold_per_floor":[109,122,122,135,153,188,188,205,205,48,48,77,77,91,91,193,193,211,211,211,136,155,155,189,189],"floor_reached":25,"playtime":1490,"items_purged":["Writhe"],"score":300,"play_id":"74ebcb33-61cb-46e3-8327-9b66d3ef0538","local_time":"20190220222742","is_ascension_mode":true,"campfire_choices":[{"floor":7,"key":"REST"},{"floor":11,"key":"REST"},{"data":"Neutralize","floor":13,"key":"SMITH"},{"floor":15,"key":"REST"},{"floor":23,"key":"REST"}],"neow_cost":"PERCENT_DAMAGE","seed_source_timestamp":446636604940212,"circlet_count":0,"master_deck":["Defend_G+1","Defend_G","Defend_G","Strike_G","Strike_G","Survivor","Neutralize+1","Finisher","Flying Knee","Dagger Spray","Escape Plan+1","Quick Slash","Backflip","Distraction","A Thousand Cuts","Infinite Blades+1","Sucker Punch+1","Infinite Blades"],"relics":["Ring of the Snake","Vajra","Juzu Bracelet","Happy Flower","War Paint","Empty Cage","Gremlin Horn","Bag of Preparation"],"potions_floor_usage":[6,12,16],"damage_taken":[{"damage":8,"enemies":"Jaw Worm","floor":1,"turns":6},{"damage":0,"enemies":"Cultist","floor":2,"turns":4},{"damage":1,"enemies":"Small Slimes","floor":4,"turns":3},{"damage":0,"enemies":"Looter","floor":5,"turns":4},{"damage":32,"enemies":"Lagavulin","floor":6,"turns":8},{"damage":3,"enemies":"Large Slime","floor":8,"turns":6},{"damage":12,"enemies":"3 Sentries","floor":12,"turns":6},{"damage":2,"enemies":"2 Fungi Beasts","floor":14,"turns":3},{"damage":18,"enemies":"Hexaghost","floor":16,"turns":9},{"damage":19,"enemies":"Spheric Guardian","floor":18,"turns":4},{"damage":17,"enemies":"2 Thieves","floor":22,"turns":3},{"damage":38,"enemies":"Gremlin Leader","floor":24,"turns":5},{"damage":10,"enemies":"Snake Plant","floor":25,"turns":1}],"seed_played":"8870260948256591583","potions_obtained":[{"floor":1,"key":"Swift Potion"},{"floor":4,"key":"SpeedPotion"},{"floor":12,"key":"SkillPotion"},{"floor":18,"key":"FearPotion"}],"is_trial":false,"path_per_floor":["M","M","?","M","M","E","R","M","T","$","R","E","R","M","R","B",null,"M","?","?","$","M","R","E","M"],"character_chosen":"THE_SILENT","items_purchased":["Happy Flower"],"campfire_rested":4,"item_purchase_floors":[10],"current_hp_per_floor":[37,37,37,36,36,4,25,22,22,22,43,31,31,29,50,32,61,42,42,42,42,25,46,8,0],"gold":189,"neow_bonus":"REMOVE_TWO","is_prod":false,"is_daily":false,"chose_seed":false,"campfire_upgraded":1,"win_rate":0,"timestamp":1550730462,"path_taken":["M","M","?","?","M","E","R","M","T","$","R","E","R","M","R","BOSS","M","?","?","$","M","R","E","M"],"build_version":"2019-01-23","purchased_purges":1,"victory":false,"max_hp_per_floor":[70,70,70,70,70,70,70,70,70,70,70,70,70,70,70,70,70,70,70,70,70,70,70,70,70],"card_choices":[{"not_picked":["Setup","Cloak And Dagger"],"picked":"Finisher","floor":1},{"not_picked":["Slice","Poisoned Stab"],"picked":"Flying Knee","floor":2},{"not_picked":["Crippling Poison","Concentrate"],"picked":"Dagger Spray","floor":4},{"not_picked":["Deadly Poison","PiercingWail","Acrobatics"],"picked":"SKIP","floor":5},{"not_picked":["Dagger Spray","Underhanded Strike"],"picked":"Escape Plan","floor":6},{"not_picked":["Deadly Poison","Skewer"],"picked":"Quick Slash","floor":8},{"not_picked":["Poisoned Stab","Setup"],"picked":"Backflip","floor":12},{"not_picked":["PiercingWail","Deflect"],"picked":"Distraction","floor":14},{"not_picked":["Unload","Bullet Time"],"picked":"A Thousand Cuts","floor":16},{"not_picked":["Cloak And Dagger","Underhanded Strike+1"],"picked":"Infinite Blades+1","floor":18},{"not_picked":["Underhanded Strike","Bane+1"],"picked":"Sucker Punch+1","floor":22},{"not_picked":["Poisoned Stab","Blade Dance"],"picked":"Infinite Blades","floor":24}],"player_experience":301633,"relics_obtained":[{"floor":6,"key":"Vajra"},{"floor":9,"key":"Juzu Bracelet"},{"floor":12,"key":"War Paint"},{"floor":24,"key":"Bag of Preparation"}],"event_choices":[{"cards_removed":["Defend_G"],"damage_healed":0,"gold_gain":0,"player_choice":"Offered Basic","damage_taken":0,"max_hp_gain":0,"max_hp_loss":0,"event_name":"Bonfire Elementals","floor":3,"gold_loss":0},{"damage_healed":0,"gold_gain":0,"player_choice":"Opened","damage_taken":0,"relics_obtained":["Gremlin Horn"],"max_hp_gain":0,"max_hp_loss":0,"event_name":"The Mausoleum","floor":19,"gold_loss":0,"cards_obtained":["Writhe"]},{"damage_healed":0,"gold_gain":0,"player_choice":"Ignored","damage_taken":0,"max_hp_gain":0,"max_hp_loss":0,"event_name":"Ghosts","floor":20,"gold_loss":0}],"is_beta":false,"boss_relics":[{"not_picked":["Black Star","White Beast Statue"],"picked":"Empty Cage"}],"items_purged_floors":[21],"is_endless":false,"potions_floor_spawned":[1,4,12,18],"killed_by":"Snake Plant","ascension_level":6}