{"gold_per_floor":[116,130,55,74,88,88,119,119,174,174,174,174,201,201,201,299,299,280,280,206,217,228,228,305,305,305,324,353,368,251,268,268,371,371,383,383,409,420,420,446,458,502,514,94,106,140,140,140,140,140],"floor_reached":51,"playtime":3958,"items_purged":["Parasite","Enlightenment"],"score":1055,"play_id":"8f538bb3-ec62-4092-b4c8-22115ec20d38","local_time":"20190307003600","is_ascension_mode":true,"campfire_choices":[{"data":"Infernal Blade","floor":6.0,"key":"SMITH"},{"data":"Good Instincts","floor":8.0,"key":"SMITH"},{"data":"Bash","floor":10.0,"key":"SMITH"},{"data":"Reckless Charge","floor":12.0,"key":"SMITH"},{"floor":15.0,"key":"REST"},{"floor":23.0,"key":"REST"},{"floor":25.0,"key":"REST"},{"floor":32.0,"key":"REST"},{"floor":41,"key":"REST"},{"floor":47,"key":"REST"},{"floor":49,"key":"REST"}],"neow_cost":"CURSE","seed_source_timestamp":266514490070926,"circlet_count":0,"master_deck":["Strike_R","Strike_R","Strike_R","Strike_R","Strike_R","Defend_R","Defend_R","Defend_R","Bash+1","Good Instincts+1","Rampage","Reckless Charge+1","Infernal Blade+1","Offering","Seeing Red","Warcry","Brutality","Heavy Blade+1","Necronomicurse","Metallicize","Warcry+1","Metallicize","Perfected Strike","Twin Strike+1","Heavy Blade+1","Spot Weakness","Battle Trance","Bludgeon","Madness","Madness","Carnage+1","Mayhem","Carnage+1","Barricade","Master of Strategy","True Grit+1","Flame Barrier","Cleave"],"special_seed":0,"relics":["Burning Blood","Vajra","Tiny Chest","Happy Flower","Pen Nib","Fusion Hammer","Necronomicon","Gremlin Horn","Smiling Mask","Bag of Preparation","Black Star","Juzu Bracelet","Darkstone Periapt","MawBank","Question Card","Mango","Orichalcum","Sling","Whetstone","Oddly Smooth Stone"],"potions_floor_usage":[33,50,50,50,50,50,50],"damage_taken":[{"damage":4.0,"enemies":"Small Slimes","floor":1.0,"turns":4.0},{"damage":0.0,"enemies":"2 Louse","floor":2.0,"turns":3.0},{"damage":7.0,"enemies":"Jaw Worm","floor":4.0,"turns":3.0},{"damage":6.0,"enemies":"Exordium Wildlife","floor":5.0,"turns":5.0},{"damage":29.0,"enemies":"Lagavulin","floor":7.0,"turns":7.0},{"damage":33.0,"enemies":"3 Sentries","floor":13.0,"turns":8.0},{"damage":69.0,"enemies":"The Guardian","floor":16.0,"turns":10.0},{"damage":18.0,"enemies":"2 Thieves","floor":18.0,"turns":4.0},{"damage":0.0,"enemies":"Spheric Guardian","floor":21.0,"turns":2.0},{"damage":21.0,"enemies":"Centurion and Healer","floor":22.0,"turns":4.0},{"damage":19.0,"enemies":"Sentry and Sphere","floor":27.0,"turns":5.0},{"damage":13.0,"enemies":"Slavers","floor":28.0,"turns":2.0},{"damage":0.0,"enemies":"Cultist and Chosen","floor":29.0,"turns":3.0},{"damage":12.0,"enemies":"Centurion and Healer","floor":31.0,"turns":4.0},{"damage":55,"enemies":"Automaton","floor":33,"turns":8},{"damage":0,"enemies":"3 Darklings","floor":35,"turns":3},{"damage":3,"enemies":"Orb Walker","floor":38,"turns":2},{"damage":35,"enemies":"Giant Head","floor":40,"turns":6},{"damage":17,"enemies":"Reptomancer","floor":42,"turns":3},{"damage":6,"enemies":"Sphere and 2 Shapes","floor":45,"turns":6},{"damage":10,"enemies":"Giant Head","floor":46,"turns":3},{"damage":101,"enemies":"Awakened One","floor":50,"turns":8}],"seed_played":"2921257911459412190","potions_obtained":[{"floor":1.0,"key":"SpeedPotion"},{"floor":2.0,"key":"Energy Potion"},{"floor":5.0,"key":"Block Potion"},{"floor":7.0,"key":"SpeedPotion"},{"floor":16.0,"key":"AttackPotion"},{"floor":21.0,"key":"SpeedPotion"},{"floor":22.0,"key":"SteroidPotion"},{"floor":27.0,"key":"FearPotion"},{"floor":40,"key":"Weak Potion"},{"floor":42,"key":"SmokeBomb"},{"floor":45,"key":"EntropicBrew"}],"is_trial":false,"path_per_floor":["M","M","$","M","M","R","E","R","T","R","?","R","E","?","R","B",null,"M","?","$","M","M","R","T","R","T","M","E","M","$","M","R","B",null,"M","?","T","M","?","E","R","E","T","$","M","E","R","?","R","B",null],"character_chosen":"IRONCLAD","items_purchased":["Metallicize","Spot Weakness","Block Potion","Sling","Master of Strategy"],"campfire_rested":7,"item_purchase_floors":[20,30,44,44,44],"current_hp_per_floor":[74,80,77,76,76,76,53,53,53,53,50,50,23,48,71,8,60,48,32,32,38,23,46,46,69,69,56,49,55,55,49,72,23,64,70,60,60,63,63,34,57,60,60,60,60,56,83,83,91,11],"gold":140,"neow_bonus":"RANDOM_COLORLESS_2","is_prod":false,"is_daily":false,"chose_seed":false,"campfire_upgraded":4,"win_rate":0,"timestamp":1551947760,"path_taken":["M","M","$","M","M","R","E","R","T","R","?","R","E","?","R","BOSS","M","?","$","M","M","R","?","R","T","M","E","M","$","M","R","BOSS","M","?","?","M","?","E","R","E","T","?","M","E","R","?","R","BOSS"],"build_version":"2019-01-23","purchased_purges":2,"victory":true,"max_hp_per_floor":[80,80,77,77,77,77,77,77,77,77,77,77,77,77,77,77,77,77,77,77,77,77,77,77,77,77,77,77,77,77,77,77,77,77,77,77,77,77,77,77,77,91,91,91,91,91,91,91,91,91],"card_choices":[{"not_picked":["Flex","Armaments"],"picked":"Rampage","floor":1.0},{"not_picked":["Havoc","Wild Strike"],"picked":"Reckless Charge","floor":2.0},{"not_picked":["Pommel Strike","Carnage"],"picked":"Infernal Blade","floor":4.0},{"not_picked":["Infernal Blade","Shockwave"],"picked":"Offering","floor":5.0},{"not_picked":["Iron Wave","Dual Wield"],"picked":"Seeing Red","floor":7.0},{"not_picked":["Disarm","Flex"],"picked":"Warcry","floor":13.0},{"not_picked":["Fiend Fire","Immolate"],"picked":"Brutality","floor":16.0},{"not_picked":["Warcry","Flex"],"picked":"Heavy Blade+1","floor":18.0},{"not_picked":["Flex","Shrug It Off+1"],"picked":"Warcry+1","floor":21.0},{"not_picked":["Cleave","Wild Strike+1"],"picked":"Metallicize","floor":22.0},{"not_picked":["Thunderclap","Body Slam"],"picked":"Perfected Strike","floor":27.0},{"not_picked":["Rupture","Body Slam"],"picked":"Twin Strike","floor":28.0},{"not_picked":["Pummel","True Grit+1"],"picked":"Heavy Blade","floor":29.0},{"not_picked":["Sword Boomerang+1","Thunderclap"],"picked":"Battle Trance","floor":31.0},{"not_picked":["Limit Break","Fiend Fire"],"picked":"Bludgeon","floor":33},{"not_picked":["Carnage","Iron Wave","Rupture"],"picked":"SKIP","floor":35},{"not_picked":["Sentinel+1","Feel No Pain+1"],"picked":"Carnage+1","floor":38},{"not_picked":["Metamorphosis","Dramatic Entrance"],"picked":"Mayhem","floor":39},{"not_picked":["Sword Boomerang","Thunderclap+1"],"picked":"Carnage+1","floor":40},{"not_picked":["Shrug It Off","Ghostly Armor"],"picked":"Barricade","floor":42},{"not_picked":["Thunderclap+1","Pummel","Perfected Strike"],"picked":"True Grit+1","floor":45},{"not_picked":["Clash","Juggernaut","Flex+1"],"picked":"Flame Barrier","floor":46}],"player_experience":417966,"relics_obtained":[{"floor":7.0,"key":"Vajra"},{"floor":9.0,"key":"Tiny Chest"},{"floor":13.0,"key":"Pen Nib"},{"floor":19.0,"key":"Necronomicon"},{"floor":24.0,"key":"Gremlin Horn"},{"floor":26.0,"key":"Smiling Mask"},{"floor":28.0,"key":"Bag of Preparation"},{"floor":37,"key":"Juzu Bracelet"},{"floor":40,"key":"Darkstone Periapt"},{"floor":40,"key":"MawBank"},{"floor":42,"key":"Question Card"},{"floor":42,"key":"Mango"},{"floor":43,"key":"Orichalcum"},{"floor":46,"key":"Whetstone"},{"floor":46,"key":"Oddly Smooth Stone"}],"event_choices":[{"damage_healed":0.0,"max_hp_gain":0.0,"max_hp_loss":0.0,"gold_gain":0.0,"event_name":"Scrap Ooze","player_choice":"Success","floor":11.0,"gold_loss":0.0,"damage_taken":3.0,"relics_obtained":["Happy Flower"]},{"damage_healed":25.0,"max_hp_gain":0.0,"max_hp_loss":0.0,"gold_gain":0.0,"event_name":"Big Fish","player_choice":"Banana","floor":14.0,"gold_loss":0.0,"damage_taken":0.0},{"damage_healed":0.0,"max_hp_gain":0.0,"max_hp_loss":0.0,"gold_gain":0.0,"event_name":"Cursed Tome","player_choice":"Obtained Book","floor":19.0,"gold_loss":0.0,"damage_taken":16.0},{"damage_healed":0,"gold_gain":0,"player_choice":"Embrace Madness","damage_taken":10,"max_hp_gain":0,"max_hp_loss":0,"event_name":"Winding Halls","floor":36,"gold_loss":0,"cards_obtained":["Madness","Madness"]},{"damage_healed":0,"gold_gain":0,"player_choice":"Memory 1","damage_taken":0,"max_hp_gain":0,"max_hp_loss":0,"event_name":"SensoryStone","floor":39,"gold_loss":0},{"damage_healed":0,"gold_gain":0,"cards_transformed":["Defend_R"],"player_choice":"Transformed","damage_taken":0,"max_hp_gain":0,"max_hp_loss":0,"event_name":"Transmorgrifier","floor":48,"gold_loss":0,"cards_obtained":["Cleave"]}],"is_beta":false,"boss_relics":[{"not_picked":["Coffee Dripper","Empty Cage"],"picked":"Fusion Hammer"},{"not_picked":["Lizard Tail","Philosopher\u0027s Stone"],"picked":"Black Star"}],"items_purged_floors":[3,30],"is_endless":false,"potions_floor_spawned":[1,2,5,7,16,21,22,27,40,42,45],"ascension_level":8}