{"gold_per_floor":[112,112,112,132,132,132,166,178,254,268,279,429,447,464,464,539,539,553,553,52,52,67,100,100,113,113,113,25,25,75,91,91,91],"floor_reached":33,"playtime":5020,"items_purged":["Doubt"],"score":584,"play_id":"c0dc9df3-bc99-400a-bc3f-5eaddee249d5","local_time":"20190102221429","is_ascension_mode":true,"campfire_choices":[{"data":"Zap","floor":6.0,"key":"SMITH"},{"data":"Hologram","floor":15.0,"key":"SMITH"},{"floor":24,"key":"REST"},{"floor":27,"key":"REST"},{"data":"Defragment","floor":29,"key":"SMITH"},{"data":"Capacitor","floor":32,"key":"SMITH"}],"neow_cost":"NONE","seed_source_timestamp":0,"circlet_count":0,"master_deck":["AscendersBane","Strike_B","Strike_B","Strike_B","Strike_B","Defend_B","Defend_B","Defend_B","Defend_B","Zap+1","Dualcast+1","Hologram+1","Self Repair","Ball Lightning","Echo Form","Capacitor+1","Go for the Eyes","Ball Lightning","Conserve Battery","Defragment+1"],"special_seed":0,"relics":["FrozenCore","NeowsBlessing","Blood Vial","Ornamental Fan","Symbiotic Virus","Centennial Puzzle","StoneCalendar","Art of War","Anchor"],"potions_floor_usage":[22,23],"damage_taken":[{"damage":0.0,"enemies":"2 Louse","floor":1.0,"turns":1.0},{"damage":0.0,"enemies":"Jaw Worm","floor":4.0,"turns":1.0},{"damage":0.0,"enemies":"Gremlin Nob","floor":7.0,"turns":1.0},{"damage":5.0,"enemies":"Small Slimes","floor":8.0,"turns":2.0},{"damage":3.0,"enemies":"Exordium Wildlife","floor":10.0,"turns":4.0},{"damage":1.0,"enemies":"2 Fungi Beasts","floor":11.0,"turns":3.0},{"damage":1.0,"enemies":"Looter","floor":13.0,"turns":4.0},{"damage":9.0,"enemies":"Red Slaver","floor":14.0,"turns":2.0},{"damage":41.0,"enemies":"Slime Boss","floor":16.0,"turns":10.0},{"damage":26.0,"enemies":"Chosen","floor":18.0,"turns":5.0},{"damage":17,"enemies":"Spheric Guardian","floor":22,"turns":5},{"damage":39,"enemies":"Slavers","floor":23,"turns":7},{"damage":5,"enemies":"Snecko","floor":25,"turns":7},{"damage":1,"enemies":"Centurion and Healer","floor":31,"turns":7},{"damage":75,"enemies":"Automaton","floor":33,"turns":8}],"seed_played":"1608214168665151902","potions_obtained":[{"floor":4.0,"key":"FearPotion"},{"floor":8.0,"key":"SpeedPotion"},{"floor":16.0,"key":"Regen Potion"},{"floor":22,"key":"AttackPotion"},{"floor":23,"key":"SpeedPotion"}],"is_trial":false,"path_per_floor":["M","?","?","M","?","R","E","M","T","M","M","?","M","M","R","B",null,"M","?","$","?","M","E","R","M","T","R","$","R","?","M","R","B"],"character_chosen":"DEFECT","items_purchased":["Capacitor","StoneCalendar","Defragment"],"campfire_rested":2,"item_purchase_floors":[20,20,28],"current_hp_per_floor":[64,64,57,59,59,59,61,58,58,64,71,71,71,62,62,30,61,37,37,37,37,50,13,34,38,38,59,59,59,59,71,71,0],"gold":91,"neow_bonus":"THREE_ENEMY_KILL","is_prod":false,"is_daily":false,"chose_seed":false,"campfire_upgraded":4,"win_rate":0,"timestamp":1546463669,"path_taken":["M","?","?","M","?","R","E","?","T","M","M","?","M","M","R","BOSS","M","?","$","?","?","E","R","?","T","R","?","R","?","M","R","BOSS"],"build_version":"2019-01-01v2","purchased_purges":1,"victory":false,"max_hp_per_floor":[71,71,71,71,71,71,71,71,71,71,71,71,71,71,71,71,71,71,71,71,71,71,71,71,71,71,71,71,71,71,71,71,71],"card_choices":[{"not_picked":["Stack","Turbo"],"picked":"Hologram","floor":1.0},{"not_picked":["Rebound","Leap","Turbo"],"picked":"SKIP","floor":4.0},{"not_picked":["Beam Cell","Steam","Gash"],"picked":"SKIP","floor":7.0},{"not_picked":["Static Discharge","Recycle"],"picked":"Self Repair","floor":8.0},{"not_picked":["Leap","Beam Cell","Streamline"],"picked":"SKIP","floor":10.0},{"not_picked":["Cold Snap","Capacitor"],"picked":"Ball Lightning","floor":11.0},{"not_picked":["Leap","Recycle","Rebound"],"picked":"SKIP","floor":13.0},{"not_picked":["Steam Power","Turbo","Sunder"],"picked":"SKIP","floor":14.0},{"not_picked":["Thunder Strike","Reboot"],"picked":"Echo Form","floor":16.0},{"not_picked":["Self Repair","Redo","Scrape"],"picked":"SKIP","floor":18.0},{"not_picked":["Sweeping Beam","Redo"],"picked":"Go for the Eyes","floor":22},{"not_picked":["Leap","Stack"],"picked":"Ball Lightning","floor":23},{"not_picked":["Recycle","Self Repair"],"picked":"Conserve Battery","floor":25},{"not_picked":["Ball Lightning","Beam Cell","Stack"],"picked":"SKIP","floor":31}],"player_experience":1002932,"relics_obtained":[{"floor":7.0,"key":"Ornamental Fan"},{"floor":9.0,"key":"Symbiotic Virus"},{"floor":23,"key":"Art of War"},{"floor":26,"key":"Anchor"}],"event_choices":[{"damage_healed":0.0,"max_hp_gain":0.0,"max_hp_loss":0.0,"gold_gain":0.0,"event_name":"Big Fish","player_choice":"Box","floor":2.0,"gold_loss":0.0,"damage_taken":0.0,"relics_obtained":["Blood Vial"],"cards_obtained":["Regret"]},{"cards_removed":["Regret"],"damage_healed":0.0,"max_hp_gain":0.0,"max_hp_loss":0.0,"gold_gain":0.0,"event_name":"Golden Wing","player_choice":"Card Removal","floor":3.0,"gold_loss":0.0,"damage_taken":7.0},{"damage_healed":0.0,"max_hp_gain":0.0,"max_hp_loss":0.0,"gold_gain":0.0,"event_name":"Living Wall","player_choice":"Grow","floor":5.0,"gold_loss":0.0,"damage_taken":0.0,"cards_upgraded":["Dualcast"]},{"damage_healed":0.0,"max_hp_gain":0.0,"max_hp_loss":0.0,"gold_gain":150.0,"event_name":"Liars Game","player_choice":"AGREE","floor":12.0,"gold_loss":0.0,"damage_taken":0.0,"cards_obtained":["Doubt"]},{"damage_healed":0.0,"max_hp_gain":0.0,"max_hp_loss":0.0,"gold_gain":0.0,"event_name":"The Mausoleum","player_choice":"Opened","floor":19.0,"gold_loss":0.0,"damage_taken":0.0,"relics_obtained":["Centennial Puzzle"],"cards_obtained":["Writhe"]},{"cards_removed":["Writhe"],"damage_healed":0,"gold_gain":0,"player_choice":"Purged","damage_taken":0,"max_hp_gain":0,"max_hp_loss":0,"event_name":"Purifier","floor":21,"gold_loss":0},{"damage_healed":0,"gold_gain":50,"player_choice":"Stole From Cult","damage_taken":0,"max_hp_gain":0,"max_hp_loss":0,"event_name":"Nest","floor":30,"gold_loss":0}],"is_beta":true,"boss_relics":[{"not_picked":["Lizard Tail","Fusion Hammer"],"picked":"FrozenCore"}],"items_purged_floors":[20],"is_endless":false,"potions_floor_spawned":[4,8,16,22,23],"killed_by":"Automaton","ascension_level":20}