{"gold_per_floor":[114,114,130,144,73,105,105,124,148,148,182,202,217,204,204,299,299,311,311,166,182,182,182,192,192],"floor_reached":25,"playtime":2074,"items_purged":["Pain"],"score":411,"play_id":"1e21b1b2-ebf8-4dff-924e-07595348a1ae","local_time":"20190502143419","is_ascension_mode":true,"campfire_choices":[{"data":"Footwork","floor":7,"key":"SMITH"},{"data":"Neutralize","floor":10,"key":"SMITH"},{"data":"Caltrops","floor":15,"key":"SMITH"},{"data":"Night Terror","floor":23,"key":"SMITH"}],"neow_cost":"TEN_PERCENT_HP_LOSS","seed_source_timestamp":2692534622453072,"circlet_count":0,"master_deck":["AscendersBane","Defend_G","Defend_G","Defend_G","Defend_G","Defend_G","Strike_G","Strike_G","Strike_G","Survivor","Neutralize+1","Flying Knee","Night Terror+1","Footwork+1","Flying Knee","Dash","Dodge and Roll","Dodge and Roll","Night Terror","Caltrops+1","Blur","Skewer","Caltrops"],"relics":["Ring of the Snake","Strawberry","Regal Pillow","Anchor","Meat on the Bone","Runic Pyramid","WarpedTongs"],"potions_floor_usage":[6,16,24],"damage_taken":[{"damage":5,"enemies":"2 Louse","floor":1,"turns":3},{"damage":3,"enemies":"Cultist","floor":3,"turns":4},{"damage":9,"enemies":"Jaw Worm","floor":4,"turns":5},{"damage":11,"enemies":"3 Sentries","floor":6,"turns":12},{"damage":0,"enemies":"2 Fungi Beasts","floor":8,"turns":6},{"damage":23,"enemies":"Lagavulin","floor":11,"turns":21},{"damage":0,"enemies":"Exordium Wildlife","floor":12,"turns":8},{"damage":13,"enemies":"Large Slime","floor":13,"turns":8},{"damage":0,"enemies":"Exordium Thugs","floor":14,"turns":6},{"damage":0,"enemies":"Hexaghost","floor":16,"turns":21},{"damage":3,"enemies":"3 Byrds","floor":18,"turns":4},{"damage":0,"enemies":"Spheric Guardian","floor":21,"turns":6},{"damage":56,"enemies":"3 Cultists","floor":24,"turns":9},{"damage":19,"enemies":"Centurion and Healer","floor":25,"turns":4}],"seed_played":"-4123772415768666837","potions_obtained":[{"floor":4,"key":"Fire Potion"},{"floor":6,"key":"Explosive Potion"},{"floor":11,"key":"SneckoOil"}],"is_trial":false,"path_per_floor":["M","?","M","M","?","E","R","M","T","R","E","M","M","M","R","B",null,"M","?","$","M","?","R","M","M"],"character_chosen":"THE_SILENT","items_purchased":["Caltrops"],"campfire_rested":0,"item_purchase_floors":[20],"current_hp_per_floor":[58,58,55,46,53,42,42,42,42,42,19,31,30,42,42,42,63,60,60,60,60,60,60,16,0],"gold":192,"neow_bonus":"TRANSFORM_TWO_CARDS","is_prod":false,"is_daily":false,"chose_seed":false,"campfire_upgraded":4,"win_rate":0,"timestamp":1556786059,"path_taken":["M","?","?","M","?","E","R","M","T","R","E","M","M","M","R","BOSS","M","?","$","?","?","R","M","M"],"build_version":"2019-01-23","purchased_purges":1,"victory":false,"max_hp_per_floor":[63,63,63,63,70,70,70,70,70,70,70,70,70,70,70,70,70,70,70,70,70,70,70,70,70],"card_choices":[{"not_picked":["Dagger Spray","Accuracy"],"picked":"Footwork","floor":1},{"not_picked":["Riddle With Holes","Cloak And Dagger"],"picked":"Dash","floor":3},{"not_picked":["Dagger Spray","Blur"],"picked":"Dodge and Roll","floor":4},{"not_picked":["Sucker Punch","Bane"],"picked":"Dodge and Roll","floor":6},{"not_picked":["Masterful Stab","Flechettes","Slice"],"picked":"SKIP","floor":8},{"not_picked":["Quick Slash","Prepared"],"picked":"Night Terror","floor":11},{"not_picked":["Distraction","Accuracy"],"picked":"Caltrops","floor":12},{"not_picked":["Well Laid Plans","Prepared"],"picked":"Blur","floor":13},{"not_picked":["Underhanded Strike","Backflip"],"picked":"Skewer","floor":14},{"not_picked":["Quick Slash","Bane","Acrobatics"],"picked":"SKIP","floor":18},{"not_picked":["Flying Knee","Infinite Blades+1","Sucker Punch"],"picked":"SKIP","floor":21},{"not_picked":["Sucker Punch+1","Flying Knee","Outmaneuver"],"picked":"SKIP","floor":24}],"player_experience":1274042,"relics_obtained":[{"floor":6,"key":"Regal Pillow"},{"floor":9,"key":"Anchor"},{"floor":11,"key":"Meat on the Bone"}],"event_choices":[{"damage_healed":0,"gold_gain":0,"player_choice":"1 cards matched","damage_taken":0,"max_hp_gain":0,"max_hp_loss":0,"event_name":"Match and Keep!","floor":2,"gold_loss":0,"cards_obtained":["Flying Knee"]},{"damage_healed":0,"gold_gain":0,"player_choice":"Paid Gold","damage_taken":0,"relics_obtained":["Strawberry"],"max_hp_gain":0,"max_hp_loss":0,"event_name":"WeMeetAgain","floor":5,"gold_loss":71},{"damage_healed":0,"gold_gain":0,"player_choice":"Rummage","damage_taken":0,"relics_obtained":["WarpedTongs"],"max_hp_gain":0,"max_hp_loss":0,"event_name":"Accursed Blacksmith","floor":19,"gold_loss":0,"cards_obtained":["Pain"]},{"damage_healed":0,"gold_gain":0,"player_choice":"Ignored","damage_taken":0,"max_hp_gain":0,"max_hp_loss":0,"event_name":"Cursed Tome","floor":22,"gold_loss":0}],"is_beta":false,"boss_relics":[{"not_picked":["Sozu","Astrolabe"],"picked":"Runic Pyramid"}],"items_purged_floors":[20],"is_endless":false,"potions_floor_spawned":[4,6,11,12],"killed_by":"Centurion and Healer","ascension_level":11}