{"gold_per_floor":[117,130,130,130,145,145,173,123,123,140,140,140,140,153,153,153],"floor_reached":16,"playtime":435,"items_purged":[],"score":200,"play_id":"69ed45a2-018a-4394-a61d-1eb268a8d32d","local_time":"20190126003215","is_ascension_mode":true,"campfire_choices":[{"data":"Sucker Punch","floor":6,"key":"SMITH"},{"data":"Cloak And Dagger","floor":13,"key":"SMITH"},{"floor":15,"key":"REST"}],"neow_cost":"NONE","seed_source_timestamp":561398703567000,"circlet_count":0,"master_deck":["AscendersBane","Defend_G","Defend_G","Defend_G","Defend_G","Strike_G","Strike_G","Strike_G","Strike_G","Strike_G","Survivor","Neutralize+1","Sucker Punch+1","Backflip","Blade Dance","Cloak And Dagger+1"],"relics":["Ring of the Snake","PreservedInsect","Pear","Shuriken","Matryoshka","Golden Idol"],"potions_floor_usage":[7,16,16],"damage_taken":[{"damage":7,"enemies":"Cultist","floor":1,"turns":4},{"damage":7,"enemies":"Small Slimes","floor":2,"turns":7},{"damage":0,"enemies":"Jaw Worm","floor":5,"turns":6},{"damage":32,"enemies":"Lagavulin","floor":7,"turns":8},{"damage":1,"enemies":"Blue Slaver","floor":10,"turns":4},{"damage":9,"enemies":"3 Louse","floor":14,"turns":4},{"damage":35,"enemies":"The Guardian","floor":16,"turns":5}],"seed_played":"7238052451669021494","potions_obtained":[{"floor":2,"key":"GamblersBrew"},{"floor":7,"key":"LiquidBronze"},{"floor":10,"key":"PowerPotion"}],"is_trial":false,"path_per_floor":["M","M","T","?","M","R","E","$","T","M","?","?","R","M","R","B"],"character_chosen":"THE_SILENT","items_purchased":["Blade Dance"],"campfire_rested":1,"item_purchase_floors":[8],"current_hp_per_floor":[52,45,55,55,55,55,23,23,23,22,22,22,22,13,33,0],"gold":153,"neow_bonus":"RANDOM_COMMON_RELIC","is_prod":false,"is_daily":false,"chose_seed":false,"campfire_upgraded":2,"win_rate":0,"timestamp":1548459135,"path_taken":["M","M","?","?","M","R","E","$","T","?","?","?","R","M","R","BOSS"],"build_version":"2019-01-23","purchased_purges":0,"victory":false,"max_hp_per_floor":[66,66,76,76,76,76,76,76,76,76,69,69,69,69,69,69],"card_choices":[{"not_picked":["Underhanded Strike","Concentrate"],"picked":"Sucker Punch","floor":1},{"not_picked":["Accuracy","Dagger Throw"],"picked":"Backflip","floor":2},{"not_picked":["Distraction","Dagger Throw","Acrobatics"],"picked":"SKIP","floor":5},{"not_picked":["Masterful Stab","Quick Slash","Prepared"],"picked":"SKIP","floor":7},{"not_picked":["Bouncing Flask","Flechettes"],"picked":"Cloak And Dagger","floor":10},{"not_picked":["Acrobatics","Outmaneuver","Bouncing Flask"],"picked":"SKIP","floor":14}],"player_experience":1079442,"relics_obtained":[{"floor":3,"key":"Pear"},{"floor":7,"key":"Shuriken"},{"floor":9,"key":"Matryoshka"}],"event_choices":[{"cards_removed":["Defend_G"],"damage_healed":0,"gold_gain":0,"player_choice":"Purged","damage_taken":0,"max_hp_gain":0,"max_hp_loss":0,"event_name":"Purifier","floor":4,"gold_loss":0},{"damage_healed":0,"gold_gain":0,"player_choice":"Lose Max HP","damage_taken":0,"relics_obtained":["Golden Idol"],"max_hp_gain":0,"max_hp_loss":7,"event_name":"Golden Idol","floor":11,"gold_loss":0},{"damage_healed":0,"gold_gain":0,"player_choice":"Grow","damage_taken":0,"max_hp_gain":0,"max_hp_loss":0,"event_name":"Living Wall","floor":12,"gold_loss":0,"cards_upgraded":["Neutralize"]}],"is_beta":true,"boss_relics":[],"items_purged_floors":[],"is_endless":false,"potions_floor_spawned":[2,7,10],"killed_by":"The Guardian","ascension_level":20}