{"gold_per_floor":[109,109,259,98,111,111,125,125,125,148,189,189,154,134,134,134],"floor_reached":16,"playtime":367,"items_purged":["Doubt"],"score":196,"play_id":"e1a17d42-71db-45b7-9503-2ab53212bde6","local_time":"20190126235601","is_ascension_mode":true,"campfire_choices":[{"data":"Dagger Spray","floor":6,"key":"SMITH"},{"floor":8,"key":"REST"},{"floor":12,"key":"REST"},{"data":"Neutralize","floor":15,"key":"SMITH"}],"neow_cost":"TEN_PERCENT_HP_LOSS","seed_source_timestamp":645695781762600,"circlet_count":0,"master_deck":["AscendersBane","Defend_G","Defend_G","Defend_G","Defend_G","Defend_G","Strike_G","Strike_G","Strike_G","Strike_G","Strike_G","Survivor","Neutralize+1","After Image","Dagger Spray+1","Injury","Footwork","Flying Knee","Dash","Glass Knife"],"relics":["Ring of the Snake","Golden Idol","Ice Cream","Paper Crane"],"potions_floor_usage":[16],"damage_taken":[{"damage":25,"enemies":"Jaw Worm","floor":1,"turns":9},{"damage":6,"enemies":"Cultist","floor":5,"turns":5},{"damage":0,"enemies":"2 Louse","floor":7,"turns":3},{"damage":0,"enemies":"Lots of Slimes","floor":10,"turns":2},{"damage":41,"enemies":"Gremlin Nob","floor":11,"turns":5},{"damage":39,"enemies":"Hexaghost","floor":16,"turns":11}],"seed_played":"1915976144620859964","potions_obtained":[{"floor":5,"key":"EssenceOfSteel"},{"floor":14,"key":"SmokeBomb"}],"is_trial":false,"path_per_floor":["M","?","?","$","M","R","M","R","T","M","E","R","?","?","R","B"],"character_chosen":"THE_SILENT","items_purchased":["Footwork"],"campfire_rested":2,"item_purchase_floors":[4],"current_hp_per_floor":[34,34,34,34,28,28,28,46,46,46,5,23,38,38,38,0],"gold":134,"neow_bonus":"THREE_RARE_CARDS","is_prod":false,"is_daily":false,"chose_seed":false,"campfire_upgraded":2,"win_rate":0,"timestamp":1548543361,"path_taken":["M","?","?","?","?","R","M","R","T","M","E","R","?","?","R","BOSS"],"build_version":"2019-01-23","purchased_purges":1,"victory":false,"max_hp_per_floor":[60,60,60,60,60,60,60,60,60,60,60,60,60,60,60,60],"card_choices":[{"not_picked":["Storm of Steel","Bullet Time"],"picked":"After Image","floor":0},{"not_picked":["Predator","Outmaneuver"],"picked":"Dagger Spray","floor":1},{"not_picked":["Deflect","Bane"],"picked":"Flying Knee","floor":5},{"not_picked":["PiercingWail","Infinite Blades"],"picked":"Dash","floor":7},{"not_picked":["Dagger Throw","Deflect","Cloak And Dagger"],"picked":"SKIP","floor":10},{"not_picked":["Blade Dance","Noxious Fumes"],"picked":"Glass Knife","floor":11}],"player_experience":1088953,"relics_obtained":[{"floor":9,"key":"Ice Cream"},{"floor":11,"key":"Paper Crane"}],"event_choices":[{"damage_healed":0,"gold_gain":0,"player_choice":"Take Wound","damage_taken":0,"relics_obtained":["Golden Idol"],"max_hp_gain":0,"max_hp_loss":0,"event_name":"Golden Idol","floor":2,"gold_loss":0,"cards_obtained":["Injury"]},{"damage_healed":0,"gold_gain":150,"player_choice":"AGREE","damage_taken":0,"max_hp_gain":0,"max_hp_loss":0,"event_name":"Liars Game","floor":3,"gold_loss":0,"cards_obtained":["Doubt"]},{"damage_healed":15,"gold_gain":0,"player_choice":"Healed","damage_taken":0,"max_hp_gain":0,"max_hp_loss":0,"event_name":"The Cleric","floor":13,"gold_loss":35},{"damage_healed":0,"gold_gain":0,"player_choice":"Bought 1 Potion","damage_taken":0,"max_hp_gain":0,"max_hp_loss":0,"event_name":"The Woman in Blue","floor":14,"gold_loss":0}],"is_beta":true,"boss_relics":[],"items_purged_floors":[4],"is_endless":false,"potions_floor_spawned":[5],"killed_by":"Hexaghost","ascension_level":20}