{"gold_per_floor":[115,59,209,78,78,99,130,130,130,143,166,166],"floor_reached":12,"playtime":208,"items_purged":["Doubt"],"score":206,"play_id":"40a6ad06-5f86-44c4-9850-8454c89036da","local_time":"20190412005813","is_ascension_mode":true,"campfire_choices":[{"data":"Bash","floor":8,"key":"SMITH"}],"neow_cost":"NONE","seed_source_timestamp":128599209779200,"circlet_count":0,"master_deck":["AscendersBane","Strike_R","Strike_R","Strike_R","Strike_R","Strike_R","Defend_R","Defend_R","Defend_R","Defend_R","Bash+1","Sword Boomerang","Shrug It Off","Heavy Blade","Impervious"],"relics":["Burning Blood","NeowsBlessing","Golden Idol","Frozen Egg 2"],"potions_floor_usage":[12],"damage_taken":[{"damage":0,"enemies":"Cultist","floor":1,"turns":1},{"damage":0,"enemies":"2 Louse","floor":6,"turns":1},{"damage":0,"enemies":"Lagavulin","floor":7,"turns":1},{"damage":6,"enemies":"Jaw Worm","floor":10,"turns":3},{"damage":21,"enemies":"Large Slime","floor":11,"turns":10},{"damage":56,"enemies":"Gremlin Nob","floor":12,"turns":4}],"seed_played":"51715946505862764","potions_obtained":[{"floor":10,"key":"Swift Potion"}],"is_trial":false,"path_per_floor":["M","$","?","$","?","M","E","R","T","M","M","E"],"character_chosen":"IRONCLAD","items_purchased":["Sword Boomerang","Shrug It Off"],"campfire_rested":0,"item_purchase_floors":[2,4],"current_hp_per_floor":[74,74,74,74,48,54,60,60,60,60,45,0],"gold":166,"neow_bonus":"THREE_ENEMY_KILL","is_prod":false,"is_daily":false,"chose_seed":false,"campfire_upgraded":1,"win_rate":0,"timestamp":1555023493,"path_taken":["M","?","?","?","?","M","E","R","T","M","?","E"],"build_version":"2019-04-04","purchased_purges":1,"victory":false,"max_hp_per_floor":[75,75,75,75,75,75,75,75,75,75,75,75],"card_choices":[{"not_picked":["Clash","Clothesline","Havoc"],"picked":"SKIP","floor":1},{"not_picked":["Pommel Strike","Searing Blow"],"picked":"Heavy Blade","floor":6},{"not_picked":["Iron Wave","Second Wind"],"picked":"Impervious","floor":7},{"not_picked":["Ghostly Armor","Armaments","Perfected Strike"],"picked":"SKIP","floor":10},{"not_picked":["Thunderclap","Cleave","Burning Pact"],"picked":"SKIP","floor":11}],"player_experience":1364391,"relics_obtained":[{"floor":7,"key":"Frozen Egg 2"}],"event_choices":[{"damage_healed":0,"gold_gain":150,"player_choice":"AGREE","damage_taken":0,"max_hp_gain":0,"max_hp_loss":0,"event_name":"Liars Game","floor":3,"gold_loss":0,"cards_obtained":["Doubt"]},{"damage_healed":0,"gold_gain":0,"player_choice":"Take Damage","damage_taken":26,"relics_obtained":["Golden Idol"],"max_hp_gain":0,"max_hp_loss":0,"event_name":"Golden Idol","floor":5,"gold_loss":0}],"is_beta":true,"boss_relics":[],"items_purged_floors":[4],"is_endless":false,"potions_floor_spawned":[10],"killed_by":"Gremlin Nob","ascension_level":20}