{"gold_per_floor":[112,123,137,137,154,154,184,184,184,38,58,91,91,108,108,209,209,226,226,501,521,50,50,50,50,50,50,50,75,85,102,102,199,199,214,69,69,88,100,100,112,145,145,164,164,211,211,226,226,226,226,226,25,50,50],"floor_reached":55,"playtime":2228,"items_purged":["Strike_G","Regret"],"score":752,"play_id":"20b9824f-596e-4111-a2a8-4446d6930506","local_time":"20190225144931","is_ascension_mode":false,"campfire_choices":[{"data":"Die Die Die","floor":6.0,"key":"SMITH"},{"floor":8.0,"key":"REST"},{"floor":13,"key":"REST"},{"data":"Catalyst","floor":15,"key":"SMITH"},{"data":"Neutralize","floor":23,"key":"SMITH"},{"floor":25,"key":"REST"},{"data":"Corpse Explosion","floor":28,"key":"SMITH"},{"floor":32,"key":"REST"},{"data":"Footwork","floor":40,"key":"SMITH"},{"floor":45,"key":"RECALL"},{"data":"Footwork","floor":47,"key":"SMITH"},{"data":"Adrenaline","floor":49,"key":"SMITH"},{"floor":52,"key":"DIG"}],"neow_cost":"NONE","seed_source_timestamp":0,"circlet_count":0,"master_deck":["Defend_G+1","Defend_G","Defend_G","Defend_G+1","Strike_G","Strike_G","Strike_G","Survivor","Neutralize+1","Die Die Die+1","Catalyst+1","PiercingWail","Deadly Poison","Footwork+1","Deadly Poison","Poisoned Stab","Corpse Explosion+1","Footwork+1","Poisoned Stab+1","Burst+1","Adrenaline+1","Caltrops+1","Dash+1","Dodge and Roll+1"],"special_seed":0,"relics":["Ring of the Snake","Kunai","Pear","Velvet Choker","Lantern","Oddly Smooth Stone","Question Card","Molten Egg 2","Orrery","Art of War","Vajra","Bottled Lightning","Shovel","Dodecahedron","TwistedFunnel","War Paint"],"potions_floor_usage":[12,31,33,33,50,55,55],"damage_taken":[{"damage":0.0,"enemies":"2 Louse","floor":1.0,"turns":2.0},{"damage":1.0,"enemies":"Cultist","floor":2.0,"turns":4.0},{"damage":1.0,"enemies":"Jaw Worm","floor":3.0,"turns":6.0},{"damage":0.0,"enemies":"Looter","floor":5.0,"turns":4.0},{"damage":49.0,"enemies":"Gremlin Nob","floor":7.0,"turns":6.0},{"damage":11.0,"enemies":"Exordium Thugs","floor":11.0,"turns":5.0},{"damage":19,"enemies":"3 Sentries","floor":12,"turns":7},{"damage":2,"enemies":"Blue Slaver","floor":14,"turns":4},{"damage":16,"enemies":"Hexaghost","floor":16,"turns":7},{"damage":3,"enemies":"Spheric Guardian","floor":18,"turns":3},{"damage":18,"enemies":"2 Thieves","floor":21,"turns":2},{"damage":0,"enemies":"Gremlin Leader","floor":29,"turns":4},{"damage":5,"enemies":"Snake Plant","floor":30,"turns":5},{"damage":16,"enemies":"Shelled Parasite and Fungi","floor":31,"turns":4},{"damage":2,"enemies":"Collector","floor":33,"turns":6},{"damage":7,"enemies":"3 Darklings","floor":35,"turns":5},{"damage":0,"enemies":"3 Shapes","floor":38,"turns":5},{"damage":0,"enemies":"Transient","floor":39,"turns":5},{"damage":0,"enemies":"4 Shapes","floor":41,"turns":2},{"damage":4,"enemies":"Giant Head","floor":42,"turns":7},{"damage":9,"enemies":"Jaw Worm Horde","floor":44,"turns":3},{"damage":0,"enemies":"2 Orb Walkers","floor":46,"turns":1},{"damage":1,"enemies":"Maw","floor":48,"turns":7},{"damage":57,"enemies":"Awakened One","floor":50,"turns":17},{"damage":6,"enemies":"Shield and Spear","floor":54,"turns":3},{"damage":89,"enemies":"The Heart","floor":55,"turns":5}],"seed_played":"-1717521947103905264","potions_obtained":[{"floor":1.0,"key":"EssenceOfSteel"},{"floor":2.0,"key":"Swift Potion"},{"floor":11.0,"key":"FearPotion"},{"floor":12,"key":"Dexterity Potion"},{"floor":18,"key":"GamblersBrew"},{"floor":21,"key":"Strength Potion"},{"floor":30,"key":"AttackPotion"},{"floor":33,"key":"Block Potion"},{"floor":38,"key":"GamblersBrew"},{"floor":42,"key":"GamblersBrew"},{"floor":46,"key":"LiquidBronze"},{"floor":48,"key":"PowerPotion"}],"is_trial":false,"path_per_floor":["M","M","M","?","M","R","E","R","T","$","M","E","R","M","R","B",null,"M","?","?","M","$","R","?","R","T","$","R","E","M","M","R","B",null,"M","$","?","M","M","R","M","E","T","M","R","?","R","M","R","B",null,"R","$","E","B"],"character_chosen":"THE_SILENT","items_purchased":["Footwork","Lantern","Oddly Smooth Stone","Footwork","Art of War","TwistedFunnel"],"campfire_rested":4,"item_purchase_floors":[10,22,22,22,36,53],"current_hp_per_floor":[70,69,68,68,68,68,19,40,40,40,29,20,44,42,42,26,80,77,62,62,44,44,44,44,69,69,69,69,69,64,48,73,71,85,78,78,78,78,78,78,78,74,74,65,65,65,65,64,64,7,85,85,85,79,0],"gold":50,"neow_bonus":"ONE_RANDOM_RARE_CARD","is_prod":false,"is_daily":false,"chose_seed":false,"campfire_upgraded":7,"win_rate":0,"timestamp":1551102571,"path_taken":["M","M","M","?","M","R","E","R","T","$","M","E","R","?","R","BOSS","M","?","?","?","$","R","?","R","T","$","R","E","M","M","R","BOSS","M","$","?","?","M","R","M","E","T","M","R","?","R","M","R","BOSS","R","$","E","BOSS"],"build_version":"2019-02-06","purchased_purges":2,"victory":false,"max_hp_per_floor":[70,70,70,70,70,70,70,70,70,70,70,80,80,80,80,80,80,80,85,85,85,85,85,85,85,85,85,85,85,85,85,85,85,85,85,85,85,85,85,85,85,85,85,85,85,85,85,85,85,85,85,85,85,85,85],"card_choices":[{"not_picked":["Outmaneuver","Blur","Distraction"],"picked":"SKIP","floor":1.0},{"not_picked":["Deflect","Dodge and Roll","Dagger Spray"],"picked":"SKIP","floor":2.0},{"not_picked":["Distraction","Blur"],"picked":"Catalyst","floor":3.0},{"not_picked":["Skewer","Bane","PiercingWail"],"picked":"SKIP","floor":5.0},{"not_picked":["Skewer","Bane"],"picked":"PiercingWail","floor":5.0},{"not_picked":["Deflect","Choke"],"picked":"Deadly Poison","floor":7.0},{"not_picked":["Catalyst","PiercingWail"],"picked":"Deadly Poison","floor":11.0},{"not_picked":["Blade Dance","Quick Slash"],"picked":"Poisoned Stab","floor":12},{"not_picked":["Catalyst","Deflect","Phantasmal Killer"],"picked":"SKIP","floor":14},{"not_picked":["Unload","Wraith Form v2"],"picked":"Corpse Explosion","floor":16},{"not_picked":["Dodge and Roll","Blade Dance","Deflect+1"],"picked":"SKIP","floor":18},{"not_picked":["Sucker Punch+1","Infinite Blades","Quick Slash"],"picked":"SKIP","floor":21},{"not_picked":["Bouncing Flask","Underhanded Strike","Phantasmal Killer","Expertise"],"picked":"SKIP","floor":29},{"not_picked":["Dodge and Roll+1","PiercingWail+1","Backflip"],"picked":"Poisoned Stab+1","floor":30},{"not_picked":["Blade Dance","Blur","Sucker Punch+1","All Out Attack+1"],"picked":"SKIP","floor":31},{"not_picked":["Venomology","Unload+1","Tools of the Trade"],"picked":"Burst","floor":33},{"not_picked":["PiercingWail","Dodge and Roll","Deadly Poison"],"picked":"Adrenaline","floor":34},{"not_picked":["Cloak And Dagger","Dodge and Roll+1","Sucker Punch+1"],"picked":"Caltrops+1","floor":34},{"not_picked":["Outmaneuver","Dodge and Roll","Blur"],"picked":"Dash+1","floor":34},{"not_picked":["Dagger Spray+1","Riddle With Holes+1","All Out Attack+1","Quick Slash+1"],"picked":"SKIP","floor":35},{"not_picked":["Slice+1","Distraction+1","Footwork","PiercingWail+1"],"picked":"SKIP","floor":38},{"not_picked":["Prepared","Flying Knee+1","Calculated Gamble","Finisher+1"],"picked":"SKIP","floor":39},{"not_picked":["Dodge and Roll+1","Bouncing Flask","Well Laid Plans","Prepared"],"picked":"SKIP","floor":41},{"not_picked":["Backstab+1","Die Die Die+1","Reflex","Dodge and Roll+1"],"picked":"SKIP","floor":42},{"not_picked":["Backstab+1","Die Die Die+1","Reflex"],"picked":"Dodge and Roll+1","floor":42},{"not_picked":["Reflex","Dagger Throw+1","Crippling Poison","Acrobatics+1"],"picked":"SKIP","floor":44},{"not_picked":["Poisoned Stab+1","Skewer+1","Tactician","Acrobatics"],"picked":"SKIP","floor":48},{"not_picked":["Flechettes+1","Cloak And Dagger+1","Backflip","Quick Slash+1"],"picked":"SKIP","floor":54}],"player_experience":1190153,"relics_obtained":[{"floor":7.0,"key":"Kunai"},{"floor":12,"key":"Pear"},{"floor":26,"key":"Question Card"},{"floor":29,"key":"Molten Egg 2"},{"floor":42,"key":"Vajra"},{"floor":43,"key":"Bottled Lightning"},{"floor":46,"key":"Shovel"},{"floor":52,"key":"Dodecahedron"},{"floor":54,"key":"War Paint"}],"event_choices":[{"cards_removed":["Defend_G"],"damage_healed":0.0,"max_hp_gain":0.0,"max_hp_loss":0.0,"gold_gain":0.0,"event_name":"Bonfire Elementals","player_choice":"Offered Basic","floor":4.0,"gold_loss":0.0,"damage_taken":0.0},{"damage_healed":0,"gold_gain":0,"player_choice":"Shed Blood","damage_taken":20,"max_hp_gain":5,"max_hp_loss":0,"event_name":"Forgotten Altar","floor":19,"gold_loss":0},{"damage_healed":0,"gold_gain":275,"player_choice":"Desecrate","damage_taken":0,"max_hp_gain":0,"max_hp_loss":0,"event_name":"Golden Shrine","floor":20,"gold_loss":0,"cards_obtained":["Regret"]},{"cards_removed":["Strike_G"],"damage_healed":0,"gold_gain":0,"player_choice":"Card Removal","damage_taken":0,"max_hp_gain":0,"max_hp_loss":0,"event_name":"Wheel of Change","floor":24,"gold_loss":0},{"damage_healed":0,"gold_gain":0,"player_choice":"Upgraded","damage_taken":0,"max_hp_gain":0,"max_hp_loss":0,"event_name":"Upgrade Shrine","floor":37,"gold_loss":0,"cards_upgraded":["Burst"]},{"damage_healed":0,"gold_gain":0,"player_choice":"Fight","damage_taken":0,"max_hp_gain":0,"max_hp_loss":0,"event_name":"Mysterious Sphere","floor":46,"gold_loss":0}],"is_beta":true,"boss_relics":[{"not_picked":["HoveringKite","Pandora\u0027s Box"],"picked":"Velvet Choker"},{"not_picked":["Coffee Dripper","Fusion Hammer"],"picked":"Orrery"}],"items_purged_floors":[10,22],"is_endless":false,"potions_floor_spawned":[1,2,11,12,18,21,30,33,38,42,46,48],"killed_by":"The Heart","ascension_level":0}