{"gold_per_floor":[116,96,111,111,111,111,111,142,166,183,183,198,198,42,42,118,118,129,129,29,39,49,49,66,66],"floor_reached":25,"playtime":786,"items_purged":["Defend_R","Strike_R"],"score":402,"play_id":"34f6da60-63a5-4d63-b1ce-0fb0506b4203","local_time":"20190328000210","is_ascension_mode":true,"campfire_choices":[{"floor":6,"key":"REST"},{"floor":7,"key":"REST"},{"floor":13,"key":"REST"},{"data":"Bash","floor":15,"key":"SMITH"},{"floor":23,"key":"REST"}],"neow_cost":"PERCENT_DAMAGE","seed_source_timestamp":603651196758100,"circlet_count":0,"master_deck":["AscendersBane","Strike_R","Strike_R+1","Defend_R","Defend_R+1","Bash+1","Heavy Blade","Shrug It Off","Demon Form","Flame Barrier","Wild Strike","Shrug It Off","Shrug It Off+1","Sword Boomerang"],"relics":["Burning Blood","WingedGreaves","Orichalcum","Smiling Mask","Ice Cream","Velvet Choker"],"potions_floor_usage":[8,16,16,18,25],"damage_taken":[{"damage":7,"enemies":"Jaw Worm","floor":1,"turns":3},{"damage":1,"enemies":"Cultist","floor":3,"turns":3},{"damage":69,"enemies":"Lagavulin","floor":8,"turns":9},{"damage":2,"enemies":"Small Slimes","floor":10,"turns":4},{"damage":10,"enemies":"Blue Slaver","floor":12,"turns":4},{"damage":30,"enemies":"Slime Boss","floor":16,"turns":8},{"damage":12,"enemies":"3 Byrds","floor":18,"turns":5},{"damage":15,"enemies":"Shell Parasite","floor":21,"turns":6},{"damage":33,"enemies":"Shelled Parasite and Fungi","floor":22,"turns":8},{"damage":26,"enemies":"Cultist and Chosen","floor":24,"turns":7},{"damage":19,"enemies":"Snake Plant","floor":25,"turns":4}],"seed_played":"-2279928077162349090","potions_obtained":[{"floor":1,"key":"SpeedPotion"},{"floor":2,"key":"Explosive Potion"},{"floor":8,"key":"Strength Potion"},{"floor":16,"key":"SkillPotion"},{"floor":24,"key":"Swift Potion"}],"is_trial":false,"path_per_floor":["M","?","M","?","T","R","R","E","T","M","T","M","R","$","R","B",null,"M","?","$","M","M","R","M","M"],"character_chosen":"IRONCLAD","items_purchased":["PowerPotion","Shrug It Off","Shrug It Off"],"campfire_rested":4,"item_purchase_floors":[14,14,20],"current_hp_per_floor":[49,49,54,31,31,53,75,12,12,16,16,12,34,34,34,10,59,53,53,53,44,17,39,19,0],"gold":66,"neow_bonus":"REMOVE_TWO","is_prod":false,"is_daily":false,"chose_seed":false,"campfire_upgraded":1,"win_rate":0,"timestamp":1553727730,"path_taken":["M","?","?","?","?","R","R","E","T","?","?","M","R","$","R","BOSS","M","?","?","M","M","R","M","M"],"build_version":"2019-03-15","purchased_purges":2,"victory":false,"max_hp_per_floor":[75,75,75,75,75,75,75,75,75,75,75,75,75,75,75,75,75,75,75,75,75,75,75,75,75],"card_choices":[{"not_picked":["Shockwave","Perfected Strike","Clash"],"picked":"SKIP","floor":1},{"not_picked":["Anger","Perfected Strike"],"picked":"Heavy Blade","floor":3},{"not_picked":["Thunderclap","Warcry","Evolve"],"picked":"SKIP","floor":8},{"not_picked":["Dark Embrace","Shockwave","Heavy Blade"],"picked":"SKIP","floor":10},{"not_picked":["Shockwave","Body Slam","Feel No Pain"],"picked":"SKIP","floor":12},{"not_picked":["Dark Embrace","Bludgeon"],"picked":"Demon Form","floor":16},{"not_picked":["Combust","Spot Weakness"],"picked":"Flame Barrier","floor":18},{"not_picked":["Power Through","Flex","Shockwave+1"],"picked":"SKIP","floor":21},{"not_picked":["Flex","Armaments"],"picked":"Shrug It Off+1","floor":22},{"not_picked":["Impervious","Headbutt"],"picked":"Sword Boomerang","floor":24}],"player_experience":1290507,"relics_obtained":[{"floor":5,"key":"WingedGreaves"},{"floor":8,"key":"Orichalcum"},{"floor":9,"key":"Smiling Mask"},{"floor":11,"key":"Ice Cream"}],"event_choices":[{"damage_healed":0,"gold_gain":0,"player_choice":"Bought 1 Potion","damage_taken":0,"max_hp_gain":0,"max_hp_loss":0,"event_name":"The Woman in Blue","floor":2,"gold_loss":0},{"damage_healed":0,"gold_gain":0,"player_choice":"Entered Light","damage_taken":23,"max_hp_gain":0,"max_hp_loss":0,"event_name":"Shining Light","floor":4,"gold_loss":0,"cards_upgraded":["Defend_R","Strike_R"]},{"damage_healed":0,"gold_gain":0,"cards_transformed":["Strike_R"],"player_choice":"Transformed","damage_taken":0,"max_hp_gain":0,"max_hp_loss":0,"event_name":"Transmorgrifier","floor":19,"gold_loss":0,"cards_obtained":["Wild Strike"]}],"is_beta":true,"boss_relics":[{"not_picked":["Orrery","Runic Dome"],"picked":"Velvet Choker"}],"items_purged_floors":[14,20],"is_endless":false,"potions_floor_spawned":[1,8,10,16,24],"killed_by":"Snake Plant","ascension_level":20}