{"gold_per_floor":[112,112,130,55,55,55,74,74,74,92,92,92,92,127,127,127],"floor_reached":16,"playtime":324,"items_purged":[],"score":196,"play_id":"252d28d1-3870-44ca-91a1-ca65473936d7","local_time":"20190409212426","is_ascension_mode":true,"campfire_choices":[{"data":"Bash","floor":6,"key":"SMITH"},{"data":"Strike_R","floor":8,"key":"SMITH"},{"data":"Sword Boomerang","floor":13,"key":"SMITH"},{"floor":15,"key":"REST"}],"neow_cost":"PERCENT_DAMAGE","seed_source_timestamp":196051735444600,"circlet_count":0,"master_deck":["AscendersBane","Strike_R","Strike_R","Strike_R+1","Strike_R","Defend_R","Defend_R","Defend_R","Bash+1","Immolate+1","Limit Break","Sword Boomerang+1"],"relics":["Burning Blood","Magic Flower","Golden Idol","Pocketwatch"],"potions_floor_usage":[],"damage_taken":[{"damage":4,"enemies":"Jaw Worm","floor":1,"turns":4},{"damage":0,"enemies":"2 Louse","floor":3,"turns":1},{"damage":0,"enemies":"Cultist","floor":7,"turns":2},{"damage":22,"enemies":"Large Slime","floor":10,"turns":4},{"damage":20,"enemies":"3 Sentries","floor":14,"turns":3},{"damage":61,"enemies":"The Guardian","floor":16,"turns":11}],"seed_played":"-6809078971721278349","potions_obtained":[{"floor":1,"key":"Fire Potion"}],"is_trial":false,"path_per_floor":["M","?","M","?","?","R","M","R","T","M","?","?","R","E","R","B"],"character_chosen":"IRONCLAD","items_purchased":[],"campfire_rested":1,"item_purchase_floors":[],"current_hp_per_floor":[52,52,58,58,58,58,64,64,64,51,75,49,49,38,60,0],"gold":127,"neow_bonus":"THREE_RARE_CARDS","is_prod":false,"is_daily":false,"chose_seed":false,"campfire_upgraded":3,"win_rate":0,"timestamp":1554837866,"path_taken":["M","?","M","?","?","R","?","R","T","M","?","?","R","E","R","BOSS"],"build_version":"2019-04-04","purchased_purges":0,"victory":false,"max_hp_per_floor":[75,75,75,75,75,75,75,75,75,75,75,75,75,75,75,75],"card_choices":[{"not_picked":["Feed","Brutality"],"picked":"Immolate","floor":0},{"not_picked":["Ghostly Armor","Cleave","Thunderclap"],"picked":"SKIP","floor":1},{"not_picked":["Infernal Blade","Iron Wave","Rage"],"picked":"SKIP","floor":3},{"not_picked":["Havoc","Clash","Iron Wave"],"picked":"SKIP","floor":7},{"not_picked":["Anger","Wild Strike"],"picked":"Sword Boomerang","floor":10},{"not_picked":["Headbutt","Clothesline","Anger"],"picked":"SKIP","floor":14}],"player_experience":1350269,"relics_obtained":[{"floor":9,"key":"Magic Flower"},{"floor":14,"key":"Pocketwatch"}],"event_choices":[{"damage_healed":0,"gold_gain":0,"player_choice":"Grow","damage_taken":0,"max_hp_gain":0,"max_hp_loss":0,"event_name":"Living Wall","floor":2,"gold_loss":0,"cards_upgraded":["Immolate"]},{"cards_removed":["Defend_R"],"damage_healed":0,"gold_gain":0,"player_choice":"Card Removal","damage_taken":0,"max_hp_gain":0,"max_hp_loss":0,"event_name":"The Cleric","floor":4,"gold_loss":75},{"damage_healed":0,"gold_gain":0,"cards_transformed":["Strike_R"],"player_choice":"Transformed","damage_taken":0,"max_hp_gain":0,"max_hp_loss":0,"event_name":"Transmorgrifier","floor":5,"gold_loss":0,"cards_obtained":["Limit Break"]},{"damage_healed":25,"gold_gain":0,"player_choice":"Banana","damage_taken":0,"max_hp_gain":0,"max_hp_loss":0,"event_name":"Big Fish","floor":11,"gold_loss":0},{"damage_healed":0,"gold_gain":0,"player_choice":"Take Damage","damage_taken":26,"relics_obtained":["Golden Idol"],"max_hp_gain":0,"max_hp_loss":0,"event_name":"Golden Idol","floor":12,"gold_loss":0}],"is_beta":true,"boss_relics":[],"items_purged_floors":[],"is_endless":false,"potions_floor_spawned":[1],"killed_by":"The Guardian","ascension_level":20}