{"path_per_floor":["M","?","M","?","M","R","E","M","T","M","E","$","R","M","R","B",null,"M","M","T","?"],"character_chosen":"IRONCLAD","items_purchased":["Paper Frog"],"gold_per_floor":[110,110,126,126,144,144,174,193,269,287,349,21,21,37,37,133,133,144,154,181,181],"floor_reached":22,"campfire_rested":0,"playtime":776,"current_hp_per_floor":[80,80,80,80,76,76,67,70,70,69,72,72,72,78,78,35,69,59,45,45,30],"items_purged":["Regret"],"gold":181,"score":245,"play_id":"6edbfaaa-99a4-4a68-9fd2-e5172608cab3","is_prod":false,"is_daily":false,"is_ascension_mode":true,"campfire_upgraded":3,"path_taken":["M","?","M","?","M","R","E","M","T","?","E","$","R","M","R","BOSS","M","M","?","?","M"],"build_version":"2018-02-22-PROD2","purchased_purges":1,"victory":false,"master_deck":["Strike_R","Strike_R","Strike_R","Strike_R","Strike_R+1","Defend_R","Defend_R","Defend_R","Bash+1","Iron Wave","Uppercut+1","Flex","Inflame+1","Rampage+1","Shrug It Off","Whirlwind","Bludgeon+1","Iron Wave","Dropkick"],"max_hp_per_floor":[80,80,80,80,80,80,80,80,80,80,80,80,80,80,80,80,80,80,80,80,85],"relics":["Burning Blood","Prayer Wheel","Bronze Scales","Matryoshka","Tiny Chest","Paper Frog","Black Star","Regal Pillow","Whetstone"],"card_choices":[{"not_picked":["Wild Strike","Sever Soul"],"picked":"Iron Wave"},{"not_picked":["Dual Wield","True Grit"],"picked":"Flex"},{"not_picked":["Dual Wield","Ghostly Armor"],"picked":"Inflame"},{"not_picked":["Infernal Blade","Wild Strike"],"picked":"Rampage"},{"not_picked":["Corruption","Bludgeon"],"picked":"Shrug It Off"},{"not_picked":["Rupture","Heavy Blade"],"picked":"Whirlwind"},{"not_picked":["Berserk","Fiend Fire"],"picked":"Bludgeon"},{"not_picked":["Searing Blow","Anger"],"picked":"Iron Wave"},{"not_picked":["Armaments","Flame Barrier"],"picked":"Dropkick"}],"player_experience":226325,"potions_floor_usage":[],"damage_taken":[{"damage":0.0,"enemies":"2 Louse","floor":1.0,"turns":2.0},{"damage":0.0,"enemies":"Cultist","floor":3.0,"turns":3.0},{"damage":10.0,"enemies":"Jaw Worm","floor":5.0,"turns":2.0},{"damage":15.0,"enemies":"Gremlin Nob","floor":7.0,"turns":3.0},{"damage":3.0,"enemies":"Looter","floor":8.0,"turns":2.0},{"damage":7.0,"enemies":"2 Fungi Beasts","floor":10.0,"turns":3.0},{"damage":18.0,"enemies":"3 Sentries","floor":11.0,"turns":7.0},{"damage":0.0,"enemies":"3 Louse","floor":14.0,"turns":1.0},{"damage":49.0,"enemies":"Hexaghost","floor":16.0,"turns":7.0},{"damage":16.0,"enemies":"Spheric Guardian","floor":18.0,"turns":4.0},{"damage":20.0,"enemies":"Shell Parasite","floor":19.0,"turns":6.0},{"damage":28,"enemies":"Centurion and Healer","floor":22,"turns":6}],"event_choices":[{"event_name":"Transmorgrifier","player_choice":"Transform","floor":2.0,"damage_taken":0.0},{"event_name":"Big Fish","player_choice":"Box","floor":4.0,"damage_taken":0.0},{"event_name":"Forgotten Altar","player_choice":"Shed Blood","floor":21.0,"damage_taken":0.0}],"boss_relics":[],"potions_floor_spawned":[3,7,10,11],"seed_played":"919077215033164398","killed_by":"Centurion and Healer","ascension_level":5,"is_trial":false}