{"gold_per_floor":[114,189,189,207,225,225,241,166,166,166,193,193,193,93,93,93],"floor_reached":16,"playtime":282,"items_purged":["Defend_R","Defend_R"],"score":196,"play_id":"682a9de2-7231-4c96-a548-08f5df16706f","local_time":"20190427215312","is_ascension_mode":true,"campfire_choices":[{"data":"Bash","floor":6.0,"key":"SMITH"},{"data":"Pummel","floor":10.0,"key":"SMITH"},{"data":"Twin Strike","floor":12,"key":"SMITH"},{"data":"Strike_R","floor":15,"key":"SMITH"}],"neow_cost":"NONE","seed_source_timestamp":0,"circlet_count":0,"master_deck":["AscendersBane","Strike_R","Strike_R","Strike_R","Strike_R+1","Strike_R","Defend_R","Defend_R","Bash+1","Shrug It Off","Twin Strike+1"],"special_seed":0,"relics":["Burning Blood","NeowsBlessing","Singing Bowl","Boot"],"potions_floor_usage":[11],"damage_taken":[{"damage":0.0,"enemies":"Small Slimes","floor":1.0,"turns":1.0},{"damage":0.0,"enemies":"Jaw Worm","floor":4.0,"turns":1.0},{"damage":0.0,"enemies":"2 Louse","floor":5.0,"turns":1.0},{"damage":20.0,"enemies":"Exordium Thugs","floor":7.0,"turns":7.0},{"damage":37,"enemies":"Gremlin Nob","floor":11,"turns":4},{"damage":30,"enemies":"Slime Boss","floor":16,"turns":6}],"seed_played":"-8841730227302527371","potions_obtained":[{"floor":5.0,"key":"SpeedPotion"},{"floor":7.0,"key":"SkillPotion"}],"is_trial":false,"path_per_floor":["M","?","?","M","M","R","M","$","T","R","E","R","?","$","R","B"],"character_chosen":"IRONCLAD","items_purchased":[],"campfire_rested":0,"item_purchase_floors":[],"current_hp_per_floor":[74,63,58,64,72,72,60,60,60,60,29,29,79,79,79,49],"gold":93,"neow_bonus":"THREE_ENEMY_KILL","is_prod":false,"is_daily":false,"chose_seed":false,"campfire_upgraded":4,"win_rate":0,"timestamp":1556394792,"path_taken":["M","?","?","M","?","R","M","$","T","R","E","R","?","?","R","BOSS"],"build_version":"2019-04-23","purchased_purges":2,"victory":false,"max_hp_per_floor":[75,75,75,75,77,77,79,79,79,79,79,79,79,79,79,79],"card_choices":[{"not_picked":["True Grit","Disarm"],"picked":"Shrug It Off","floor":1.0},{"not_picked":["Clothesline","Flex"],"picked":"Pummel","floor":4.0},{"not_picked":["Perfected Strike","Warcry","Cleave"],"picked":"Singing Bowl","floor":5.0},{"not_picked":["Clash","Body Slam","Sever Soul"],"picked":"Singing Bowl","floor":7.0},{"not_picked":["Flex","Armaments"],"picked":"Twin Strike","floor":11}],"player_experience":1419327,"relics_obtained":[{"floor":11,"key":"Boot"}],"event_choices":[{"damage_healed":0.0,"max_hp_gain":0.0,"max_hp_loss":0.0,"gold_gain":75.0,"event_name":"World of Goop","player_choice":"Gather Gold","floor":2.0,"gold_loss":0.0,"damage_taken":11.0},{"damage_healed":0.0,"max_hp_gain":0.0,"max_hp_loss":0.0,"gold_gain":0.0,"event_name":"Scrap Ooze","player_choice":"Success","floor":3.0,"gold_loss":0.0,"damage_taken":5.0,"relics_obtained":["Singing Bowl"]},{"cards_removed":["Pummel"],"damage_healed":50,"gold_gain":0,"player_choice":"Offered Uncommon","damage_taken":0,"max_hp_gain":0,"max_hp_loss":0,"event_name":"Bonfire Elementals","floor":13,"gold_loss":0}],"is_beta":true,"boss_relics":[],"items_purged_floors":[8,14],"is_endless":false,"potions_floor_spawned":[5,7],"killed_by":"Slime Boss","ascension_level":20}