{"gold_per_floor":[109,259,259,259,259,259,275,308,380,399,416,445,461,20,20,20],"floor_reached":16,"playtime":350,"items_purged":["Strike_R"],"score":270,"play_id":"5f050548-10cc-4462-8093-dc5e0965bf19","local_time":"20190325234148","is_ascension_mode":true,"campfire_choices":[{"data":"Bash","floor":6.0,"key":"SMITH"},{"data":"Rampage","floor":15.0,"key":"SMITH"}],"neow_cost":"NONE","seed_source_timestamp":0,"circlet_count":0,"master_deck":["AscendersBane","Strike_R","Strike_R","Strike_R","Strike_R","Defend_R","Defend_R","Defend_R","Bash+1","Sword Boomerang","Uppercut","Rampage+1"],"special_seed":0,"relics":["Burning Blood","NeowsBlessing","Bag of Marbles","Frozen Egg 2","Omamori","Pear"],"potions_floor_usage":[],"damage_taken":[{"damage":0.0,"enemies":"Jaw Worm","floor":1.0,"turns":1.0},{"damage":0.0,"enemies":"Small Slimes","floor":7.0,"turns":1.0},{"damage":0.0,"enemies":"Lagavulin","floor":8.0,"turns":1.0},{"damage":0.0,"enemies":"Cultist","floor":10.0,"turns":3.0},{"damage":15.0,"enemies":"Exordium Thugs","floor":11.0,"turns":4.0},{"damage":24.0,"enemies":"Gremlin Nob","floor":12.0,"turns":4.0},{"damage":21.0,"enemies":"Red Slaver","floor":13.0,"turns":4.0},{"damage":43,"enemies":"The Guardian","floor":16,"turns":9}],"seed_played":"3885349128745945004","potions_obtained":[{"floor":1.0,"key":"SpeedPotion"},{"floor":5.0,"key":"Energy Potion"},{"floor":7.0,"key":"AttackPotion"}],"is_trial":false,"path_per_floor":["M","?","?","?","?","R","M","E","T","M","M","E","M","$","R","B"],"character_chosen":"IRONCLAD","items_purchased":["Rampage","Pear"],"campfire_rested":0,"item_purchase_floors":[14,14],"current_hp_per_floor":[74,74,74,67,67,67,73,75,75,75,66,48,33,43,43,0],"gold":20,"neow_bonus":"THREE_ENEMY_KILL","is_prod":false,"is_daily":false,"chose_seed":false,"campfire_upgraded":2,"win_rate":0,"timestamp":1553553708,"path_taken":["M","?","?","?","?","R","M","E","T","M","M","E","?","?","R","BOSS"],"build_version":"2019-03-15","purchased_purges":1,"victory":false,"max_hp_per_floor":[75,75,75,75,75,75,75,75,75,75,75,75,75,85,85,85],"card_choices":[{"not_picked":["Combust","Armaments","Ghostly Armor"],"picked":"SKIP","floor":1.0},{"not_picked":["Entrench","Iron Wave"],"picked":"Sword Boomerang","floor":7.0},{"not_picked":["Anger","Blood for Blood","Intimidate"],"picked":"SKIP","floor":8.0},{"not_picked":["Hemokinesis","Thunderclap","Seeing Red"],"picked":"SKIP","floor":10.0},{"not_picked":["Havoc","Clash"],"picked":"Uppercut","floor":11.0},{"not_picked":["Hemokinesis","Rage","Seeing Red"],"picked":"SKIP","floor":12.0},{"not_picked":["Clothesline","Iron Wave","Thunderclap"],"picked":"SKIP","floor":13.0}],"player_experience":1282273,"relics_obtained":[{"floor":8.0,"key":"Bag of Marbles"},{"floor":9.0,"key":"Frozen Egg 2"},{"floor":12.0,"key":"Omamori"}],"event_choices":[{"damage_healed":0.0,"max_hp_gain":0.0,"max_hp_loss":0.0,"gold_gain":150.0,"event_name":"Liars Game","player_choice":"AGREE","floor":2.0,"gold_loss":0.0,"damage_taken":0.0,"cards_obtained":["Doubt"]},{"cards_removed":["Doubt"],"damage_healed":0.0,"max_hp_gain":0.0,"max_hp_loss":0.0,"gold_gain":0.0,"event_name":"Living Wall","player_choice":"Forget","floor":3.0,"gold_loss":0.0,"damage_taken":0.0},{"cards_removed":["Defend_R"],"damage_healed":0.0,"max_hp_gain":0.0,"max_hp_loss":0.0,"gold_gain":0.0,"event_name":"Golden Wing","player_choice":"Card Removal","floor":4.0,"gold_loss":0.0,"damage_taken":7.0},{"damage_healed":0.0,"max_hp_gain":0.0,"max_hp_loss":0.0,"gold_gain":0.0,"event_name":"Lab","player_choice":"Got Potions","floor":5.0,"gold_loss":0.0,"damage_taken":0.0}],"is_beta":true,"boss_relics":[],"items_purged_floors":[14],"is_endless":false,"potions_floor_spawned":[1,7,10],"killed_by":"The Guardian","ascension_level":20}