{"gold_per_floor":[16,33,33,52,64,64,83,95,119,119],"floor_reached":10,"playtime":354,"items_purged":[],"score":121,"play_id":"57681e5d-7dfa-4652-8ba9-0abda1838d7f","local_time":"20181018203742","is_ascension_mode":true,"campfire_choices":[{"data":"Bash","floor":6,"key":"SMITH"}],"neow_cost":"NO_GOLD","seed_source_timestamp":692941680148606,"circlet_count":0,"master_deck":["Strike_R","Strike_R","Strike_R","Strike_R","Strike_R","Defend_R","Defend_R","Defend_R","Defend_R","Bash+1","AscendersBane","Double Tap","Twin Strike","Ghostly Armor","Dropkick"],"relics":["Burning Blood","Bronze Scales"],"potions_floor_usage":[10,10],"damage_taken":[{"damage":0,"enemies":"Cultist","floor":1,"turns":3},{"damage":9,"enemies":"Jaw Worm","floor":2,"turns":4},{"damage":4,"enemies":"Small Slimes","floor":4,"turns":4},{"damage":32,"enemies":"Gremlin Gang","floor":5,"turns":7},{"damage":2,"enemies":"Exordium Wildlife","floor":7,"turns":4},{"damage":21,"enemies":"Exordium Thugs","floor":8,"turns":6},{"damage":40,"enemies":"3 Sentries","floor":10,"turns":5}],"seed_played":"-1901043951434248447","potions_obtained":[{"floor":2,"key":"SpeedPotion"},{"floor":3,"key":"Swift Potion"}],"is_trial":false,"path_per_floor":["M","M","?","M","M","R","M","M","T"],"character_chosen":"IRONCLAD","items_purchased":[],"campfire_rested":0,"item_purchase_floors":[],"current_hp_per_floor":[74,71,71,73,47,47,51,36,36,0],"gold":119,"neow_bonus":"THREE_RARE_CARDS","is_prod":false,"is_daily":false,"chose_seed":false,"campfire_upgraded":1,"win_rate":0,"timestamp":1539887862,"path_taken":["M","M","?","?","M","R","M","?","T","E"],"build_version":"2018-10-17v3","purchased_purges":0,"victory":false,"max_hp_per_floor":[75,75,75,75,75,75,75,75,75,75],"card_choices":[{"not_picked":["Fiend Fire","Berserk"],"picked":"Double Tap","floor":0},{"not_picked":["Blood for Blood","Thunderclap"],"picked":"Twin Strike","floor":1},{"not_picked":["Burning Pact","Perfected Strike","Whirlwind"],"picked":"SKIP","floor":2},{"not_picked":["Corruption","Perfected Strike","Clash"],"picked":"SKIP","floor":4},{"not_picked":["Clash","Havoc"],"picked":"Ghostly Armor","floor":5},{"not_picked":["Anger","Clash","Fire Breathing"],"picked":"SKIP","floor":7},{"not_picked":["Combust","Feel No Pain"],"picked":"Dropkick","floor":8}],"player_experience":837459,"relics_obtained":[{"floor":9,"key":"Bronze Scales"}],"event_choices":[{"damage_healed":0,"gold_gain":0,"player_choice":"Got Potions","damage_taken":0,"max_hp_gain":0,"max_hp_loss":0,"event_name":"The Lab","floor":3,"gold_loss":0}],"is_beta":true,"boss_relics":[],"items_purged_floors":[],"is_endless":false,"potions_floor_spawned":[2,4,8],"killed_by":"3 Sentries","ascension_level":19}