{"gold_per_floor":[210,210,210,227,239,268,268,295,295,312,322,68,68,68,68,68],"floor_reached":16,"playtime":483,"items_purged":[],"score":165,"play_id":"c3e87561-9022-47a5-b4b5-d53df436bdd0","local_time":"20181001205639","is_ascension_mode":true,"campfire_choices":[{"data":"Whirlwind","floor":7,"key":"SMITH"},{"data":"Metallicize","floor":15,"key":"SMITH"}],"neow_cost":"NONE","seed_source_timestamp":6973107012300,"circlet_count":0,"master_deck":["Strike_R","Strike_R","Strike_R","Strike_R","Strike_R","Defend_R","Defend_R","Defend_R","Defend_R","Bash","AscendersBane","Whirlwind+1","Flex","Twin Strike","Metallicize+1","Seeing Red"],"relics":["Burning Blood","Blood Vial","Thread and Needle","Ornamental Fan","Frozen Egg 2","Molten Egg 2","Bird Faced Urn"],"potions_floor_usage":[6,6,11,16],"damage_taken":[{"damage":9,"enemies":"2 Louse","floor":1,"turns":3},{"damage":0,"enemies":"Small Slimes","floor":4,"turns":3},{"damage":9,"enemies":"Jaw Worm","floor":5,"turns":4},{"damage":30,"enemies":"3 Sentries","floor":6,"turns":7},{"damage":25,"enemies":"Gremlin Nob","floor":8,"turns":4},{"damage":6,"enemies":"Blue Slaver","floor":10,"turns":5},{"damage":9,"enemies":"Exordium Thugs","floor":11,"turns":3},{"damage":33,"enemies":"Hexaghost","floor":16,"turns":9}],"seed_played":"-8757582364301277561","potions_obtained":[{"floor":4,"key":"Strength Potion"},{"floor":5,"key":"AttackPotion"},{"floor":10,"key":"BloodPotion"},{"floor":11,"key":"SkillPotion"}],"is_trial":false,"path_per_floor":["M","?","?","M","M","E","R","E","T","M","M","$","?","$","R"],"character_chosen":"IRONCLAD","items_purchased":["Molten Egg 2"],"campfire_rested":0,"item_purchase_floors":[12],"current_hp_per_floor":[69,69,62,70,69,47,47,30,30,32,39,39,27,27,27,0],"gold":68,"neow_bonus":"HUNDRED_GOLD","is_prod":false,"is_daily":false,"chose_seed":false,"campfire_upgraded":2,"win_rate":0,"timestamp":1538452599,"path_taken":["M","?","?","?","?","E","R","E","T","M","M","$","?","?","R","BOSS"],"build_version":"2018-09-27","purchased_purges":0,"victory":false,"max_hp_per_floor":[80,80,80,80,80,80,80,80,80,80,80,80,80,80,80,80],"card_choices":[{"not_picked":["Sword Boomerang","Rampage"],"picked":"Whirlwind","floor":1},{"not_picked":["Wild Strike","Corruption"],"picked":"Flex","floor":4},{"not_picked":["Evolve","Heavy Blade"],"picked":"Twin Strike","floor":5},{"not_picked":["Corruption","Reckless Charge","Fire Breathing"],"picked":"SKIP","floor":6},{"not_picked":["Havoc","Bludgeon"],"picked":"Metallicize","floor":8},{"not_picked":["Rupture+1","Headbutt"],"picked":"Seeing Red","floor":10},{"not_picked":["True Grit","Reckless Charge","Anger"],"picked":"SKIP","floor":11}],"player_experience":331238,"relics_obtained":[{"floor":6,"key":"Thread and Needle"},{"floor":8,"key":"Ornamental Fan"},{"floor":9,"key":"Frozen Egg 2"}],"event_choices":[{"event_name":"Big Fish","player_choice":"Box","floor":2,"damage_taken":0},{"event_name":"Golden Wing","player_choice":"Card Removal","floor":3,"damage_taken":0},{"event_name":"Scrap Ooze","player_choice":"success","floor":13,"damage_taken":12}],"is_beta":true,"boss_relics":[],"items_purged_floors":[],"is_endless":false,"potions_floor_spawned":[4,5,10,11],"killed_by":"Hexaghost","ascension_level":10}