{"gold_per_floor":[118,118,65,65,140,168,183,198,198,215,246,246,258,258,258,258],"floor_reached":16,"playtime":355,"items_purged":[],"score":196,"play_id":"6fa7c922-68c9-4663-b2e7-954cca11ae01","local_time":"20180927000913","is_ascension_mode":true,"campfire_choices":[{"data":"Whirlwind","floor":15,"key":"SMITH"}],"neow_cost":"NONE","seed_source_timestamp":0,"circlet_count":0,"master_deck":["Strike_R","Strike_R","Strike_R","Strike_R","Strike_R","Defend_R+1","Defend_R","Defend_R","Defend_R","Warcry","Armaments","Feed","Pummel","Cleave+1","Havoc","Flame Barrier","Whirlwind+1"],"special_seed":0,"relics":["Burning Blood","NeowsBlessing","Sundial","Happy Flower","Lantern"],"potions_floor_usage":[16],"damage_taken":[{"damage":0.0,"enemies":"Small Slimes","floor":1.0,"turns":1.0},{"damage":0.0,"enemies":"Gremlin Nob","floor":6.0,"turns":1.0},{"damage":0.0,"enemies":"Jaw Worm","floor":7.0,"turns":1.0},{"damage":5.0,"enemies":"Cultist","floor":8.0,"turns":4.0},{"damage":12.0,"enemies":"3 Louse","floor":10.0,"turns":3.0},{"damage":44.0,"enemies":"Lagavulin","floor":11.0,"turns":9.0},{"damage":0,"enemies":"2 Fungi Beasts","floor":13,"turns":3},{"damage":0,"enemies":"The Guardian","floor":16,"turns":4}],"seed_played":"983826628921414337","potions_obtained":[{"floor":1.0,"key":"Dexterity Potion"},{"floor":6.0,"key":"Weak Potion"},{"floor":11.0,"key":"Poison Potion"},{"floor":13,"key":"Weak Potion"}],"is_trial":false,"path_per_floor":["M","?","$","?","?","E","M","M","T","M","E","?","M","?","R"],"character_chosen":"IRONCLAD","items_purchased":["Armaments"],"campfire_rested":0,"item_purchase_floors":[3],"current_hp_per_floor":[78,83,83,83,72,78,84,85,85,83,45,45,54,36,36,36],"gold":258,"neow_bonus":"THREE_ENEMY_KILL","is_prod":false,"is_daily":false,"chose_seed":false,"campfire_upgraded":1,"win_rate":0,"timestamp":1538032153,"path_taken":["M","?","$","?","?","E","M","M","T","M","E","?","?","?","R","BOSS"],"build_version":"2018-09-25","purchased_purges":0,"victory":false,"max_hp_per_floor":[80,85,85,85,85,85,85,85,85,89,89,89,92,92,92,92],"card_choices":[{"not_picked":["Clash","Power Through"],"picked":"Warcry","floor":1.0},{"not_picked":["Wild Strike","Perfected Strike","Sword Boomerang"],"picked":"SKIP","floor":6.0},{"not_picked":["Iron Wave","Armaments"],"picked":"Pummel","floor":7.0},{"not_picked":["Dropkick","Combust"],"picked":"Cleave","floor":8.0},{"not_picked":["Twin Strike","Searing Blow"],"picked":"Havoc","floor":10.0},{"not_picked":["Clash","Armaments"],"picked":"Flame Barrier","floor":11.0},{"not_picked":["Thunderclap","Dropkick"],"picked":"Whirlwind","floor":13}],"player_experience":314244,"relics_obtained":[{"floor":6.0,"key":"Sundial"},{"floor":9.0,"key":"Happy Flower"},{"floor":11.0,"key":"Lantern"}],"event_choices":[{"event_name":"Big Fish","player_choice":"Donut","floor":2.0,"damage_taken":0.0},{"event_name":"Transmorgrifier","player_choice":"Transform","floor":4.0,"damage_taken":0.0},{"event_name":"World of Goop","player_choice":"Gather Gold","floor":5.0,"damage_taken":0.0},{"event_name":"Dead Adventurer","player_choice":"Searched \u00271\u0027 times","floor":12,"damage_taken":0},{"event_name":"Shining Light","player_choice":"Entered Light","floor":14,"damage_taken":0}],"is_beta":true,"boss_relics":[],"items_purged_floors":[],"is_endless":false,"potions_floor_spawned":[1,6,11,13],"killed_by":"The Guardian","ascension_level":9}