{"gold_per_floor":[110,75,75,75,94,126,126,139,219,244,264,264,289,299,299,398,398,414,414,414,57,57,84,95,110,110,110,128,145,172,182,182,287,287,299,310,321,321,421,456,456,481,481,143,143,162,173,173,173,173,173,173,18,45,45],"floor_reached":56,"playtime":3066,"items_purged":["Shame"],"score":1262,"play_id":"f3abfc09-c815-49ad-bab4-f56e72a12f8b","local_time":"20181117170845","is_ascension_mode":false,"campfire_choices":[{"data":"Havoc","floor":7.0,"key":"SMITH"},{"floor":12.0,"key":"REST"},{"floor":15.0,"key":"REST"},{"data":"Limit Break","floor":27.0,"key":"SMITH"},{"floor":32.0,"key":"RECALL"},{"data":"True Grit","floor":41.0,"key":"SMITH"},{"data":"Heavy Blade","floor":45.0,"key":"SMITH"},{"data":"Battle Trance","floor":49.0,"key":"SMITH"},{"data":"Inflame","floor":52,"key":"SMITH"}],"neow_cost":"PERCENT_DAMAGE","seed_source_timestamp":0,"circlet_count":0,"master_deck":["Strike_R","Strike_R","Strike_R","Strike_R","Defend_R","Defend_R","Bash","Shockwave+1","Havoc+1","Battle Trance+1","True Grit+1","Inflame","Inflame+1","Reaper","Shrug It Off+1","Limit Break+1","Whirlwind","Demon Form+1","Heavy Blade+1","Madness","Dropkick+1","Warcry+1","Metallicize+1","Exhume"],"special_seed":0,"relics":["Black Blood","Pen Nib","Odd Mushroom","Potion Belt","Black Star","Frozen Egg 2","MutagenicStrength","Strawberry","Frozen Eye","Art of War","Calipers","Dead Branch","Bird Faced Urn","Mercury Hourglass","Bottled Flame","Magic Flower","Vajra","Blood Vial","Regal Pillow","Ancient Tea Set","Singing Bowl","Medical Kit","Smiling Mask","Boot"],"potions_floor_usage":[50,55,55,55],"damage_taken":[{"damage":6.0,"enemies":"Jaw Worm","floor":1.0,"turns":3.0},{"damage":0.0,"enemies":"Small Slimes","floor":5.0,"turns":3.0},{"damage":48.0,"enemies":"3 Sentries","floor":6.0,"turns":8.0},{"damage":0.0,"enemies":"2 Louse","floor":8.0,"turns":3.0},{"damage":15.0,"enemies":"The Mushroom Lair","floor":10.0,"turns":4.0},{"damage":0.0,"enemies":"Large Slime","floor":11.0,"turns":4.0},{"damage":50.0,"enemies":"Gremlin Nob","floor":13.0,"turns":5.0},{"damage":10.0,"enemies":"3 Louse","floor":14.0,"turns":4.0},{"damage":30.0,"enemies":"Hexaghost","floor":16.0,"turns":9.0},{"damage":15.0,"enemies":"Shell Parasite","floor":18.0,"turns":4.0},{"damage":66.0,"enemies":"Slavers","floor":23.0,"turns":9.0},{"damage":15.0,"enemies":"3 Byrds","floor":24.0,"turns":6.0},{"damage":34.0,"enemies":"3 Cultists","floor":25.0,"turns":5.0},{"damage":33.0,"enemies":"Shelled Parasite and Fungi","floor":28.0,"turns":4.0},{"damage":13.0,"enemies":"Chosen and Byrds","floor":29.0,"turns":4.0},{"damage":11.0,"enemies":"Gremlin Leader","floor":30.0,"turns":6.0},{"damage":0.0,"enemies":"Sentry and Sphere","floor":31.0,"turns":3.0},{"damage":73.0,"enemies":"Champ","floor":33.0,"turns":10.0},{"damage":30.0,"enemies":"Orb Walker","floor":35.0,"turns":4.0},{"damage":11.0,"enemies":"3 Shapes","floor":36.0,"turns":9.0},{"damage":49.0,"enemies":"Maw","floor":37.0,"turns":7.0},{"damage":34.0,"enemies":"Mind Bloom Boss Battle","floor":39.0,"turns":8.0},{"damage":31.0,"enemies":"Giant Head","floor":40.0,"turns":6.0},{"damage":30.0,"enemies":"Nemesis","floor":42.0,"turns":7.0},{"damage":33.0,"enemies":"Transient","floor":46.0,"turns":5.0},{"damage":39.0,"enemies":"Spire Growth","floor":47.0,"turns":4.0},{"damage":97,"enemies":"Donu and Deca","floor":50,"turns":9},{"damage":68,"enemies":"Shield and Spear","floor":54,"turns":4},{"damage":231,"enemies":"The Heart","floor":55,"turns":10}],"seed_played":"-5683149764496228572","potions_obtained":[{"floor":1.0,"key":"Ancient Potion"},{"floor":8.0,"key":"PowerPotion"},{"floor":13.0,"key":"SkillPotion"},{"floor":29.0,"key":"EntropicBrew"},{"floor":31.0,"key":"GamblersBrew"},{"floor":33.0,"key":"Swift Potion"},{"floor":37.0,"key":"Dexterity Potion"},{"floor":54,"key":"Poison Potion"}],"is_trial":false,"path_per_floor":["M","?","?","?","M","E","R","M","T","?","M","R","E","M","R","B",null,"M","?","?","$","?","E","M","M","T","R","M","M","E","M","R","B",null,"M","M","M","?","?","E","R","E","T","$","R","M","M","?","R","B",null,"R","$","E","B",null],"character_chosen":"IRONCLAD","items_purchased":["Strawberry","Frozen Eye","Medical Kit","Metallicize+1","Exhume"],"campfire_rested":2,"item_purchase_floors":[21,21,44,44,53],"current_hp_per_floor":[56,76,76,69,75,33,33,39,39,30,36,60,16,12,36,12,80,72,72,72,79,79,46,49,47,47,47,42,63,87,87,87,44,87,71,76,43,32,87,87,87,81,81,81,81,89,73,73,73,63,91,91,91,93,40],"gold":45,"neow_bonus":"REMOVE_TWO","is_prod":false,"is_daily":false,"chose_seed":false,"campfire_upgraded":6,"win_rate":0,"timestamp":1542470925,"path_taken":["M","?","?","?","M","E","R","?","T","?","M","R","E","M","R","BOSS","M","?","?","$","?","E","M","M","T","R","M","M","E","M","R","BOSS","M","M","M","?","?","E","R","E","T","?","R","?","M","?","R","BOSS","R","$","E","BOSS"],"build_version":"2018-11-15","purchased_purges":1,"victory":true,"max_hp_per_floor":[80,80,80,80,80,80,80,80,80,80,80,80,80,80,80,80,80,80,80,80,87,87,87,87,87,87,87,87,87,87,87,87,87,87,87,87,87,87,87,87,87,87,87,87,87,89,91,91,91,91,91,91,91,93,93],"card_choices":[{"not_picked":["Flame Barrier","Anger"],"picked":"Shockwave","floor":1.0},{"not_picked":["Body Slam","Clash"],"picked":"Havoc","floor":5.0},{"not_picked":["Headbutt","Iron Wave"],"picked":"Battle Trance","floor":6.0},{"not_picked":["Headbutt","Entrench","Fire Breathing"],"picked":"SKIP","floor":8.0},{"not_picked":["Burning Pact","Anger"],"picked":"True Grit","floor":10.0},{"not_picked":["Warcry","Sword Boomerang"],"picked":"Inflame","floor":11.0},{"not_picked":["Thunderclap","Fire Breathing","Sever Soul"],"picked":"SKIP","floor":13.0},{"not_picked":["Bloodletting","Clash"],"picked":"Inflame","floor":14.0},{"not_picked":["Fiend Fire","Feed"],"picked":"Reaper","floor":16.0},{"not_picked":["Sword Boomerang","True Grit+1"],"picked":"Shrug It Off+1","floor":18.0},{"not_picked":["Rage","Body Slam"],"picked":"Limit Break","floor":23.0},{"not_picked":["Havoc","Reckless Charge+1","True Grit"],"picked":"SKIP","floor":24.0},{"not_picked":["Shrug It Off","Perfected Strike","True Grit+1"],"picked":"SKIP","floor":25.0},{"not_picked":["Thunderclap+1","Flex+1","Hemokinesis"],"picked":"SKIP","floor":28.0},{"not_picked":["Iron Wave","Thunderclap"],"picked":"Whirlwind","floor":29.0},{"not_picked":["Cleave","Clash","Reckless Charge+1"],"picked":"SKIP","floor":30.0},{"not_picked":["Rampage","Warcry","Second Wind"],"picked":"SKIP","floor":31.0},{"not_picked":["Juggernaut+1","Reaper"],"picked":"Demon Form+1","floor":33.0},{"not_picked":["Sever Soul","Wild Strike"],"picked":"Heavy Blade","floor":35.0},{"not_picked":["Body Slam+1","Anger","Fire Breathing+1"],"picked":"SKIP","floor":36.0},{"not_picked":["Iron Wave","Heavy Blade+1","True Grit"],"picked":"SKIP","floor":37.0},{"not_picked":["Thunderclap+1","Hemokinesis"],"picked":"Dropkick+1","floor":40.0},{"not_picked":["Spot Weakness","Exhume"],"picked":"Warcry+1","floor":42.0},{"not_picked":["Reckless Charge","Cleave+1","Anger"],"picked":"Singing Bowl","floor":46.0},{"not_picked":["Perfected Strike","Entrench","Warcry+1"],"picked":"Singing Bowl","floor":47.0},{"not_picked":["Headbutt+1","Cleave","Armaments"],"picked":"Singing Bowl","floor":54}],"player_experience":889142,"relics_obtained":[{"floor":6.0,"key":"Pen Nib"},{"floor":10.0,"key":"Odd Mushroom"},{"floor":13.0,"key":"Potion Belt"},{"floor":23.0,"key":"Calipers"},{"floor":23.0,"key":"Dead Branch"},{"floor":26.0,"key":"Bird Faced Urn"},{"floor":30.0,"key":"Mercury Hourglass"},{"floor":30.0,"key":"Bottled Flame"},{"floor":39.0,"key":"Magic Flower"},{"floor":40.0,"key":"Vajra"},{"floor":40.0,"key":"Blood Vial"},{"floor":42.0,"key":"Regal Pillow"},{"floor":42.0,"key":"Ancient Tea Set"},{"floor":43.0,"key":"Singing Bowl"},{"floor":54,"key":"Smiling Mask"},{"floor":54,"key":"Boot"}],"event_choices":[{"damage_healed":20.0,"max_hp_gain":0.0,"max_hp_loss":0.0,"gold_gain":0.0,"event_name":"The Cleric","player_choice":"Healed","floor":2.0,"gold_loss":35.0,"damage_taken":0.0},{"damage_healed":0.0,"max_hp_gain":0.0,"max_hp_loss":0.0,"gold_gain":0.0,"event_name":"Living Wall","player_choice":"Grow","floor":3.0,"gold_loss":0.0,"damage_taken":0.0,"cards_upgraded":["Shockwave"]},{"cards_removed":["Strike_R"],"damage_healed":0.0,"max_hp_gain":0.0,"max_hp_loss":0.0,"gold_gain":0.0,"event_name":"Golden Wing","player_choice":"Card Removal","floor":4.0,"gold_loss":0.0,"damage_taken":7.0},{"damage_healed":0.0,"max_hp_gain":0.0,"max_hp_loss":0.0,"gold_gain":0.0,"event_name":"Mushrooms","player_choice":"Fought Mushrooms","floor":10.0,"gold_loss":0.0,"damage_taken":0.0},{"damage_healed":0.0,"max_hp_gain":0.0,"max_hp_loss":0.0,"gold_gain":0.0,"event_name":"The Mausoleum","player_choice":"Opened","floor":19.0,"gold_loss":0.0,"damage_taken":0.0,"relics_obtained":["Frozen Egg 2"]},{"damage_healed":0.0,"max_hp_gain":0.0,"max_hp_loss":0.0,"gold_gain":0.0,"event_name":"Drug Dealer","player_choice":"Inject Mutagens","floor":20.0,"gold_loss":0.0,"damage_taken":0.0,"relics_obtained":["MutagenicStrength"]},{"damage_healed":0.0,"max_hp_gain":0.0,"max_hp_loss":0.0,"gold_gain":0.0,"event_name":"Addict","player_choice":"Stole Relic","floor":22.0,"gold_loss":0.0,"damage_taken":0.0,"relics_obtained":["Art of War"],"cards_obtained":["Shame"]},{"damage_healed":0.0,"max_hp_gain":0.0,"max_hp_loss":0.0,"gold_gain":0.0,"event_name":"Winding Halls","player_choice":"Embrace Madness","floor":38.0,"gold_loss":0.0,"damage_taken":11.0,"cards_obtained":["Madness","Madness"]},{"damage_healed":0.0,"max_hp_gain":0.0,"max_hp_loss":0.0,"gold_gain":0.0,"event_name":"MindBloom","player_choice":"Fight","floor":39.0,"gold_loss":0.0,"damage_taken":0.0},{"cards_removed":["Madness"],"damage_healed":0.0,"max_hp_gain":0.0,"max_hp_loss":0.0,"gold_gain":0.0,"event_name":"Purifier","player_choice":"Purged","floor":48.0,"gold_loss":0.0,"damage_taken":0.0}],"is_beta":true,"boss_relics":[{"not_picked":["Eternal Feather","Cursed Key"],"picked":"Black Star"},{"not_picked":["Sozu","Fusion Hammer"],"picked":"Black Blood"}],"items_purged_floors":[44],"is_endless":false,"potions_floor_spawned":[1,8,13,29,30,31,33,36,37,40,54],"ascension_level":0}