{"gold_per_floor":[18,33,33,45,45,45,80,149,149,199,259,259,184,234,234,308,358,375,440,405,420,470,470,498,498,566,616,636,652,669,687,687,766,766,777,348,359,377,396,428,478,494,575,587,637,741,741,758,758,758],"floor_reached":51,"playtime":1618,"items_purged":["Defend_R","Strike_R"],"score":1397,"play_id":"ab15a673-2c2a-4c1b-a8f2-7285164f72cc","local_time":"20181019225435","is_ascension_mode":true,"campfire_choices":[{"data":"Bash","floor":6,"key":"SMITH"},{"data":"Demon Form","floor":12,"key":"SMITH"},{"data":"Sword Boomerang","floor":15,"key":"SMITH"},{"floor":23,"key":"REST"},{"floor":25,"key":"REST"},{"floor":32,"key":"REST"},{"data":"Uppercut","floor":47,"key":"SMITH"},{"data":"True Grit","floor":49,"key":"SMITH"}],"neow_cost":"NO_GOLD","seed_source_timestamp":786283516683162,"circlet_count":0,"master_deck":["Strike_R","Strike_R","Strike_R","Strike_R","Defend_R","Defend_R+1","Defend_R","Bash+1","AscendersBane","Sword Boomerang+1","Spot Weakness","Demon Form+1","Limit Break+1","Twin Strike+1","Flame Barrier+1","Reaper","Heavy Blade+1","Parasite","Uppercut+1","True Grit+1","Reaper","Doubt","Writhe"],"relics":["Burning Blood","Du-Vu Doll","Anchor","SsserpentHead","Gremlin Horn","Vajra","WarpedTongs","Tiny House","Red Skull","Bronze Scales","Bottled Tornado","Cursed Key","War Paint","Strawberry","Calipers","Self Forming Clay","Bird Faced Urn"],"potions_floor_usage":[18,21,24,29,33,35,40,46,50,50],"damage_taken":[{"damage":8,"enemies":"Small Slimes","floor":1,"turns":4},{"damage":4,"enemies":"2 Louse","floor":2,"turns":3},{"damage":1,"enemies":"Cultist","floor":4,"turns":3},{"damage":25,"enemies":"3 Sentries","floor":7,"turns":7},{"damage":6,"enemies":"2 Fungi Beasts","floor":8,"turns":3},{"damage":9,"enemies":"Gremlin Gang","floor":11,"turns":3},{"damage":41,"enemies":"Slime Boss","floor":16,"turns":5},{"damage":15,"enemies":"Chosen","floor":18,"turns":3},{"damage":24,"enemies":"Shell Parasite","floor":19,"turns":3},{"damage":31,"enemies":"Snecko","floor":21,"turns":4},{"damage":45,"enemies":"Slavers","floor":24,"turns":3},{"damage":7,"enemies":"Chosen and Byrds","floor":28,"turns":3},{"damage":13,"enemies":"Centurion and Healer","floor":29,"turns":2},{"damage":14,"enemies":"Snake Plant","floor":30,"turns":3},{"damage":1,"enemies":"3 Cultists","floor":31,"turns":3},{"damage":40,"enemies":"Automaton","floor":33,"turns":6},{"damage":12,"enemies":"3 Darklings","floor":35,"turns":6},{"damage":6,"enemies":"3 Shapes","floor":37,"turns":5},{"damage":23,"enemies":"Maw","floor":38,"turns":5},{"damage":22,"enemies":"Writhing Mass","floor":39,"turns":4},{"damage":42,"enemies":"Reptomancer","floor":40,"turns":4},{"damage":53,"enemies":"3 Darklings","floor":42,"turns":5},{"damage":33,"enemies":"Spire Growth","floor":44,"turns":3},{"damage":59,"enemies":"2 Orb Walkers","floor":46,"turns":4},{"damage":48,"enemies":"Maw","floor":48,"turns":5},{"damage":78,"enemies":"Donu and Deca","floor":50,"turns":6}],"seed_played":"3825588234120436558","potions_obtained":[{"floor":1,"key":"Swift Potion"},{"floor":7,"key":"Swift Potion"},{"floor":8,"key":"BloodPotion"},{"floor":18,"key":"SteroidPotion"},{"floor":24,"key":"AttackPotion"},{"floor":28,"key":"Fire Potion"},{"floor":31,"key":"Regen Potion"},{"floor":33,"key":"Block Potion"},{"floor":35,"key":"SteroidPotion"},{"floor":40,"key":"AttackPotion"},{"floor":44,"key":"Regen Potion"},{"floor":46,"key":"AttackPotion"}],"is_trial":false,"path_per_floor":["M","M","?","M","?","R","E","M","T","?","M","R","$","?","R","B",null,"M","M","?","M","?","R","E","R","T","?","M","M","M","M","R","B",null,"M","$","M","M","M","E","?","M","T","M","?","?","R","M","R","B"],"character_chosen":"IRONCLAD","items_purchased":["War Paint","Strawberry"],"campfire_rested":3,"item_purchase_floors":[36,36],"current_hp_per_floor":[66,68,50,55,55,55,36,36,36,75,72,72,72,72,72,37,71,70,52,52,27,27,51,12,36,36,36,35,28,20,25,49,30,68,80,87,87,70,54,51,51,42,42,45,62,54,54,73,73,31],"gold":758,"neow_bonus":"ONE_RARE_RELIC","is_prod":false,"is_daily":false,"chose_seed":false,"campfire_upgraded":5,"win_rate":0,"timestamp":1539982475,"path_taken":["M","M","?","M","?","R","E","?","T","?","?","R","$","?","R","BOSS","M","?","?","M","?","R","E","R","T","?","M","M","M","M","R","BOSS","M","$","M","M","M","E","?","M","T","M","?","?","R","M","R","BOSS"],"build_version":"2018-10-18","purchased_purges":2,"victory":true,"max_hp_per_floor":[75,75,75,75,75,75,75,75,75,75,75,75,75,75,75,75,80,80,80,80,80,80,80,80,80,80,80,80,80,80,80,80,80,80,80,87,87,87,87,87,87,87,87,87,87,87,87,87,87,87],"card_choices":[{"not_picked":["Hemokinesis","True Grit"],"picked":"Sword Boomerang","floor":1},{"not_picked":["Wild Strike","Sentinel","Entrench"],"picked":"SKIP","floor":2},{"not_picked":["Havoc","Hemokinesis"],"picked":"Spot Weakness","floor":4},{"not_picked":["Armaments","Sword Boomerang","Spot Weakness"],"picked":"SKIP","floor":7},{"not_picked":["Warcry","Spot Weakness"],"picked":"Demon Form","floor":8},{"not_picked":["Anger","Reckless Charge","Flex"],"picked":"SKIP","floor":11},{"not_picked":["Impervious","Exhume"],"picked":"Limit Break","floor":16},{"not_picked":["Wild Strike","Headbutt","Feel No Pain"],"picked":"SKIP","floor":18},{"not_picked":["Cleave","Armaments","Body Slam"],"picked":"SKIP","floor":19},{"not_picked":["Disarm","Corruption","Infernal Blade"],"picked":"SKIP","floor":21},{"not_picked":["Thunderclap","Clash+1","Pommel Strike"],"picked":"SKIP","floor":24},{"not_picked":["Corruption","Evolve+1","Clothesline"],"picked":"SKIP","floor":28},{"not_picked":["Carnage","Fire Breathing"],"picked":"Twin Strike+1","floor":29},{"not_picked":["Juggernaut","Rampage","Pommel Strike"],"picked":"SKIP","floor":30},{"not_picked":["Warcry","Whirlwind"],"picked":"Flame Barrier","floor":31},{"not_picked":["Brutality","Berserk"],"picked":"Reaper","floor":33},{"not_picked":["Body Slam","Blood for Blood"],"picked":"Heavy Blade+1","floor":35},{"not_picked":["Clothesline+1","Body Slam","True Grit"],"picked":"SKIP","floor":37},{"not_picked":["Perfected Strike","Spot Weakness","Combust"],"picked":"SKIP","floor":38},{"not_picked":["Combust+1","Perfected Strike"],"picked":"Uppercut","floor":39},{"not_picked":["Flame Barrier","Rupture+1"],"picked":"True Grit","floor":40},{"not_picked":["Feel No Pain","Evolve"],"picked":"Reaper","floor":42},{"not_picked":["Clash","Thunderclap+1","Headbutt+1"],"picked":"SKIP","floor":44},{"not_picked":["Carnage","Sword Boomerang","Hemokinesis"],"picked":"SKIP","floor":48}],"player_experience":845049,"relics_obtained":[{"floor":7,"key":"Gremlin Horn"},{"floor":9,"key":"Vajra"},{"floor":24,"key":"Bronze Scales"},{"floor":26,"key":"Bottled Tornado"},{"floor":40,"key":"Calipers"},{"floor":43,"key":"Self Forming Clay"},{"floor":46,"key":"Bird Faced Urn"}],"event_choices":[{"damage_healed":0,"gold_gain":0,"player_choice":"Success","damage_taken":18,"relics_obtained":["Anchor"],"max_hp_gain":0,"max_hp_loss":0,"event_name":"Scrap Ooze","floor":3,"gold_loss":0},{"damage_healed":0,"gold_gain":0,"player_choice":"Trade","damage_taken":0,"relics_obtained":["SsserpentHead"],"max_hp_gain":0,"max_hp_loss":0,"event_name":"FaceTrader","floor":5,"gold_loss":0},{"damage_healed":39,"gold_gain":0,"player_choice":"Full Heal","damage_taken":0,"max_hp_gain":0,"max_hp_loss":0,"event_name":"Wheel of Change","floor":10,"gold_loss":0},{"damage_healed":0,"gold_gain":0,"player_choice":"Rummage","damage_taken":0,"relics_obtained":["WarpedTongs"],"max_hp_gain":0,"max_hp_loss":0,"event_name":"Accursed Blacksmith","floor":14,"gold_loss":0,"cards_obtained":["Pain"]},{"damage_healed":0,"gold_gain":0,"player_choice":"Obtained Relic","damage_taken":0,"relics_obtained":["Red Skull"],"max_hp_gain":0,"max_hp_loss":0,"event_name":"Addict","floor":20,"gold_loss":85},{"cards_removed":["Pain"],"damage_healed":0,"gold_gain":0,"player_choice":"Purged","damage_taken":0,"max_hp_gain":0,"max_hp_loss":0,"event_name":"Purifier","floor":22,"gold_loss":0},{"damage_healed":0,"gold_gain":0,"player_choice":"Ignored","damage_taken":0,"max_hp_gain":0,"max_hp_loss":0,"event_name":"Ghosts","floor":27,"gold_loss":0},{"damage_healed":0,"gold_gain":0,"player_choice":"Ignored","damage_taken":0,"max_hp_gain":0,"max_hp_loss":0,"event_name":"SecretPortal","floor":41,"gold_loss":0},{"damage_healed":17,"gold_gain":0,"player_choice":"Writhe","damage_taken":0,"max_hp_gain":0,"max_hp_loss":0,"event_name":"Winding Halls","floor":45,"gold_loss":0,"cards_obtained":["Writhe"]},{"damage_healed":0,"gold_gain":0,"player_choice":"Fight","damage_taken":0,"max_hp_gain":0,"max_hp_loss":0,"event_name":"Mysterious Sphere","floor":46,"gold_loss":0}],"is_beta":true,"boss_relics":[{"not_picked":["Black Blood","Eternal Feather"],"picked":"Tiny House"},{"not_picked":["Runic Cube","Sozu"],"picked":"Cursed Key"}],"items_purged_floors":[13,36],"is_endless":false,"potions_floor_spawned":[1,7,8,11,16,18,24,28,31,33,35,39,40,44,46],"ascension_level":19}