{"path_per_floor":["M","M","?","?","M","E","?","R","T","$","M","M","M","M","R"],"character_chosen":"IRONCLAD","items_purchased":["Whirlwind","Armaments"],"gold_per_floor":[114,126,126,126,146,175,175,175,175,46,69,84,98,113,113,113],"floor_reached":16,"campfire_rested":0,"playtime":652,"current_hp_per_floor":[80,80,73,73,79,38,18,18,18,18,15,21,27,30,30,0],"items_purged":[],"gold":113,"score":104,"play_id":"9c0642b7-1687-40cd-afb2-68af3a0d53d7","local_time":"20180513194720","is_prod":false,"is_daily":false,"chose_seed":false,"is_ascension_mode":false,"campfire_upgraded":2,"timestamp":1526266040,"path_taken":["M","M","?","?","M","E","?","R","T","$","M","M","M","M","R","BOSS"],"build_version":"2018-05-12v2","seed_source_timestamp":342020769639768,"purchased_purges":0,"victory":false,"master_deck":["Strike_R","Strike_R","Strike_R","Strike_R","Defend_R","Defend_R","Defend_R","Defend_R","Iron Wave+1","Shrug It Off","Body Slam","Disarm","Whirlwind","Armaments+1","Pommel Strike","Iron Wave","Pommel Strike"],"max_hp_per_floor":[80,80,80,80,80,80,80,80,80,80,80,80,80,80,80,80],"relics":["Burning Blood","Ice Cream","Golden Idol","Turnip"],"card_choices":[{"not_picked":["Corruption","Twin Strike"],"picked":"Iron Wave","floor":1},{"not_picked":["Warcry","Armaments"],"picked":"Shrug It Off","floor":2},{"not_picked":["Armaments","Iron Wave"],"picked":"Body Slam","floor":5},{"not_picked":["Blood for Blood","Headbutt"],"picked":"Disarm","floor":6},{"not_picked":["Flex","Perfected Strike"],"picked":"Pommel Strike","floor":11},{"not_picked":["Entrench","Berserk"],"picked":"Iron Wave","floor":12},{"not_picked":["Shockwave","Twin Strike"],"picked":"Pommel Strike","floor":13},{"not_picked":["Carnage","Sword Boomerang","Pummel"],"picked":"SKIP","floor":14}],"player_experience":72067,"potions_floor_usage":[14,16],"damage_taken":[{"damage":3,"enemies":"2 Louse","floor":1,"turns":4},{"damage":1,"enemies":"Jaw Worm","floor":2,"turns":5},{"damage":0,"enemies":"Small Slimes","floor":5,"turns":5},{"damage":47,"enemies":"Gremlin Nob","floor":6,"turns":6},{"damage":9,"enemies":"Exordium Wildlife","floor":11,"turns":7},{"damage":0,"enemies":"3 Louse","floor":12,"turns":3},{"damage":0,"enemies":"2 Fungi Beasts","floor":13,"turns":5},{"damage":3,"enemies":"Looter","floor":14,"turns":3},{"damage":33,"enemies":"Slime Boss","floor":16,"turns":12}],"event_choices":[{"event_name":"Golden Wing","player_choice":"Card Removal","floor":3,"damage_taken":0},{"event_name":"Liars Game","player_choice":"disagreed","floor":4,"damage_taken":0},{"event_name":"Golden Idol","player_choice":"Take Damage","floor":7,"damage_taken":0}],"boss_relics":[],"potions_floor_spawned":[1,11,14],"seed_played":"5861853621750495752","killed_by":"Slime Boss","ascension_level":0,"is_trial":false}