{"gold_per_floor":[110,285,303,317,329,361,361,422,422,422,453,76,76],"floor_reached":13,"playtime":563,"items_purged":["Doubt"],"score":93,"play_id":"b9c064dc-df71-4dd8-a64e-76b1160d57f5","local_time":"20181123160109","is_ascension_mode":false,"campfire_choices":[{"data":"Dagger Spray","floor":7,"key":"SMITH"},{"floor":10,"key":"REST"}],"neow_cost":"NONE","seed_source_timestamp":759965908063811,"circlet_count":0,"master_deck":["Defend_G","Defend_G","Defend_G","Defend_G","Defend_G","Strike_G","Strike_G","Strike_G","Strike_G","Strike_G","Survivor","Neutralize","Prepared","Infinite Blades","Dagger Spray+1","Catalyst","Dash","Backflip","Backstab","Tools of the Trade","Bandage Up"],"relics":["Ring of the Snake","Ninja Scroll","Happy Flower","Gambling Chip","Orichalcum"],"potions_floor_usage":[6,8,11],"damage_taken":[{"damage":0,"enemies":"2 Louse","floor":1,"turns":3},{"damage":5,"enemies":"Jaw Worm","floor":3,"turns":5},{"damage":1,"enemies":"Cultist","floor":4,"turns":4},{"damage":4,"enemies":"Blue Slaver","floor":5,"turns":5},{"damage":28,"enemies":"3 Sentries","floor":6,"turns":7},{"damage":24,"enemies":"Gremlin Nob","floor":8,"turns":4},{"damage":21,"enemies":"Gremlin Nob","floor":11,"turns":6},{"damage":13,"enemies":"Lagavulin","floor":13,"turns":2}],"seed_played":"-765943651217533996","potions_obtained":[{"floor":1,"key":"Poison Potion"},{"floor":5,"key":"GamblersBrew"},{"floor":6,"key":"PowerPotion"},{"floor":11,"key":"GamblersBrew"}],"is_trial":false,"path_per_floor":["M","?","M","M","M","E","R","?","T","R","E","$","E"],"character_chosen":"THE_SILENT","items_purchased":["Tools of the Trade","Bandage Up","Orichalcum"],"campfire_rested":1,"item_purchase_floors":[12,12,12],"current_hp_per_floor":[70,70,65,64,60,32,32,8,8,29,8,8,0],"gold":76,"neow_bonus":"THREE_CARDS","is_prod":false,"is_daily":false,"chose_seed":false,"campfire_upgraded":1,"win_rate":0,"timestamp":1542985269,"path_taken":["M","?","M","M","M","E","R","?","T","R","E","?","E"],"build_version":"2018-11-15","purchased_purges":1,"victory":false,"max_hp_per_floor":[70,70,70,70,70,70,70,70,70,70,70,70,70],"card_choices":[{"not_picked":["Setup","Concentrate"],"picked":"Prepared","floor":0},{"not_picked":["Flying Knee","Bane"],"picked":"Infinite Blades","floor":1},{"not_picked":["Poisoned Stab","Blur"],"picked":"Dagger Spray","floor":3},{"not_picked":["Dagger Throw","Acrobatics"],"picked":"Catalyst","floor":4},{"not_picked":["Prepared","Dagger Spray","Predator"],"picked":"SKIP","floor":5},{"not_picked":["Grand Finale","All Out Attack"],"picked":"Dash","floor":6},{"not_picked":["Blade Dance","Finisher"],"picked":"Backflip","floor":8},{"not_picked":["Riddle With Holes","Heel Hook"],"picked":"Backstab","floor":11}],"player_experience":911817,"relics_obtained":[{"floor":6,"key":"Ninja Scroll"},{"floor":8,"key":"Happy Flower"},{"floor":11,"key":"Gambling Chip"}],"event_choices":[{"damage_healed":0,"gold_gain":175,"player_choice":"AGREE","damage_taken":0,"max_hp_gain":0,"max_hp_loss":0,"event_name":"Liars Game","floor":2,"gold_loss":0,"cards_obtained":["Doubt"]},{"damage_healed":0,"gold_gain":30,"player_choice":"Searched \u00273\u0027 times","damage_taken":0,"max_hp_gain":0,"max_hp_loss":0,"event_name":"Dead Adventurer","floor":8,"gold_loss":0}],"is_beta":true,"boss_relics":[],"items_purged_floors":[12],"is_endless":false,"potions_floor_spawned":[1,5,6,11],"killed_by":"Lagavulin","ascension_level":0}