{"gold_per_floor":[111,122,122,122,122,122,132,132,132,148,46,56,83,93,93,167,167,180,80,100,100,100,100,118,152,205,105,105,60,60,75,75,147,147,163,163,176,194,154,154],"floor_reached":40,"playtime":1640,"items_purged":["Regret","Decay","Injury"],"score":962,"play_id":"1379fe3c-b93a-428f-a10a-a095abc1fe9b","local_time":"20190418223632","is_ascension_mode":true,"campfire_choices":[{"data":"Twin Strike","floor":6,"key":"SMITH"},{"data":"Pummel","floor":8,"key":"SMITH"},{"data":"Flame Barrier","floor":15,"key":"SMITH"},{"data":"Whirlwind","floor":23,"key":"SMITH"},{"floor":28,"key":"REST"},{"data":"True Grit","floor":30,"key":"SMITH"},{"floor":32,"key":"REST"}],"neow_cost":"NONE","seed_source_timestamp":723488112716600,"circlet_count":0,"master_deck":["AscendersBane","Strike_R","Strike_R","Strike_R+1","Strike_R","Strike_R+1","Defend_R","Defend_R","Defend_R","Defend_R","Bash+1","Twin Strike+1","Pummel+1","Shrug It Off","Whirlwind+1","Flame Barrier+1","Impervious","Clumsy","True Grit+1","Pummel","Fiend Fire","Seeing Red+1"],"relics":["Burning Blood","Whetstone","Ginger","Paper Frog","The Courier","Bronze Scales","Calling Bell","Lantern","Letter Opener","Dead Branch","Ancient Tea Set","Busted Crown"],"potions_floor_usage":[16,16,24,25,25,33,38,40],"damage_taken":[{"damage":2,"enemies":"Jaw Worm","floor":1,"turns":4},{"damage":2,"enemies":"2 Louse","floor":2,"turns":3},{"damage":10,"enemies":"Small Slimes","floor":7,"turns":3},{"damage":15,"enemies":"Blue Slaver","floor":10,"turns":3},{"damage":9,"enemies":"2 Fungi Beasts","floor":12,"turns":3},{"damage":6,"enemies":"Gremlin Nob","floor":13,"turns":3},{"damage":0,"enemies":"Lots of Slimes","floor":14,"turns":1},{"damage":41,"enemies":"Hexaghost","floor":16,"turns":8},{"damage":16,"enemies":"Shell Parasite","floor":18,"turns":5},{"damage":0,"enemies":"3 Byrds","floor":20,"turns":3},{"damage":25,"enemies":"Cultist and Chosen","floor":24,"turns":6},{"damage":12,"enemies":"Slavers","floor":25,"turns":5},{"damage":14,"enemies":"Centurion and Healer","floor":31,"turns":9},{"damage":0,"enemies":"Champ","floor":33,"turns":18},{"damage":19,"enemies":"Orb Walker","floor":35,"turns":3},{"damage":15,"enemies":"3 Shapes","floor":37,"turns":10},{"damage":41,"enemies":"3 Darklings","floor":38,"turns":4},{"damage":34,"enemies":"Reptomancer","floor":40,"turns":5}],"seed_played":"-2106622977568966917","potions_obtained":[{"floor":2,"key":"SteroidPotion"},{"floor":12,"key":"FearPotion"},{"floor":16,"key":"Swift Potion"},{"floor":20,"key":"FearPotion"},{"floor":24,"key":"Swift Potion"},{"floor":33,"key":"Regen Potion"},{"floor":37,"key":"Fire Potion"},{"floor":38,"key":"Swift Potion"},{"floor":39,"key":"Block Potion"}],"is_trial":false,"path_per_floor":["M","M","?","?","?","R","M","R","T","M","$","M","E","M","R","B",null,"M","$","M","?","?","R","M","E","T","$","R","$","R","M","R","B",null,"M","$","M","M","?","E"],"character_chosen":"IRONCLAD","items_purchased":["Shrug It Off","True Grit","PowerPotion"],"campfire_rested":2,"item_purchase_floors":[11,19,29],"current_hp_per_floor":[72,75,70,70,70,70,66,66,66,57,57,54,54,60,60,25,63,53,53,59,59,59,59,40,34,34,34,56,56,56,48,70,75,75,62,62,53,30,30,0],"gold":154,"neow_bonus":"RANDOM_COMMON_RELIC","is_prod":false,"is_daily":false,"chose_seed":false,"campfire_upgraded":5,"win_rate":0,"timestamp":1555619792,"path_taken":["M","M","?","?","?","R","M","R","T","M","$","M","E","?","R","BOSS","M","$","M","?","?","R","M","E","T","$","R","$","R","M","R","BOSS","M","$","M","M","?","E"],"build_version":"2019-04-04","purchased_purges":3,"victory":false,"max_hp_per_floor":[75,75,75,75,75,75,75,75,75,75,75,75,75,75,75,75,75,75,75,75,75,75,75,75,75,75,75,75,75,75,75,75,75,75,75,75,75,75,75,75],"card_choices":[{"not_picked":["Wild Strike","Pommel Strike","Perfected Strike"],"picked":"SKIP","floor":1},{"not_picked":["Sever Soul","Second Wind"],"picked":"Twin Strike","floor":2},{"not_picked":["Sentinel","Body Slam"],"picked":"Pummel","floor":7},{"not_picked":["Rage","Clothesline","Clash"],"picked":"SKIP","floor":10},{"not_picked":["Entrench","Power Through","Thunderclap"],"picked":"SKIP","floor":12},{"not_picked":["Havoc","Ghostly Armor"],"picked":"Whirlwind","floor":13},{"not_picked":["Double Tap","Clothesline"],"picked":"Flame Barrier","floor":14},{"not_picked":["Exhume","Brutality"],"picked":"Impervious","floor":16},{"not_picked":["Pommel Strike","Havoc","Rage"],"picked":"SKIP","floor":18},{"not_picked":["True Grit","Wild Strike"],"picked":"Pummel","floor":20},{"not_picked":["Perfected Strike","Infernal Blade"],"picked":"Fiend Fire","floor":24},{"not_picked":["Flex","Wild Strike","Fiend Fire"],"picked":"SKIP","floor":25},{"not_picked":["Cleave","Body Slam"],"picked":"Seeing Red+1","floor":31},{"not_picked":["Shockwave"],"picked":"SKIP","floor":35},{"not_picked":["Bloodletting"],"picked":"SKIP","floor":37},{"not_picked":["Shockwave"],"picked":"SKIP","floor":38}],"player_experience":1400619,"relics_obtained":[{"floor":9,"key":"The Courier"},{"floor":13,"key":"Bronze Scales"},{"floor":17,"key":"Lantern"},{"floor":17,"key":"Letter Opener"},{"floor":17,"key":"Dead Branch"},{"floor":25,"key":"Ancient Tea Set"}],"event_choices":[{"damage_healed":0,"gold_gain":0,"player_choice":"Success","damage_taken":5,"relics_obtained":["Ginger"],"max_hp_gain":0,"max_hp_loss":0,"event_name":"Scrap Ooze","floor":3,"gold_loss":0},{"damage_healed":0,"gold_gain":0,"player_choice":"Grow","damage_taken":0,"max_hp_gain":0,"max_hp_loss":0,"event_name":"Living Wall","floor":4,"gold_loss":0,"cards_upgraded":["Bash"]},{"damage_healed":0,"gold_gain":0,"player_choice":"Box","damage_taken":0,"relics_obtained":["Paper Frog"],"max_hp_gain":0,"max_hp_loss":0,"event_name":"Big Fish","floor":5,"gold_loss":0,"cards_obtained":["Regret"]},{"damage_healed":0,"gold_gain":0,"player_choice":"Ignored","damage_taken":0,"max_hp_gain":0,"max_hp_loss":0,"event_name":"Ghosts","floor":21,"gold_loss":0},{"damage_healed":0,"gold_gain":0,"player_choice":"Ignored","damage_taken":0,"max_hp_gain":0,"max_hp_loss":0,"event_name":"Vampires","floor":22,"gold_loss":0},{"damage_healed":0,"gold_gain":0,"player_choice":"Bought 3 Potions","damage_taken":0,"max_hp_gain":0,"max_hp_loss":0,"event_name":"The Woman in Blue","floor":39,"gold_loss":0}],"is_beta":true,"boss_relics":[{"not_picked":["Empty Cage","Eternal Feather"],"picked":"Calling Bell"},{"not_picked":["Runic Dome","Lizard Tail"],"picked":"Busted Crown"}],"items_purged_floors":[11,19,27],"is_endless":false,"potions_floor_spawned":[2,12,16,20,24,33,37,38],"killed_by":"Reptomancer","ascension_level":20}