{"gold_per_floor":[112,262,187,203,219,219,236,264,346,346,374,374,374,299,299,390,390,409,409,409,427,40,40,79,79,79,98,131,146,161,36,36,129,192,192,217,342,365,388,388,443,82,82,82,97,97],"floor_reached":46,"playtime":1610,"items_purged":["Doubt","Writhe","Strike_R","Defend_R"],"score":961,"play_id":"707c9bd2-b71f-4e82-9fb0-6449fd589820","local_time":"20190416235613","is_ascension_mode":true,"campfire_choices":[{"data":"Bash","floor":6.0,"key":"SMITH"},{"data":"Inflame","floor":10.0,"key":"SMITH"},{"data":"Sword Boomerang","floor":15.0,"key":"SMITH"},{"data":"Demon Form","floor":23.0,"key":"SMITH"},{"floor":25.0,"key":"REST"},{"floor":32.0,"key":"REST"},{"data":"Sword Boomerang","floor":40.0,"key":"SMITH"},{"floor":44.0,"key":"RECALL"}],"neow_cost":"CURSE","seed_source_timestamp":0,"circlet_count":0,"master_deck":["AscendersBane","Strike_R+1","Strike_R","Strike_R","Defend_R","Defend_R","Defend_R","Bash+1","Pummel","Sword Boomerang+1","Inflame+1","Demon Form+1","Shrug It Off","Sword Boomerang+1","Shrug It Off"],"special_seed":0,"relics":["Burning Blood","Charon\u0027s Ashes","Mango","Matryoshka","Happy Flower","Golden Idol","Busted Crown","Bird Faced Urn","Lantern","Meat on the Bone","Art of War","Oddly Smooth Stone","Turnip","Tiny House","Ice Cream","Bronze Scales","PreservedInsect","Dodecahedron"],"potions_floor_usage":[46],"damage_taken":[{"damage":1.0,"enemies":"Cultist","floor":1.0,"turns":4.0},{"damage":16.0,"enemies":"Small Slimes","floor":4.0,"turns":5.0},{"damage":8.0,"enemies":"2 Louse","floor":5.0,"turns":3.0},{"damage":7.0,"enemies":"Looter","floor":7.0,"turns":3.0},{"damage":30.0,"enemies":"3 Sentries","floor":8.0,"turns":7.0},{"damage":8.0,"enemies":"Gremlin Nob","floor":11.0,"turns":3.0},{"damage":41.0,"enemies":"Hexaghost","floor":16.0,"turns":8.0},{"damage":21.0,"enemies":"3 Byrds","floor":18.0,"turns":4.0},{"damage":6.0,"enemies":"Spheric Guardian","floor":21.0,"turns":3.0},{"damage":57.0,"enemies":"Slavers","floor":24.0,"turns":3.0},{"damage":20.0,"enemies":"Snake Plant","floor":27.0,"turns":3.0},{"damage":23.0,"enemies":"Book of Stabbing","floor":28.0,"turns":3.0},{"damage":17.0,"enemies":"Centurion and Healer","floor":29.0,"turns":6.0},{"damage":22.0,"enemies":"Snecko","floor":30.0,"turns":4.0},{"damage":38.0,"enemies":"Champ","floor":33.0,"turns":7.0},{"damage":3.0,"enemies":"3 Darklings","floor":35.0,"turns":2.0},{"damage":13.0,"enemies":"3 Shapes","floor":36.0,"turns":9.0},{"damage":21.0,"enemies":"Mind Bloom Boss Battle","floor":37.0,"turns":6.0},{"damage":25.0,"enemies":"Transient","floor":38.0,"turns":6.0},{"damage":24.0,"enemies":"4 Shapes","floor":39.0,"turns":5.0},{"damage":13.0,"enemies":"Writhing Mass","floor":45.0,"turns":4.0},{"damage":66,"enemies":"Reptomancer","floor":46,"turns":2}],"seed_played":"-3067146912550855561","potions_obtained":[{"floor":8.0,"key":"Regen Potion"},{"floor":11.0,"key":"SpeedPotion"},{"floor":16.0,"key":"PowerPotion"},{"floor":18.0,"key":"SkillPotion"},{"floor":21.0,"key":"Explosive Potion"},{"floor":24.0,"key":"SteroidPotion"},{"floor":28.0,"key":"Swift Potion"},{"floor":30.0,"key":"SteroidPotion"},{"floor":34.0,"key":"SmokeBomb"},{"floor":37.0,"key":"Swift Potion"}],"is_trial":false,"path_per_floor":["M","?","$","M","M","R","M","E","T","R","E","?","?","?","R","B",null,"M","?","T","M","$","R","E","R","T","M","E","M","M","$","R","B",null,"M","M","?","M","M","R","T","$","T","R","M","E"],"character_chosen":"IRONCLAD","items_purchased":["Meat on the Bone","PreservedInsect","Shrug It Off"],"campfire_rested":2,"item_purchase_floors":[22,42,42],"current_hp_per_floor":[73,73,73,63,61,61,60,50,50,50,48,48,48,48,48,28,68,53,53,53,55,55,55,22,46,46,48,47,52,52,52,76,48,78,81,78,67,52,50,50,50,50,50,50,59,0],"gold":97,"neow_bonus":"ONE_RARE_RELIC","is_prod":false,"is_daily":false,"chose_seed":false,"campfire_upgraded":5,"win_rate":0,"timestamp":1555451773,"path_taken":["M","?","$","M","M","R","M","E","T","R","E","?","?","?","R","BOSS","M","?","?","M","$","R","E","R","T","?","E","M","M","$","R","BOSS","M","M","?","M","M","R","?","$","T","R","M","E"],"build_version":"2019-04-04","purchased_purges":4,"victory":false,"max_hp_per_floor":[75,75,75,75,75,75,75,89,89,89,89,89,81,81,81,81,81,81,81,81,81,81,81,81,81,81,81,81,81,81,81,81,81,86,86,86,86,86,86,86,86,86,86,86,86,86],"card_choices":[{"not_picked":["Pommel Strike","Iron Wave","Warcry"],"picked":"SKIP","floor":1.0},{"not_picked":["Reckless Charge","Flex","Perfected Strike"],"picked":"SKIP","floor":4.0},{"not_picked":["Corruption","Rage"],"picked":"Pummel","floor":5.0},{"not_picked":["Iron Wave","Whirlwind"],"picked":"Sword Boomerang","floor":7.0},{"not_picked":["Wild Strike","Clash"],"picked":"Inflame","floor":8.0},{"not_picked":["Metallicize","Barricade","Searing Blow"],"picked":"SKIP","floor":11.0},{"not_picked":["Barricade","Impervious"],"picked":"Demon Form","floor":16.0},{"not_picked":["Hemokinesis"],"picked":"SKIP","floor":18.0},{"not_picked":["Flex"],"picked":"SKIP","floor":21.0},{"not_picked":["Uppercut"],"picked":"SKIP","floor":24.0},{"not_picked":["Metallicize"],"picked":"SKIP","floor":27.0},{"not_picked":["Flex+1"],"picked":"SKIP","floor":28.0},{"not_picked":["Cleave+1"],"picked":"SKIP","floor":29.0},{"not_picked":["Sever Soul"],"picked":"SKIP","floor":30.0},{"not_picked":[],"picked":"Shrug It Off","floor":34.0},{"not_picked":["Anger"],"picked":"SKIP","floor":36.0},{"not_picked":["Clothesline"],"picked":"SKIP","floor":38.0},{"not_picked":[],"picked":"Sword Boomerang","floor":39.0},{"not_picked":["Pommel Strike+1"],"picked":"SKIP","floor":45.0}],"player_experience":1392186,"relics_obtained":[{"floor":8.0,"key":"Mango"},{"floor":9.0,"key":"Matryoshka"},{"floor":11.0,"key":"Happy Flower"},{"floor":20.0,"key":"Lantern"},{"floor":24.0,"key":"Art of War"},{"floor":26.0,"key":"Oddly Smooth Stone"},{"floor":28.0,"key":"Turnip"},{"floor":37.0,"key":"Ice Cream"},{"floor":41.0,"key":"Bronze Scales"},{"floor":43.0,"key":"Dodecahedron"}],"event_choices":[{"damage_healed":0.0,"max_hp_gain":0.0,"max_hp_loss":0.0,"gold_gain":150.0,"event_name":"Liars Game","player_choice":"AGREE","floor":2.0,"gold_loss":0.0,"damage_taken":0.0,"cards_obtained":["Doubt"]},{"cards_removed":["Normality"],"damage_healed":0.0,"max_hp_gain":0.0,"max_hp_loss":0.0,"gold_gain":0.0,"event_name":"Living Wall","player_choice":"Forget","floor":12.0,"gold_loss":0.0,"damage_taken":0.0},{"damage_healed":0.0,"max_hp_gain":0.0,"max_hp_loss":8.0,"gold_gain":0.0,"event_name":"Golden Idol","player_choice":"Lose Max HP","floor":13.0,"gold_loss":0.0,"damage_taken":0.0,"relics_obtained":["Golden Idol"]},{"cards_removed":["Strike_R"],"damage_healed":0.0,"max_hp_gain":0.0,"max_hp_loss":0.0,"gold_gain":0.0,"event_name":"The Cleric","player_choice":"Card Removal","floor":14.0,"gold_loss":75.0,"damage_taken":0.0},{"damage_healed":0.0,"max_hp_gain":0.0,"max_hp_loss":0.0,"gold_gain":0.0,"event_name":"The Mausoleum","player_choice":"Opened","floor":19.0,"gold_loss":0.0,"damage_taken":0.0,"relics_obtained":["Bird Faced Urn"],"cards_obtained":["Writhe"]},{"damage_healed":0.0,"max_hp_gain":0.0,"max_hp_loss":0.0,"gold_gain":0.0,"event_name":"MindBloom","player_choice":"Fight","floor":37.0,"gold_loss":0.0,"damage_taken":0.0}],"is_beta":true,"boss_relics":[{"not_picked":["Orrery","Philosopher\u0027s Stone"],"picked":"Busted Crown"},{"not_picked":["Runic Pyramid","Fusion Hammer"],"picked":"Tiny House"}],"items_purged_floors":[3,22,31,42],"is_endless":false,"potions_floor_spawned":[8,11,16,18,21,24,28,30,37,45],"killed_by":"Reptomancer","ascension_level":20}