{"path_per_floor":["M","?","M","?","M","E","$","R","T","E","M"],"character_chosen":"THE_SILENT","items_purchased":[],"gold_per_floor":[116,116,140,140,161,204,129,129,129,170,183,183],"floor_reached":12,"campfire_rested":0,"playtime":283,"item_purchase_floors":[],"current_hp_per_floor":[66,49,44,44,44,29,29,29,29,5,5,0],"items_purged":["Strike_G"],"gold":183,"score":97,"play_id":"4cedc1f7-d1b4-4bb9-9713-f0e660e9470a","local_time":"20180610220351","is_prod":false,"is_daily":false,"chose_seed":false,"is_ascension_mode":true,"campfire_upgraded":1,"win_rate":0,"timestamp":1528693431,"campfire_choices":[{"data":"Footwork","floor":8,"key":"SMITH"}],"path_taken":["M","?","M","?","M","E","?","R","T","E","?","M"],"build_version":"2018-06-08","seed_source_timestamp":116678015061333,"purchased_purges":1,"victory":false,"master_deck":["Defend_G","Defend_G","Defend_G","Defend_G","Defend_G","Strike_G","Strike_G","Strike_G","Strike_G","Survivor","Neutralize","Terror","Footwork+1","Escape Plan","Dagger Spray","Dash","Backstab"],"max_hp_per_floor":[70,70,70,70,70,70,70,70,70,70,70,70],"relics":["Ring of the Snake","Golden Idol","Tough Bandages","Darkstone Periapt","Gambling Chip"],"card_choices":[{"not_picked":["Deadly Poison","Prepared"],"picked":"Terror","floor":1},{"not_picked":["Distraction","Prepared"],"picked":"Footwork","floor":3},{"not_picked":["Slice","Flying Knee"],"picked":"Escape Plan","floor":5},{"not_picked":["Blade Dance","Underhanded Strike"],"picked":"Dagger Spray","floor":6},{"not_picked":["Sucker Punch","Deflect"],"picked":"Dash","floor":10},{"not_picked":["Dash","Eviscerate"],"picked":"Backstab","floor":11}],"player_experience":128724,"potions_floor_usage":[6],"damage_taken":[{"damage":4,"enemies":"Jaw Worm","floor":1,"turns":4},{"damage":5,"enemies":"Small Slimes","floor":3,"turns":4},{"damage":0,"enemies":"Cultist","floor":5,"turns":2},{"damage":15,"enemies":"Gremlin Nob","floor":6,"turns":5},{"damage":24,"enemies":"Lagavulin","floor":10,"turns":7},{"damage":0,"enemies":"Looter","floor":11,"turns":3},{"damage":13,"enemies":"Exordium Wildlife","floor":12,"turns":1}],"relics_obtained":[{"floor":6,"key":"Tough Bandages"},{"floor":9,"key":"Darkstone Periapt"},{"floor":10,"key":"Gambling Chip"}],"event_choices":[{"event_name":"Golden Idol","player_choice":"Take Damage","floor":2,"damage_taken":0},{"event_name":"Liars Game","player_choice":"disagreed","floor":4,"damage_taken":0}],"boss_relics":[],"items_purged_floors":[7],"potions_floor_spawned":[5],"seed_played":"2649593223609823558","killed_by":"Exordium Wildlife","ascension_level":2,"potions_obtained":[{"floor":5,"key":"GhostInAJar"}],"is_trial":false}