{"path_per_floor":["M","?","M","M","$","?","R","M","T","E","$","R","M","M","R","B",null,"M","M","M","?","?","R","M"],"character_chosen":"IRONCLAD","items_purchased":["Metallicize","Shrug It Off"],"gold_per_floor":[109,109,120,134,53,53,53,63,63,98,23,23,41,58,58,158,158,172,160,180,180,105,105,122,122],"floor_reached":25,"campfire_rested":0,"playtime":814,"current_hp_per_floor":[80,80,80,80,80,64,64,68,82,68,68,68,48,48,48,23,94,72,58,40,24,24,30,30,0],"items_purged":["Bash"],"gold":122,"score":205,"play_id":"9175113b-46f6-40f4-b0a5-a2e42a1659b2","local_time":"20180507231230","is_prod":false,"is_daily":false,"chose_seed":false,"is_ascension_mode":false,"campfire_upgraded":4,"timestamp":1525759950,"path_taken":["M","?","?","M","$","?","R","M","T","E","?","R","M","M","R","BOSS","M","M","M","?","?","R","M","E"],"build_version":"2018-05-03","seed_source_timestamp":123097613867176,"purchased_purges":1,"victory":false,"master_deck":["Strike_R","Strike_R","Strike_R","Strike_R+1","Defend_R","Defend_R+1","Defend_R","Defend_R","Cleave+1","Demon Form","Metallicize+1","Metallicize+1","Shrug It Off+1","Inflame","Battle Trance","Berserk+1","Flame Barrier+1","Necronomicurse","Ghostly Armor+1"],"max_hp_per_floor":[80,80,80,80,80,80,80,80,94,94,94,94,94,94,94,94,94,94,94,94,94,94,94,94,94],"relics":["Burning Blood","Mango","Champion Belt","Eternal Feather","Necronomicon"],"card_choices":[{"not_picked":["Clothesline","Twin Strike"],"picked":"Cleave","floor":1},{"not_picked":["Twin Strike","Sword Boomerang"],"picked":"Demon Form","floor":3},{"not_picked":["Armaments","Cleave"],"picked":"Metallicize","floor":4},{"not_picked":["True Grit","Anger"],"picked":"Inflame","floor":8},{"not_picked":["Power Through","Dropkick"],"picked":"Battle Trance","floor":14},{"not_picked":["Fiend Fire","Demon Form"],"picked":"Berserk","floor":16},{"not_picked":["Perfected Strike","Inflame"],"picked":"Flame Barrier","floor":19},{"not_picked":["Feel No Pain","Clash"],"picked":"Ghostly Armor","floor":24}],"player_experience":58071,"potions_floor_usage":[16,18,19,25,25],"damage_taken":[{"damage":5,"enemies":"Cultist","floor":1,"turns":4},{"damage":2,"enemies":"2 Louse","floor":3,"turns":3},{"damage":0,"enemies":"Small Slimes","floor":4,"turns":2},{"damage":2,"enemies":"Red Slaver","floor":8,"turns":5},{"damage":20,"enemies":"Lagavulin","floor":10,"turns":8},{"damage":26,"enemies":"Exordium Thugs","floor":13,"turns":4},{"damage":6,"enemies":"Exordium Wildlife","floor":14,"turns":6},{"damage":31,"enemies":"Slime Boss","floor":16,"turns":7},{"damage":28,"enemies":"Chosen","floor":18,"turns":6},{"damage":20,"enemies":"2 Thieves","floor":19,"turns":4},{"damage":24,"enemies":"Snake Plant","floor":20,"turns":7},{"damage":6,"enemies":"Slaver and Parasite","floor":24,"turns":9},{"damage":37,"enemies":"Gremlin Leader","floor":25,"turns":4}],"event_choices":[{"event_name":"Living Wall","player_choice":"Grow","floor":2,"damage_taken":0},{"event_name":"Shining Light","player_choice":"Entered Light","floor":6,"damage_taken":0},{"event_name":"Cursed Tome","player_choice":"Obtained Book","floor":21,"damage_taken":0},{"event_name":"Beggar","player_choice":"Gave Gold","floor":22,"damage_taken":0}],"boss_relics":[{"not_picked":["Runic Pyramid","Black Blood"],"picked":"Eternal Feather"}],"potions_floor_spawned":[8,13,14,16,18,24],"seed_played":"4125896271546664650","killed_by":"Gremlin Leader","ascension_level":0,"is_trial":false}