{"gold_per_floor":[367,367,383,398,51,51,78,78,78,78,89,105,105],"floor_reached":13,"playtime":269,"items_purged":["Injury"],"score":170,"play_id":"aa619b80-63dc-4f7b-9781-7fa946b20ffa","local_time":"20190415211224","is_ascension_mode":true,"campfire_choices":[{"data":"Bash","floor":6,"key":"SMITH"},{"data":"Whirlwind","floor":10,"key":"SMITH"}],"neow_cost":"CURSE","seed_source_timestamp":460602142948500,"circlet_count":0,"master_deck":["AscendersBane","Strike_R","Strike_R","Strike_R","Strike_R","Strike_R","Defend_R","Defend_R","Defend_R","Defend_R","Bash+1","Whirlwind+1","Sword Boomerang+1","Decay","Pummel+1"],"relics":["Burning Blood","Unceasing Top","Molten Egg 2","Dead Branch","Pear"],"potions_floor_usage":[7,13],"damage_taken":[{"damage":10,"enemies":"Small Slimes","floor":1,"turns":3},{"damage":12,"enemies":"Cultist","floor":3,"turns":4},{"damage":12,"enemies":"2 Louse","floor":4,"turns":4},{"damage":40,"enemies":"Gremlin Nob","floor":7,"turns":5},{"damage":27,"enemies":"Red Slaver","floor":11,"turns":4},{"damage":2,"enemies":"Looter","floor":12,"turns":4},{"damage":14,"enemies":"Large Slime","floor":13,"turns":3}],"seed_played":"305233023956738069","potions_obtained":[{"floor":4,"key":"Ancient Potion"},{"floor":12,"key":"Energy Potion"}],"is_trial":false,"path_per_floor":["M","?","M","M","$","R","E","?","T","R","M","M","M"],"character_chosen":"IRONCLAD","items_purchased":["Molten Egg 2"],"campfire_rested":0,"item_purchase_floors":[5],"current_hp_per_floor":[64,64,58,52,52,52,18,18,28,28,7,11,0],"gold":105,"neow_bonus":"TWO_FIFTY_GOLD","is_prod":false,"is_daily":false,"chose_seed":false,"campfire_upgraded":2,"win_rate":0,"timestamp":1555355544,"path_taken":["M","?","?","M","$","R","E","?","T","R","M","?","M"],"build_version":"2019-04-04","purchased_purges":1,"victory":false,"max_hp_per_floor":[75,75,75,75,75,75,75,75,85,85,85,85,85],"card_choices":[{"not_picked":["True Grit","Cleave"],"picked":"Heavy Blade","floor":1},{"not_picked":["Clothesline","Body Slam","Armaments"],"picked":"SKIP","floor":3},{"not_picked":["Ghostly Armor","Sword Boomerang"],"picked":"Whirlwind","floor":4},{"not_picked":["Offering","Wild Strike+1"],"picked":"Sword Boomerang+1","floor":7},{"not_picked":["Reckless Charge+1","Fire Breathing"],"picked":"Pummel+1","floor":11},{"not_picked":["Headbutt+1","Clash+1","Warcry"],"picked":"SKIP","floor":12}],"player_experience":1390901,"relics_obtained":[{"floor":7,"key":"Dead Branch"},{"floor":9,"key":"Pear"}],"event_choices":[{"cards_removed":["Heavy Blade"],"damage_healed":0,"gold_gain":0,"player_choice":"Gave Card","damage_taken":0,"relics_obtained":["Unceasing Top"],"max_hp_gain":0,"max_hp_loss":0,"event_name":"WeMeetAgain","floor":2,"gold_loss":0},{"damage_healed":0,"gold_gain":0,"player_choice":"Cursed","damage_taken":0,"max_hp_gain":0,"max_hp_loss":0,"event_name":"Wheel of Change","floor":8,"gold_loss":0,"cards_obtained":["Decay"]}],"is_beta":true,"boss_relics":[],"items_purged_floors":[5],"is_endless":false,"potions_floor_spawned":[4,12],"killed_by":"Large Slime","ascension_level":20}