{"gold_per_floor":[14,14,89,109,128,155,166,166,192,221,236,236,236,249,249,348,348,368,368,293,293,40,71,71,89,114,114],"floor_reached":27,"playtime":905,"items_purged":["Writhe"],"score":289,"play_id":"9f440695-c10a-48d7-923e-2ffcd2485531","local_time":"20180723223606","is_ascension_mode":true,"campfire_choices":[{"data":"Heavy Blade","floor":8,"key":"SMITH"},{"data":"Berserk","floor":12,"key":"SMITH"},{"floor":15,"key":"REST"},{"data":"Sentinel","floor":24,"key":"SMITH"}],"neow_cost":"NO_GOLD","seed_source_timestamp":783460543105400,"circlet_count":0,"master_deck":["Strike_R+1","Strike_R","Strike_R","Strike_R+1","Defend_R","Defend_R","Defend_R","Defend_R","Corruption","Brutality","Rupture","Heavy Blade+1","Twin Strike","Sentinel+1","Rupture+1","Berserk+1","Ghostly Armor","Double Tap","Iron Wave","Cleave"],"relics":["Burning Blood","Whetstone","Centennial Puzzle","Bronze Scales","Matryoshka","Runic Cube","Shuriken","Meat on the Bone","Boot","Art of War","Omamori"],"potions_floor_usage":[10,16,23,25],"damage_taken":[{"damage":10,"enemies":"Cultist","floor":1,"turns":5},{"damage":11,"enemies":"2 Louse","floor":4,"turns":4},{"damage":9,"enemies":"Jaw Worm","floor":5,"turns":3},{"damage":24,"enemies":"Lagavulin","floor":6,"turns":6},{"damage":9,"enemies":"Blue Slaver","floor":7,"turns":4},{"damage":20,"enemies":"3 Sentries","floor":10,"turns":5},{"damage":5,"enemies":"3 Louse","floor":11,"turns":4},{"damage":12,"enemies":"Exordium Thugs","floor":14,"turns":4},{"damage":25,"enemies":"Hexaghost","floor":16,"turns":5},{"damage":15,"enemies":"3 Byrds","floor":18,"turns":4},{"damage":60,"enemies":"Slavers","floor":23,"turns":5},{"damage":4,"enemies":"Chosen","floor":25,"turns":4},{"damage":45,"enemies":"Book of Stabbing","floor":27,"turns":4}],"seed_played":"2976149039785104947","potions_obtained":[{"floor":6,"key":"Explosive Potion"},{"floor":7,"key":"Ancient Potion"},{"floor":14,"key":"Swift Potion"},{"floor":16,"key":"Ancient Potion"}],"is_trial":false,"path_per_floor":["M","?","?","M","M","E","M","R","T","E","M","R","?","M","R","B",null,"M","?","$","?","$","E","R","M","T"],"character_chosen":"IRONCLAD","items_purchased":["Meat on the Bone"],"campfire_rested":1,"item_purchase_floors":[22],"current_hp_per_floor":[76,76,65,60,57,39,36,36,36,22,23,23,20,14,38,19,80,71,71,71,71,71,29,29,43,43,0],"gold":114,"neow_bonus":"TRANSFORM_TWO_CARDS","is_prod":false,"is_daily":false,"chose_seed":false,"campfire_upgraded":3,"win_rate":0,"timestamp":1532410566,"path_taken":["M","?","?","M","M","E","M","R","T","E","M","R","?","M","R","BOSS","M","?","$","?","$","E","R","M","T","E"],"build_version":"2018-07-19","purchased_purges":1,"victory":false,"max_hp_per_floor":[80,80,80,80,80,80,80,80,80,80,80,80,80,80,80,80,80,80,80,80,80,80,80,80,80,80,80],"card_choices":[{"not_picked":["Iron Wave","Clash"],"picked":"Rupture","floor":1},{"not_picked":["Second Wind","Clash"],"picked":"Heavy Blade","floor":4},{"not_picked":["Sword Boomerang","Wild Strike"],"picked":"Twin Strike","floor":5},{"not_picked":["Battle Trance","Limit Break"],"picked":"Sentinel","floor":6},{"not_picked":["Metallicize","Pommel Strike"],"picked":"Rupture","floor":7},{"not_picked":["Feel No Pain","Cleave"],"picked":"Berserk","floor":10},{"not_picked":["Searing Blow","Warcry","Rampage"],"picked":"SKIP","floor":11},{"not_picked":["Entrench","Twin Strike"],"picked":"Ghostly Armor","floor":14},{"not_picked":["Impervious","Berserk"],"picked":"Double Tap","floor":16},{"not_picked":["Flex","Wild Strike"],"picked":"Iron Wave","floor":18},{"not_picked":["Twin Strike","Second Wind+1","Clash"],"picked":"SKIP","floor":23},{"not_picked":["Rupture+1","Thunderclap"],"picked":"Cleave","floor":25}],"player_experience":179590,"relics_obtained":[{"floor":6,"key":"Whetstone"},{"floor":9,"key":"Centennial Puzzle"},{"floor":10,"key":"Bronze Scales"},{"floor":23,"key":"Boot"},{"floor":26,"key":"Art of War"},{"floor":26,"key":"Omamori"}],"event_choices":[{"event_name":"Liars Game","player_choice":"disagreed","floor":2,"damage_taken":0},{"event_name":"World of Goop","player_choice":"Gather Gold","floor":3,"damage_taken":0},{"event_name":"Scrap Ooze","player_choice":"success","floor":13,"damage_taken":3},{"event_name":"The Mausoleum","player_choice":"Yes","floor":19,"damage_taken":0},{"event_name":"Accursed Blacksmith","player_choice":"Forge","floor":21,"damage_taken":0}],"is_beta":true,"boss_relics":[{"not_picked":["Pandora\u0027s Box","Tiny House"],"picked":"Runic Cube"}],"items_purged_floors":[20],"is_endless":false,"potions_floor_spawned":[6,7,14,16],"killed_by":"Book of Stabbing","ascension_level":4}