{"gold_per_floor":[118,130,142,67,77,104,124,124,151,51,79,99,116,116,116,216,216,230,247,247,247,97,97,127,127,127,127,138,154,184,198,198,302,302,315,315,335,348,358,358,385,398,422,422,433,465,475,490,490,490],"floor_reached":50,"playtime":2177,"items_purged":["Defend_R","Strike_R","Regret"],"score":585,"play_id":"117b7bed-1c69-4f08-b68c-52da645b0359","local_time":"20190315021558","is_ascension_mode":false,"campfire_choices":[{"data":"Bash","floor":8.0,"key":"SMITH"},{"floor":15.0,"key":"REST"},{"data":"Demon Form","floor":23.0,"key":"SMITH"},{"data":"Heavy Blade","floor":25.0,"key":"SMITH"},{"data":"Double Tap","floor":27.0,"key":"SMITH"},{"floor":32.0,"key":"REST"},{"data":"Sword Boomerang","floor":40,"key":"SMITH"},{"floor":44,"key":"RECALL"},{"data":"Pummel","floor":49,"key":"SMITH"}],"neow_cost":"NONE","seed_source_timestamp":0,"circlet_count":0,"master_deck":["Strike_R","Strike_R","Strike_R+1","Strike_R","Defend_R","Defend_R","Defend_R","Bash+1","Exhume","Sword Boomerang+1","Reaper+1","Double Tap+1","Heavy Blade+1","Demon Form+1","Writhe","Shrug It Off","Shrug It Off","Offering","Pummel+1","Pummel+1"],"special_seed":0,"relics":["Burning Blood","Regal Pillow","Vajra","Pen Nib","Bag of Preparation","Philosopher\u0027s Stone","Boot","Smiling Mask","Question Card","Red Skull","Black Star","FaceOfCleric","Blood Vial","Whetstone","Mercury Hourglass","Toxic Egg 2"],"potions_floor_usage":[33,33,50,50],"damage_taken":[{"damage":6.0,"enemies":"Cultist","floor":1.0,"turns":3.0},{"damage":0.0,"enemies":"Small Slimes","floor":2.0,"turns":3.0},{"damage":0.0,"enemies":"2 Louse","floor":3.0,"turns":2.0},{"damage":16.0,"enemies":"Blue Slaver","floor":5.0,"turns":4.0},{"damage":32.0,"enemies":"Gremlin Nob","floor":6.0,"turns":4.0},{"damage":20.0,"enemies":"Red Slaver","floor":7.0,"turns":4.0},{"damage":45.0,"enemies":"Lagavulin","floor":11.0,"turns":6.0},{"damage":0.0,"enemies":"3 Louse","floor":12.0,"turns":3.0},{"damage":13.0,"enemies":"Exordium Wildlife","floor":13.0,"turns":3.0},{"damage":56.0,"enemies":"Hexaghost","floor":16.0,"turns":8.0},{"damage":34.0,"enemies":"3 Byrds","floor":18.0,"turns":4.0},{"damage":32.0,"enemies":"Shell Parasite","floor":19.0,"turns":5.0},{"damage":50.0,"enemies":"Gremlin Leader","floor":24.0,"turns":5.0},{"damage":6.0,"enemies":"Sentry and Sphere","floor":28.0,"turns":3.0},{"damage":30.0,"enemies":"Shelled Parasite and Fungi","floor":29.0,"turns":6.0},{"damage":75.0,"enemies":"Slavers","floor":30.0,"turns":4.0},{"damage":30.0,"enemies":"Snake Plant","floor":31.0,"turns":3.0},{"damage":84,"enemies":"Automaton","floor":33,"turns":12},{"damage":83,"enemies":"3 Darklings","floor":35,"turns":9},{"damage":41,"enemies":"3 Shapes","floor":37,"turns":18},{"damage":70,"enemies":"Jaw Worm Horde","floor":38,"turns":5},{"damage":50,"enemies":"3 Darklings","floor":39,"turns":8},{"damage":47,"enemies":"Nemesis","floor":41,"turns":3},{"damage":29,"enemies":"Transient","floor":42,"turns":5},{"damage":55,"enemies":"Jaw Worm Horde","floor":45,"turns":4},{"damage":49,"enemies":"Reptomancer","floor":46,"turns":5},{"damage":15,"enemies":"Spire Growth","floor":47,"turns":3},{"damage":43,"enemies":"4 Shapes","floor":48,"turns":7},{"damage":98,"enemies":"Awakened One","floor":50,"turns":5}],"seed_played":"5398658077714382418","potions_obtained":[{"floor":1.0,"key":"Weak Potion"},{"floor":2.0,"key":"Dexterity Potion"},{"floor":3.0,"key":"FearPotion"},{"floor":7.0,"key":"EssenceOfSteel"},{"floor":12.0,"key":"SneckoOil"},{"floor":13.0,"key":"LiquidBronze"},{"floor":19.0,"key":"GamblersBrew"},{"floor":30.0,"key":"Energy Potion"},{"floor":31.0,"key":"Block Potion"},{"floor":37,"key":"SpeedPotion"},{"floor":42,"key":"Dexterity Potion"},{"floor":46,"key":"Dexterity Potion"}],"is_trial":false,"path_per_floor":["M","M","M","$","M","E","M","R","T","$","E","M","M","?","R","B",null,"M","M","?","?","$","R","E","R","T","R","M","M","E","M","R","B",null,"M","?","M","M","M","R","E","M","T","R","M","E","M","M","R","B"],"character_chosen":"IRONCLAD","items_purchased":["Shrug It Off"],"campfire_rested":2,"item_purchase_floors":[22],"current_hp_per_floor":[80,80,80,80,70,50,42,42,42,42,10,21,26,26,65,29,80,75,72,72,57,57,57,57,57,57,57,57,56,35,39,79,66,85,70,70,74,84,88,88,48,59,59,59,77,64,58,92,92,0],"gold":490,"neow_bonus":"ONE_RANDOM_RARE_CARD","is_prod":false,"is_daily":false,"chose_seed":false,"campfire_upgraded":6,"win_rate":0,"timestamp":1552612558,"path_taken":["M","M","M","$","M","E","?","R","T","$","E","M","M","?","R","BOSS","M","M","?","?","$","R","E","R","T","R","M","M","E","M","R","BOSS","M","?","M","M","M","R","E","M","T","R","?","E","M","M","R","BOSS"],"build_version":"2019-02-06","purchased_purges":3,"victory":false,"max_hp_per_floor":[80,80,80,80,80,80,80,80,80,80,80,80,80,80,80,80,80,80,80,80,85,85,85,85,85,85,85,85,85,85,85,85,85,85,85,85,86,87,88,88,89,90,90,90,91,92,93,94,94,94],"card_choices":[{"not_picked":["Sever Soul","Warcry","True Grit"],"picked":"SKIP","floor":1.0},{"not_picked":["Burning Pact","Combust","Perfected Strike"],"picked":"SKIP","floor":2.0},{"not_picked":["Anger","Dropkick"],"picked":"Sword Boomerang","floor":3.0},{"not_picked":["Corruption","Thunderclap"],"picked":"Reaper","floor":5.0},{"not_picked":["Combust","Sword Boomerang"],"picked":"Double Tap","floor":6.0},{"not_picked":["Warcry","Iron Wave","Clash"],"picked":"SKIP","floor":7.0},{"not_picked":["Flex","Anger"],"picked":"Heavy Blade","floor":11.0},{"not_picked":["Whirlwind","Ghostly Armor","Flex"],"picked":"SKIP","floor":12.0},{"not_picked":["Sword Boomerang","True Grit","Sentinel"],"picked":"SKIP","floor":13.0},{"not_picked":["Barricade","Brutality"],"picked":"Demon Form","floor":16.0},{"not_picked":["Clash","Heavy Blade","Iron Wave"],"picked":"SKIP","floor":18.0},{"not_picked":["Clash","Seeing Red","Juggernaut"],"picked":"SKIP","floor":19.0},{"not_picked":["Juggernaut","Uppercut","Perfected Strike+1"],"picked":"SKIP","floor":24.0},{"not_picked":["Armaments","Iron Wave+1","Blood for Blood"],"picked":"Shrug It Off","floor":28.0},{"not_picked":["Warcry+1","Fire Breathing+1","Perfected Strike","Anger"],"picked":"SKIP","floor":29.0},{"not_picked":["Iron Wave","Hemokinesis+1","Thunderclap","Metallicize+1"],"picked":"SKIP","floor":30.0},{"not_picked":["Armaments","Burning Pact","Havoc","Intimidate"],"picked":"SKIP","floor":31.0},{"not_picked":["Impervious","Bludgeon","Reaper"],"picked":"Offering","floor":33},{"not_picked":["Armaments","Warcry","Blood for Blood+1","Pommel Strike"],"picked":"SKIP","floor":35},{"not_picked":["Fire Breathing","Sentinel+1","Infernal Blade+1","Wild Strike+1"],"picked":"SKIP","floor":37},{"not_picked":["Armaments","Shrug It Off+1","True Grit","Havoc"],"picked":"SKIP","floor":38},{"not_picked":["Armaments","Shrug It Off+1","True Grit","Havoc"],"picked":"SKIP","floor":38},{"not_picked":["Immolate","Bloodletting+1","Pommel Strike+1","Shockwave"],"picked":"SKIP","floor":39},{"not_picked":["Shrug It Off+1","Wild Strike","Warcry","Dark Embrace"],"picked":"SKIP","floor":41},{"not_picked":["Pommel Strike+1","Wild Strike+1","Battle Trance+1","Cleave+1"],"picked":"SKIP","floor":42},{"not_picked":["Anger+1","Perfected Strike","Dual Wield+1"],"picked":"Pummel+1","floor":45},{"not_picked":["Immolate","Rage","Inflame","Clash+1"],"picked":"SKIP","floor":46},{"not_picked":["Hemokinesis+1","Flame Barrier+1","Twin Strike+1","Anger+1"],"picked":"SKIP","floor":47},{"not_picked":["Clothesline","Battle Trance+1","Feel No Pain+1","Pummel"],"picked":"SKIP","floor":48},{"not_picked":["Clothesline","Battle Trance+1","Feel No Pain+1"],"picked":"Pummel","floor":48}],"player_experience":1252867,"relics_obtained":[{"floor":6.0,"key":"Regal Pillow"},{"floor":9.0,"key":"Vajra"},{"floor":11.0,"key":"Pen Nib"},{"floor":24.0,"key":"Smiling Mask"},{"floor":26.0,"key":"Question Card"},{"floor":30.0,"key":"Red Skull"},{"floor":41,"key":"Blood Vial"},{"floor":41,"key":"Whetstone"},{"floor":46,"key":"Mercury Hourglass"},{"floor":46,"key":"Toxic Egg 2"}],"event_choices":[{"damage_healed":0.0,"max_hp_gain":0.0,"max_hp_loss":0.0,"gold_gain":0.0,"event_name":"Big Fish","player_choice":"Box","floor":14.0,"gold_loss":0.0,"damage_taken":0.0,"relics_obtained":["Bag of Preparation"],"cards_obtained":["Regret"]},{"damage_healed":0.0,"max_hp_gain":0.0,"max_hp_loss":0.0,"gold_gain":0.0,"event_name":"The Mausoleum","player_choice":"Opened","floor":20.0,"gold_loss":0.0,"damage_taken":0.0,"relics_obtained":["Boot"],"cards_obtained":["Writhe"]},{"damage_healed":0.0,"max_hp_gain":5.0,"max_hp_loss":0.0,"gold_gain":0.0,"event_name":"Forgotten Altar","player_choice":"Shed Blood","floor":21.0,"gold_loss":0.0,"damage_taken":20.0},{"damage_healed":0,"gold_gain":0,"player_choice":"Trade","damage_taken":0,"relics_obtained":["FaceOfCleric"],"max_hp_gain":0,"max_hp_loss":0,"event_name":"FaceTrader","floor":36,"gold_loss":0}],"is_beta":true,"boss_relics":[{"not_picked":["Coffee Dripper","Runic Dome"],"picked":"Philosopher\u0027s Stone"},{"not_picked":["Orrery","Empty Cage"],"picked":"Black Star"}],"items_purged_floors":[4,10,22],"is_endless":false,"potions_floor_spawned":[1,2,3,7,12,13,19,30,31,37,42,46,47,48],"killed_by":"Awakened One","ascension_level":0}