{"path_per_floor":["M","?","M","M","M","E","R","E","T","E","?","M","?","$","R"],"character_chosen":"IRONCLAD","items_purchased":["Mummified Hand"],"gold_per_floor":[115,115,127,141,159,190,190,223,246,272,237,253,253,11,11,11],"floor_reached":16,"campfire_rested":0,"playtime":598,"item_purchase_floors":[14],"current_hp_per_floor":[79,84,85,85,67,37,37,19,19,7,28,31,31,31,31,0],"items_purged":[],"gold":11,"score":120,"play_id":"c6cabb05-ba5a-4357-b16a-5a3e34345289","local_time":"20180523001322","is_prod":false,"is_daily":false,"chose_seed":false,"is_ascension_mode":false,"campfire_upgraded":2,"timestamp":1527059602,"campfire_choices":[{"data":"Flame Barrier","floor":7,"key":"SMITH"},{"data":"Shrug It Off","floor":15,"key":"SMITH"}],"path_taken":["M","?","M","M","M","E","R","E","T","E","?","M","?","$","R","BOSS"],"build_version":"2018-05-21v2","seed_source_timestamp":397854537910004,"purchased_purges":0,"victory":false,"master_deck":["Strike_R+1","Strike_R","Strike_R","Strike_R","Strike_R+1","Defend_R","Defend_R","Defend_R","Defend_R","Bash","Cleave","Shrug It Off+1","Flame Barrier+1","Battle Trance","Reaper+1","Heavy Blade"],"max_hp_per_floor":[80,85,85,85,85,85,85,85,85,85,85,85,85,85,85,85],"relics":["Burning Blood","Paper Frog","Juzu Bracelet","Whetstone","Pen Nib","Mummified Hand"],"card_choices":[{"not_picked":["Power Through","Spot Weakness"],"picked":"Cleave","floor":1},{"not_picked":["Headbutt","Bloodletting"],"picked":"Shrug It Off","floor":3},{"not_picked":["Second Wind","Pummel","True Grit"],"picked":"SKIP","floor":4},{"not_picked":["Thunderclap","Warcry"],"picked":"Flame Barrier","floor":5},{"not_picked":["Fire Breathing","Combust"],"picked":"Battle Trance","floor":6},{"not_picked":["Searing Blow","Iron Wave"],"picked":"Reaper","floor":8},{"not_picked":["Dropkick","Twin Strike","Perfected Strike"],"picked":"SKIP","floor":10},{"not_picked":["Cleave","Iron Wave"],"picked":"Heavy Blade","floor":12}],"player_experience":111152,"potions_floor_usage":[5,6,16],"damage_taken":[{"damage":7,"enemies":"Small Slimes","floor":1,"turns":4},{"damage":3,"enemies":"2 Louse","floor":3,"turns":2},{"damage":5,"enemies":"Cultist","floor":4,"turns":4},{"damage":24,"enemies":"Gremlin Gang","floor":5,"turns":5},{"damage":36,"enemies":"Lagavulin","floor":6,"turns":7},{"damage":24,"enemies":"Gremlin Nob","floor":8,"turns":5},{"damage":22,"enemies":"Lagavulin","floor":10,"turns":7},{"damage":3,"enemies":"Red Slaver","floor":12,"turns":4},{"damage":43,"enemies":"The Guardian","floor":16,"turns":16}],"relics_obtained":[{"floor":6,"key":"Paper Frog"},{"floor":8,"key":"Juzu Bracelet"},{"floor":9,"key":"Whetstone"},{"floor":10,"key":"Pen Nib"}],"event_choices":[{"event_name":"Big Fish","player_choice":"Donut","floor":2,"damage_taken":0},{"event_name":"The Cleric","player_choice":"Healed","floor":11,"damage_taken":0},{"event_name":"Upgrade Shrine","player_choice":"Upgraded","floor":13,"damage_taken":0}],"boss_relics":[],"items_purged_floors":[],"potions_floor_spawned":[1,5,10],"seed_played":"7842951872457216126","killed_by":"The Guardian","ascension_level":0,"potions_obtained":[{"floor":1,"key":"FearPotion"},{"floor":5,"key":"Poison Potion"},{"floor":10,"key":"Block Potion"}],"is_trial":false}