{"gold_per_floor":[113,213,138,157,172,197,197,197,223,280,307,207,207,82,82,184,184,184],"floor_reached":18,"playtime":491,"items_purged":["Defend_R","Defend_R","Defend_R"],"score":166,"play_id":"5277fa2a-6141-4922-bc39-efc61c75a4e9","local_time":"20190209230432","is_ascension_mode":false,"campfire_choices":[{"data":"Bash","floor":7,"key":"SMITH"},{"data":"Clash","floor":13,"key":"SMITH"},{"data":"Strike_R","floor":15,"key":"SMITH"}],"neow_cost":"NONE","seed_source_timestamp":1852145255836900,"circlet_count":0,"master_deck":["Bash+1","Shrug It Off","Clash+1","Reaper","Offering","Power Through","Second Wind","Flex","Exhume"],"relics":["Burning Blood","Happy Flower","Anchor","Red Skull","Tiny Chest","Blue Candle","Pandora\u0027s Box"],"potions_floor_usage":[11,16],"damage_taken":[{"damage":5,"enemies":"Small Slimes","floor":1,"turns":4},{"damage":0,"enemies":"Cultist","floor":4,"turns":3},{"damage":6,"enemies":"2 Louse","floor":5,"turns":3},{"damage":27,"enemies":"Gremlin Nob","floor":6,"turns":4},{"damage":5,"enemies":"3 Sentries","floor":11,"turns":9},{"damage":19,"enemies":"Slime Boss","floor":16,"turns":7},{"damage":6,"enemies":"2 Thieves","floor":18,"turns":1}],"seed_played":"6265860214223704263","potions_obtained":[{"floor":4,"key":"Strength Potion"},{"floor":5,"key":"BloodPotion"},{"floor":6,"key":"Fire Potion"}],"is_trial":false,"path_per_floor":["M","?","$","M","M","E","R","?","T","T","E","$","R","$","R","B",null,"M"],"character_chosen":"IRONCLAD","items_purchased":[],"campfire_rested":0,"item_purchase_floors":[],"current_hp_per_floor":[80,80,80,80,80,59,59,64,64,64,65,65,65,65,65,52,85,79],"gold":184,"neow_bonus":"RANDOM_COMMON_RELIC","is_prod":false,"is_daily":false,"chose_seed":false,"campfire_upgraded":3,"win_rate":0,"timestamp":1549749872,"path_taken":["M","?","?","?","M","E","R","?","T","?","E","$","R","?","R","BOSS","M"],"build_version":"2019-02-06","purchased_purges":3,"victory":false,"max_hp_per_floor":[80,80,80,80,80,80,80,85,85,85,85,85,85,85,85,85,85,85],"card_choices":[{"not_picked":["True Grit","Burning Pact","Intimidate"],"picked":"SKIP","floor":1},{"not_picked":["Clothesline","Disarm","Pummel"],"picked":"SKIP","floor":4},{"not_picked":["Heavy Blade","Iron Wave","Power Through"],"picked":"SKIP","floor":5},{"not_picked":["Wild Strike","Havoc"],"picked":"Shrug It Off","floor":6},{"not_picked":["Blood for Blood","Havoc"],"picked":"Clash","floor":11}],"player_experience":1136065,"relics_obtained":[{"floor":6,"key":"Anchor"},{"floor":9,"key":"Red Skull"},{"floor":10,"key":"Tiny Chest"},{"floor":11,"key":"Blue Candle"}],"event_choices":[{"damage_healed":0,"gold_gain":100,"player_choice":"Pray","damage_taken":0,"max_hp_gain":0,"max_hp_loss":0,"event_name":"Golden Shrine","floor":2,"gold_loss":0},{"damage_healed":0,"gold_gain":0,"player_choice":"Donut","damage_taken":0,"max_hp_gain":5,"max_hp_loss":0,"event_name":"Big Fish","floor":8,"gold_loss":0}],"is_beta":true,"boss_relics":[{"not_picked":["Snecko Eye","Fusion Hammer"],"picked":"Pandora\u0027s Box"}],"items_purged_floors":[3,12,14],"is_endless":false,"potions_floor_spawned":[4,5,6],"killed_by":"2 Thieves","ascension_level":0}