{"path_per_floor":["M","?","M","M","$","E","R","M","T","M","M","M","?","?","R","B",null,"M","?","M","?","M"],"character_chosen":"IRONCLAD","items_purchased":[],"gold_per_floor":[14,14,34,49,49,77,77,93,93,113,132,144,144,144,144,244,244,259,529,495,495,505,505],"floor_reached":23,"campfire_rested":0,"playtime":983,"current_hp_per_floor":[80,80,80,80,80,61,61,65,65,71,76,80,85,85,85,51,85,59,27,13,13,10,0],"items_purged":[],"gold":505,"score":195,"play_id":"f34185bb-71f2-40f4-b7ba-acb33f9c1265","local_time":"20180515230405","is_prod":false,"is_daily":false,"chose_seed":false,"is_ascension_mode":false,"campfire_upgraded":2,"timestamp":1526450645,"path_taken":["M","?","M","M","?","E","R","M","T","M","M","M","?","?","R","BOSS","M","?","M","?","M","M"],"build_version":"2018-05-14v2","seed_source_timestamp":83893887047882,"purchased_purges":0,"victory":false,"master_deck":["Strike_R","Strike_R","Strike_R","Strike_R","Defend_R","Defend_R","Defend_R","Defend_R","Bash","Iron Wave+1","Metallicize+1","Metallicize+1","Entrench","Heavy Blade","Double Tap","Barricade","Inflame","Body Slam"],"max_hp_per_floor":[80,80,80,80,80,80,80,80,80,80,80,80,85,85,85,85,85,85,85,85,85,85,85],"relics":["Burning Blood","Peace Pipe","Anchor","Question Card","Eternal Feather"],"card_choices":[{"not_picked":["Seeing Red","Clothesline"],"picked":"Iron Wave","floor":1},{"not_picked":["Iron Wave","Heavy Blade"],"picked":"Metallicize","floor":3},{"not_picked":["Disarm","Shockwave"],"picked":"Metallicize","floor":4},{"not_picked":["Blood for Blood","Burning Pact"],"picked":"Entrench","floor":6},{"not_picked":["Pummel","True Grit"],"picked":"Heavy Blade","floor":8},{"not_picked":["Dual Wield","Headbutt","Rupture","Shockwave"],"picked":"SKIP","floor":10},{"not_picked":["Pummel","Feel No Pain","Warcry"],"picked":"Double Tap","floor":11},{"not_picked":["Sword Boomerang","Anger","Searing Blow","Sever Soul"],"picked":"SKIP","floor":12},{"not_picked":["Impervious","Berserk","Reaper"],"picked":"Barricade","floor":16},{"not_picked":["Blood for Blood","Warcry","Sword Boomerang"],"picked":"Inflame","floor":18},{"not_picked":["Shockwave","Perfected Strike","True Grit+1","Clothesline"],"picked":"SKIP","floor":20},{"not_picked":["Rage","Power Through","Armaments+1","Flex"],"picked":"SKIP","floor":22}],"player_experience":80820,"potions_floor_usage":[11,20,20,22,23],"damage_taken":[{"damage":0,"enemies":"Small Slimes","floor":1,"turns":3},{"damage":0,"enemies":"Cultist","floor":3,"turns":3},{"damage":0,"enemies":"2 Louse","floor":4,"turns":2},{"damage":25,"enemies":"Lagavulin","floor":6,"turns":10},{"damage":2,"enemies":"2 Fungi Beasts","floor":8,"turns":5},{"damage":0,"enemies":"Large Slime","floor":10,"turns":9},{"damage":1,"enemies":"Lots of Slimes","floor":11,"turns":4},{"damage":2,"enemies":"3 Louse","floor":12,"turns":5},{"damage":40,"enemies":"The Guardian","floor":16,"turns":15},{"damage":32,"enemies":"Spheric Guardian","floor":18,"turns":11},{"damage":20,"enemies":"2 Thieves","floor":20,"turns":5},{"damage":9,"enemies":"Centurion and Healer","floor":22,"turns":11},{"damage":20,"enemies":"Cultist and Chosen","floor":23,"turns":4}],"relics_obtained":[{"floor":6,"key":"Anchor"},{"floor":9,"key":"Question Card"}],"event_choices":[{"event_name":"Accursed Blacksmith","player_choice":"Forge","floor":2,"damage_taken":0},{"event_name":"Big Fish","player_choice":"Donut","floor":13,"damage_taken":0},{"event_name":"Purifier","player_choice":"One Purge","floor":14,"damage_taken":0},{"event_name":"Knowing Skull","player_choice":"GOLD GOLD GOLD ","floor":19,"damage_taken":0},{"event_name":"The Library","player_choice":"Read","floor":21,"damage_taken":0}],"boss_relics":[{"not_picked":["Black Blood","Calling Bell"],"picked":"Eternal Feather"}],"potions_floor_spawned":[1,8,10,11,16,22],"seed_played":"-8638740417077575566","killed_by":"Cultist and Chosen","ascension_level":0,"potions_obtained":[{"floor":1,"key":"Swift Potion"},{"floor":8,"key":"LiquidBronze"},{"floor":10,"key":"Block Potion"},{"floor":11,"key":"AttackPotion"},{"floor":22,"key":"Energy Potion"}],"is_trial":false}