{"path_per_floor":["M","M","M","M","?","E","R","$","T","R","M","R","?","E","R","B",null,"M","?","?","M","?","E","M","?","T","?","R","M","E","M","R"],"character_chosen":"IRONCLAD","items_purchased":["Immolate","True Grit","Armaments"],"gold_per_floor":[117,134,150,165,240,297,297,8,8,8,20,20,20,50,50,153,153,169,169,94,109,109,134,153,153,153,153,153,173,199,214,214,214],"floor_reached":33,"campfire_rested":2,"playtime":1670,"item_purchase_floors":[8,8,8],"current_hp_per_floor":[80,80,73,70,59,39,39,39,39,39,45,45,29,10,34,17,80,77,77,77,77,77,22,19,19,19,44,44,32,29,28,55,0],"items_purged":["Writhe"],"gold":214,"score":310,"play_id":"6668d718-d30d-421b-9a18-84f49e00ec27","local_time":"20180612211054","is_prod":false,"is_daily":false,"chose_seed":false,"is_ascension_mode":true,"campfire_upgraded":4,"win_rate":0,"timestamp":1528863054,"campfire_choices":[{"data":"Shockwave","floor":7,"key":"SMITH"},{"data":"Immolate","floor":10,"key":"SMITH"},{"data":"True Grit","floor":12,"key":"SMITH"},{"floor":15,"key":"REST"},{"data":"True Grit","floor":28,"key":"SMITH"},{"floor":32,"key":"REST"}],"path_taken":["M","M","M","M","?","E","R","$","T","R","M","R","?","E","R","BOSS","M","?","?","M","?","E","M","?","T","?","R","M","E","M","R","BOSS"],"build_version":"2018-06-11","seed_source_timestamp":284913154763636,"purchased_purges":1,"victory":false,"master_deck":["Strike_R","Strike_R+1","Strike_R","Strike_R","Strike_R","Defend_R","Defend_R","Defend_R","Defend_R","Bash","Pommel Strike","Spot Weakness","Clothesline","Shockwave+1","Immolate+1","Armaments","Metallicize+1","Carnage","Demon Form","True Grit","Double Tap","Dual Wield","True Grit+1","RitualDagger","Sentinel"],"max_hp_per_floor":[80,80,80,80,80,80,80,80,80,80,80,80,80,80,80,80,80,80,80,77,77,77,77,77,77,77,77,77,77,91,91,91,91],"special_seed":0,"relics":["Burning Blood","Ginger","Tiny Chest","Juzu Bracelet","Dodecahedron","Philosopher\u0027s Stone","Bag of Preparation","Bag of Marbles","Mango"],"card_choices":[{"not_picked":["Sword Boomerang","Flex"],"picked":"Pommel Strike","floor":1},{"not_picked":["Power Through","Clash"],"picked":"Spot Weakness","floor":2},{"not_picked":["Exhume","Iron Wave"],"picked":"Clothesline","floor":3},{"not_picked":["Power Through","Inflame"],"picked":"Shockwave","floor":4},{"not_picked":["Headbutt","Clothesline","Juggernaut"],"picked":"SKIP","floor":6},{"not_picked":["Havoc","Flex"],"picked":"Metallicize","floor":11},{"not_picked":["Bloodletting","Clothesline"],"picked":"Carnage","floor":14},{"not_picked":["Brutality","Dark Embrace"],"picked":"Demon Form","floor":16},{"not_picked":["Inflame+1","Warcry"],"picked":"True Grit","floor":18},{"not_picked":["Uppercut","Flex","Pommel Strike"],"picked":"SKIP","floor":21},{"not_picked":["Impervious","Pommel Strike","True Grit"],"picked":"SKIP","floor":23},{"not_picked":["Uppercut","Headbutt","Flex"],"picked":"SKIP","floor":24},{"not_picked":["Armaments","Havoc+1","Headbutt"],"picked":"SKIP","floor":29},{"not_picked":["Sever Soul","Sword Boomerang","Perfected Strike"],"picked":"SKIP","floor":30},{"not_picked":["Power Through","Thunderclap+1"],"picked":"Sentinel","floor":31}],"player_experience":130684,"potions_floor_usage":[6,18,23,23,30,30,33,33],"damage_taken":[{"damage":1,"enemies":"Cultist","floor":1,"turns":4},{"damage":1,"enemies":"2 Louse","floor":2,"turns":3},{"damage":13,"enemies":"Jaw Worm","floor":3,"turns":3},{"damage":9,"enemies":"Looter","floor":4,"turns":3},{"damage":26,"enemies":"Lagavulin","floor":6,"turns":5},{"damage":0,"enemies":"2 Fungi Beasts","floor":11,"turns":2},{"damage":25,"enemies":"Gremlin Nob","floor":14,"turns":5},{"damage":23,"enemies":"Hexaghost","floor":16,"turns":8},{"damage":9,"enemies":"2 Thieves","floor":18,"turns":3},{"damage":0,"enemies":"Chosen","floor":21,"turns":4},{"damage":68,"enemies":"Slavers","floor":23,"turns":6},{"damage":9,"enemies":"Snecko","floor":24,"turns":4},{"damage":18,"enemies":"Snake Plant","floor":29,"turns":3},{"damage":23,"enemies":"Book of Stabbing","floor":30,"turns":4},{"damage":7,"enemies":"Centurion and Healer","floor":31,"turns":3},{"damage":61,"enemies":"Automaton","floor":33,"turns":6}],"relics_obtained":[{"floor":6,"key":"Tiny Chest"},{"floor":9,"key":"Juzu Bracelet"},{"floor":14,"key":"Dodecahedron"},{"floor":23,"key":"Bag of Preparation"},{"floor":26,"key":"Bag of Marbles"},{"floor":30,"key":"Mango"}],"event_choices":[{"event_name":"World of Goop","player_choice":"Gather Gold","floor":5,"damage_taken":0},{"event_name":"Shining Light","player_choice":"Entered Light","floor":13,"damage_taken":0},{"event_name":"Match and Keep!","player_choice":"3 cards matched","floor":19,"damage_taken":0},{"event_name":"Beggar","player_choice":"Gave Gold","floor":20,"damage_taken":0},{"event_name":"Vampires","player_choice":"Ignored","floor":22,"damage_taken":0},{"event_name":"Nest","player_choice":"Joined the Cult","floor":25,"damage_taken":0},{"event_name":"The Library","player_choice":"Heal","floor":27,"damage_taken":0}],"boss_relics":[{"not_picked":["Tiny House","White Beast Statue"],"picked":"Philosopher\u0027s Stone"}],"items_purged_floors":[8],"potions_floor_spawned":[1,4,6,16,18,21,23,29,31],"seed_played":"8321187829868689664","killed_by":"Automaton","ascension_level":1,"potions_obtained":[{"floor":1,"key":"Strength Potion"},{"floor":4,"key":"Explosive Potion"},{"floor":6,"key":"Explosive Potion"},{"floor":16,"key":"Explosive Potion"},{"floor":18,"key":"Ancient Potion"},{"floor":21,"key":"BloodPotion"},{"floor":23,"key":"Explosive Potion"},{"floor":29,"key":"SkillPotion"},{"floor":31,"key":"PowerPotion"}],"is_trial":false}