{"gold_per_floor":[112,131,131,143,157,157,169,169,169,199,199,124,151,151,151,254,254,271,67,17,117,136,136,73,92,92,108,120,132,161,176,176,176],"floor_reached":33,"playtime":997,"items_purged":["Defend_R","Decay","Defend_R"],"score":279,"play_id":"f7fd68ac-32cf-4a96-aa80-b4c8b8a2fe70","local_time":"20190209195904","is_ascension_mode":false,"campfire_choices":[{"data":"Bash","floor":6.0,"key":"SMITH"},{"data":"Clash","floor":8.0,"key":"SMITH"},{"data":"Shrug It Off","floor":15.0,"key":"SMITH"},{"floor":23.0,"key":"REST"},{"floor":32,"key":"REST"}],"neow_cost":"NONE","seed_source_timestamp":0,"circlet_count":0,"master_deck":["Strike_R","Strike_R","Strike_R","Strike_R","Strike_R","Defend_R","Defend_R","Bash+1","Clash+1","Shrug It Off+1"],"special_seed":0,"relics":["Black Blood","Bag of Marbles","Sundial","Vajra","Du-Vu Doll","Membership Card","StoneCalendar","Pen Nib"],"potions_floor_usage":[30,33,33],"damage_taken":[{"damage":0.0,"enemies":"Cultist","floor":1.0,"turns":3.0},{"damage":4.0,"enemies":"Jaw Worm","floor":2.0,"turns":5.0},{"damage":0.0,"enemies":"2 Louse","floor":4.0,"turns":2.0},{"damage":7.0,"enemies":"Exordium Thugs","floor":5.0,"turns":4.0},{"damage":6.0,"enemies":"Blue Slaver","floor":7.0,"turns":3.0},{"damage":23.0,"enemies":"Lagavulin","floor":10.0,"turns":4.0},{"damage":15.0,"enemies":"3 Sentries","floor":13.0,"turns":9.0},{"damage":46.0,"enemies":"The Guardian","floor":16.0,"turns":8.0},{"damage":43.0,"enemies":"Spheric Guardian","floor":18.0,"turns":6.0},{"damage":14.0,"enemies":"3 Byrds","floor":22.0,"turns":8.0},{"damage":5.0,"enemies":"Centurion and Healer","floor":25.0,"turns":5.0},{"damage":18.0,"enemies":"Snake Plant","floor":27.0,"turns":4.0},{"damage":32.0,"enemies":"Cultist and Chosen","floor":28.0,"turns":7.0},{"damage":10.0,"enemies":"Snecko","floor":29.0,"turns":3.0},{"damage":37,"enemies":"Book of Stabbing","floor":30,"turns":5},{"damage":9,"enemies":"Centurion and Healer","floor":31,"turns":7},{"damage":47,"enemies":"Automaton","floor":33,"turns":6}],"seed_played":"-7409322754038927544","potions_obtained":[{"floor":2.0,"key":"Weak Potion"},{"floor":3.0,"key":"Dexterity Potion"},{"floor":3.0,"key":"Swift Potion"},{"floor":4.0,"key":"Strength Potion"},{"floor":13.0,"key":"Poison Potion"},{"floor":16.0,"key":"Fruit Juice"},{"floor":18.0,"key":"Swift Potion"},{"floor":25.0,"key":"Ancient Potion"},{"floor":29.0,"key":"Poison Potion"},{"floor":31,"key":"EssenceOfSteel"}],"is_trial":false,"path_per_floor":["M","M","?","M","M","R","M","R","T","E","?","$","E","?","R","B",null,"M","$","$","?","M","R","$","M","T","M","M","M","E","M","R","B"],"character_chosen":"IRONCLAD","items_purchased":["Membership Card"],"campfire_rested":2,"item_purchase_floors":[19],"current_hp_per_floor":[80,80,80,80,79,79,79,79,79,62,62,62,53,53,53,18,85,52,52,52,52,48,73,73,78,78,70,48,48,21,22,47,0],"gold":176,"neow_bonus":"RANDOM_COMMON_RELIC","is_prod":false,"is_daily":false,"chose_seed":false,"campfire_upgraded":3,"win_rate":0,"timestamp":1549738744,"path_taken":["M","?","?","M","?","R","M","R","T","E","?","?","E","?","R","BOSS","M","?","$","?","M","R","$","M","T","M","M","?","E","M","R","BOSS"],"build_version":"2019-02-06","purchased_purges":3,"victory":false,"max_hp_per_floor":[80,80,80,80,80,80,80,80,80,80,80,80,80,80,80,85,85,85,85,85,85,85,85,85,85,85,85,85,85,85,85,85,85],"card_choices":[{"not_picked":["Cleave","Corruption","Ghostly Armor"],"picked":"SKIP","floor":1.0},{"not_picked":["Anger","Warcry"],"picked":"Clash","floor":2.0},{"not_picked":["Headbutt","Iron Wave"],"picked":"Shrug It Off","floor":4.0},{"not_picked":["Reckless Charge","Blood for Blood","Headbutt"],"picked":"SKIP","floor":5.0},{"not_picked":["Cleave","Sever Soul","Twin Strike"],"picked":"SKIP","floor":7.0},{"not_picked":["Body Slam","Rupture","Hemokinesis"],"picked":"SKIP","floor":10.0},{"not_picked":["Body Slam","Combust","Twin Strike"],"picked":"SKIP","floor":13.0},{"not_picked":["Warcry+1","Wild Strike","Clash"],"picked":"SKIP","floor":18.0},{"not_picked":["Pommel Strike+1","Iron Wave","Perfected Strike"],"picked":"SKIP","floor":22.0},{"not_picked":["Metallicize","Havoc","Armaments+1"],"picked":"SKIP","floor":25.0},{"not_picked":["Havoc","Fiend Fire","Burning Pact"],"picked":"SKIP","floor":27.0},{"not_picked":["Rampage","Sword Boomerang","Body Slam+1"],"picked":"SKIP","floor":28.0},{"not_picked":["Clothesline","Infernal Blade","Havoc+1"],"picked":"SKIP","floor":29.0},{"not_picked":["Havoc","Body Slam","Shrug It Off"],"picked":"SKIP","floor":30},{"not_picked":["Uppercut","True Grit+1","Hemokinesis+1"],"picked":"SKIP","floor":31}],"player_experience":1135068,"relics_obtained":[{"floor":9.0,"key":"Sundial"},{"floor":10.0,"key":"Vajra"},{"floor":13.0,"key":"Du-Vu Doll"},{"floor":26.0,"key":"StoneCalendar"},{"floor":30,"key":"Pen Nib"}],"event_choices":[{"damage_healed":0.0,"max_hp_gain":0.0,"max_hp_loss":0.0,"gold_gain":0.0,"event_name":"Lab","player_choice":"Got Potions","floor":3.0,"gold_loss":0.0,"damage_taken":0.0},{"damage_healed":0.0,"max_hp_gain":0.0,"max_hp_loss":0.0,"gold_gain":0.0,"event_name":"Liars Game","player_choice":"Ignored","floor":11.0,"gold_loss":0.0,"damage_taken":0.0},{"damage_healed":0.0,"max_hp_gain":0.0,"max_hp_loss":0.0,"gold_gain":0.0,"event_name":"Match and Keep!","player_choice":"1 cards matched","floor":14.0,"gold_loss":0.0,"damage_taken":0.0,"cards_obtained":["Decay"]},{"damage_healed":0.0,"max_hp_gain":0.0,"max_hp_loss":0.0,"gold_gain":100.0,"event_name":"Golden Shrine","player_choice":"Pray","floor":21.0,"gold_loss":0.0,"damage_taken":0.0}],"is_beta":true,"boss_relics":[{"not_picked":["Coffee Dripper","Ectoplasm"],"picked":"Black Blood"}],"items_purged_floors":[12,20,24],"is_endless":false,"potions_floor_spawned":[2,4,13,16,18,25,29,31],"killed_by":"Automaton","ascension_level":0}