{"gold_per_floor":[109,109,34,34,45,45,77,77,77,77,89,101,101,126,126,126],"floor_reached":16,"playtime":294,"items_purged":["Strike_R"],"score":266,"play_id":"f74903de-d677-441d-8071-e88ead4ee74c","local_time":"20190427221203","is_ascension_mode":true,"campfire_choices":[{"data":"Sword Boomerang","floor":6,"key":"SMITH"},{"data":"Sword Boomerang","floor":8,"key":"SMITH"},{"data":"Strike_R","floor":10,"key":"SMITH"},{"data":"Strike_R","floor":13,"key":"SMITH"},{"data":"Strike_R","floor":15,"key":"SMITH"}],"neow_cost":"NONE","seed_source_timestamp":1501029208590500,"circlet_count":0,"master_deck":["AscendersBane","Strike_R+1","Strike_R+1","Strike_R+1","Strike_R+1","Defend_R+1","Defend_R","Defend_R","Defend_R","Bash+1","Sword Boomerang+1","Sword Boomerang+1"],"relics":["Burning Blood","NeowsBlessing","Mango","Meat on the Bone"],"potions_floor_usage":[14,16],"damage_taken":[{"damage":0,"enemies":"2 Louse","floor":1,"turns":1},{"damage":0,"enemies":"Jaw Worm","floor":5,"turns":1},{"damage":0,"enemies":"Gremlin Nob","floor":7,"turns":1},{"damage":1,"enemies":"Small Slimes","floor":11,"turns":3},{"damage":8,"enemies":"Blue Slaver","floor":12,"turns":4},{"damage":19,"enemies":"3 Sentries","floor":14,"turns":5},{"damage":54,"enemies":"Hexaghost","floor":16,"turns":6}],"seed_played":"-4007035783577846257","potions_obtained":[{"floor":1,"key":"Dexterity Potion"},{"floor":5,"key":"Explosive Potion"},{"floor":14,"key":"FearPotion"}],"is_trial":false,"path_per_floor":["M","?","$","?","M","R","E","R","T","R","M","M","R","E","R","B"],"character_chosen":"IRONCLAD","items_purchased":[],"campfire_rested":0,"item_purchase_floors":[],"current_hp_per_floor":[74,51,51,51,57,57,77,77,77,77,82,80,80,67,67,13],"gold":126,"neow_bonus":"THREE_ENEMY_KILL","is_prod":false,"is_daily":false,"chose_seed":false,"campfire_upgraded":5,"win_rate":0,"timestamp":1556395923,"path_taken":["M","?","$","?","M","R","E","R","T","R","M","M","R","E","R","BOSS"],"build_version":"2019-04-23","purchased_purges":1,"victory":false,"max_hp_per_floor":[75,75,75,75,75,75,89,89,89,89,89,89,89,89,89,89],"card_choices":[{"not_picked":["Carnage","Power Through"],"picked":"Sword Boomerang","floor":1},{"not_picked":["Sentinel","Clash"],"picked":"Sword Boomerang","floor":5},{"not_picked":["Iron Wave","Power Through","Intimidate"],"picked":"SKIP","floor":7},{"not_picked":["Fire Breathing","Rupture","Dual Wield"],"picked":"SKIP","floor":11},{"not_picked":["Armaments","Clash","Headbutt"],"picked":"SKIP","floor":12},{"not_picked":["Iron Wave","Havoc","Uppercut"],"picked":"SKIP","floor":14}],"player_experience":1420390,"relics_obtained":[{"floor":7,"key":"Mango"},{"floor":14,"key":"Meat on the Bone"}],"event_choices":[{"damage_healed":0,"gold_gain":0,"player_choice":"Entered Light","damage_taken":23,"max_hp_gain":0,"max_hp_loss":0,"event_name":"Shining Light","floor":2,"gold_loss":0,"cards_upgraded":["Defend_R","Strike_R"]},{"damage_healed":0,"gold_gain":0,"player_choice":"Grow","damage_taken":0,"max_hp_gain":0,"max_hp_loss":0,"event_name":"Living Wall","floor":4,"gold_loss":0,"cards_upgraded":["Bash"]}],"is_beta":true,"boss_relics":[],"items_purged_floors":[3],"is_endless":false,"potions_floor_spawned":[1,5,14],"killed_by":"Hexaghost","ascension_level":20}