{"gold_per_floor":[111,186,336,383,393,393,425,441,468,483,501,501,527,527,527,527],"floor_reached":16,"playtime":363,"items_purged":[],"score":270,"play_id":"61590939-d096-42a5-a490-fd19be6ff9f7","local_time":"20190414013749","is_ascension_mode":true,"campfire_choices":[{"data":"Bash","floor":6,"key":"SMITH"},{"floor":15,"key":"REST"}],"neow_cost":"NONE","seed_source_timestamp":303625425975700,"circlet_count":0,"master_deck":["AscendersBane","Strike_R","Strike_R","Strike_R","Strike_R","Strike_R","Defend_R","Defend_R","Defend_R","Defend_R","Bash+1","Heavy Blade+1","Pummel+1","Injury"],"relics":["Burning Blood","NeowsBlessing","Bag of Preparation","Vajra","Whetstone","Golden Idol"],"potions_floor_usage":[16,16],"damage_taken":[{"damage":0,"enemies":"Small Slimes","floor":1,"turns":1},{"damage":0,"enemies":"Jaw Worm","floor":5,"turns":1},{"damage":0,"enemies":"Gremlin Nob","floor":7,"turns":1},{"damage":0,"enemies":"Cultist","floor":8,"turns":2},{"damage":21,"enemies":"Exordium Wildlife","floor":10,"turns":5},{"damage":1,"enemies":"2 Fungi Beasts","floor":11,"turns":3},{"damage":50,"enemies":"3 Sentries","floor":13,"turns":8},{"damage":67,"enemies":"The Guardian","floor":16,"turns":12}],"seed_played":"-3223760401774982714","potions_obtained":[{"floor":1,"key":"GamblersBrew"},{"floor":5,"key":"SpeedPotion"},{"floor":8,"key":"Fire Potion"}],"is_trial":false,"path_per_floor":["M","?","?","T","M","R","E","M","T","M","M","?","E","?","R","B"],"character_chosen":"IRONCLAD","items_purchased":[],"campfire_rested":1,"item_purchase_floors":[],"current_hp_per_floor":[74,63,63,63,69,69,75,75,75,60,65,65,21,21,43,0],"gold":527,"neow_bonus":"THREE_ENEMY_KILL","is_prod":false,"is_daily":false,"chose_seed":false,"campfire_upgraded":1,"win_rate":0,"timestamp":1555198669,"path_taken":["M","?","?","?","M","R","E","M","T","?","M","?","E","?","R","BOSS"],"build_version":"2019-04-04","purchased_purges":0,"victory":false,"max_hp_per_floor":[75,75,75,75,75,75,75,75,75,75,75,75,75,75,75,75],"card_choices":[{"not_picked":["Battle Trance","Rupture","Second Wind"],"picked":"SKIP","floor":1},{"not_picked":["Warcry","Bloodletting"],"picked":"Heavy Blade","floor":5},{"not_picked":["Dropkick","Perfected Strike"],"picked":"Pummel","floor":7},{"not_picked":["Armaments","Perfected Strike","Body Slam"],"picked":"SKIP","floor":8},{"not_picked":["Armaments","Perfected Strike","Body Slam"],"picked":"SKIP","floor":8},{"not_picked":["Headbutt","Thunderclap","Flex"],"picked":"SKIP","floor":10},{"not_picked":["Flex","Armaments","True Grit"],"picked":"SKIP","floor":11},{"not_picked":["Metallicize","Perfected Strike","Sentinel"],"picked":"SKIP","floor":13}],"player_experience":1384259,"relics_obtained":[{"floor":4,"key":"Bag of Preparation"},{"floor":7,"key":"Vajra"},{"floor":13,"key":"Whetstone"}],"event_choices":[{"damage_healed":0,"gold_gain":75,"player_choice":"Gather Gold","damage_taken":11,"max_hp_gain":0,"max_hp_loss":0,"event_name":"World of Goop","floor":2,"gold_loss":0},{"damage_healed":0,"gold_gain":150,"player_choice":"AGREE","damage_taken":0,"max_hp_gain":0,"max_hp_loss":0,"event_name":"Liars Game","floor":3,"gold_loss":0,"cards_obtained":["Doubt"]},{"cards_removed":["Doubt"],"damage_healed":0,"gold_gain":0,"player_choice":"Forget","damage_taken":0,"max_hp_gain":0,"max_hp_loss":0,"event_name":"Living Wall","floor":12,"gold_loss":0},{"damage_healed":0,"gold_gain":0,"player_choice":"Take Wound","damage_taken":0,"relics_obtained":["Golden Idol"],"max_hp_gain":0,"max_hp_loss":0,"event_name":"Golden Idol","floor":14,"gold_loss":0,"cards_obtained":["Injury"]}],"is_beta":true,"boss_relics":[],"items_purged_floors":[],"is_endless":false,"potions_floor_spawned":[1,5,8],"killed_by":"The Guardian","ascension_level":20}