{"gold_per_floor":[119,119,130,143,68,96,108,131,180,9,37,56,88,104,104,205,205,220,232,242,256,50,79,79,104,130,155,105,132,47,47,47,144,144,161,161,174,124,134,134,160,160,183,214,227,262,262,279,279,279,279,279,24,49,49],"floor_reached":56,"playtime":2249,"items_purged":["Regret","Normality","Defend_R","Regret","Pain","Regret"],"score":1430,"play_id":"bb29d863-e949-4ee9-91fe-665e9419d797","local_time":"20190308210306","is_ascension_mode":false,"campfire_choices":[{"data":"Uppercut","floor":15,"key":"SMITH"},{"data":"Inflame","floor":24,"key":"SMITH"},{"floor":32,"key":"REST"},{"data":"Limit Break","floor":40,"key":"SMITH"},{"data":"Sword Boomerang","floor":42,"key":"SMITH"},{"floor":49,"key":"RECALL"},{"data":"Infernal Blade","floor":52,"key":"SMITH"}],"neow_cost":"CURSE","seed_source_timestamp":541410599283100,"circlet_count":0,"master_deck":["Strike_R+1","Strike_R","Strike_R","Strike_R","Strike_R","Defend_R","Defend_R","Bash","Shrug It Off","Heavy Blade+1","Sword Boomerang+1","Uppercut+1","Shrug It Off","Inflame+1","Feed","Shrug It Off+1","Limit Break+1","Infernal Blade+1","Dropkick+1"],"relics":["Burning Blood","Torii","Vajra","PreservedInsect","Orichalcum","Centennial Puzzle","Odd Mushroom","Smiling Mask","Cursed Key","Whetstone","The Courier","Boot","Lantern","Bottled Tornado","Red Mask","Pen Nib","Nilry\u0027s Codex","Black Star","WarpedTongs","Bronze Scales","Art of War","Bag of Marbles","Mango","Oddly Smooth Stone","Meat on the Bone","TheAbacus","StoneCalendar","Magic Flower"],"potions_floor_usage":[16,16,21,25,29,33,44,50,55,55,55],"damage_taken":[{"damage":1,"enemies":"2 Louse","floor":1,"turns":4},{"damage":19,"enemies":"Jaw Worm","floor":3,"turns":4},{"damage":0,"enemies":"Small Slimes","floor":4,"turns":2},{"damage":20,"enemies":"Gremlin Nob","floor":6,"turns":4},{"damage":0,"enemies":"3 Louse","floor":7,"turns":4},{"damage":16,"enemies":"The Mushroom Lair","floor":11,"turns":5},{"damage":0,"enemies":"2 Fungi Beasts","floor":12,"turns":2},{"damage":5,"enemies":"3 Sentries","floor":13,"turns":6},{"damage":0,"enemies":"Exordium Wildlife","floor":14,"turns":4},{"damage":14,"enemies":"The Guardian","floor":16,"turns":9},{"damage":2,"enemies":"Shell Parasite","floor":18,"turns":3},{"damage":1,"enemies":"3 Byrds","floor":19,"turns":5},{"damage":1,"enemies":"Snecko","floor":20,"turns":3},{"damage":0,"enemies":"Cultist and Chosen","floor":21,"turns":4},{"damage":19,"enemies":"Book of Stabbing","floor":23,"turns":4},{"damage":19,"enemies":"Slavers","floor":25,"turns":3},{"damage":21,"enemies":"Gremlin Leader","floor":27,"turns":5},{"damage":9,"enemies":"Masked Bandits","floor":29,"turns":4},{"damage":20,"enemies":"Champ","floor":33,"turns":7},{"damage":5,"enemies":"3 Shapes","floor":35,"turns":3},{"damage":13,"enemies":"3 Darklings","floor":37,"turns":4},{"damage":1,"enemies":"4 Shapes","floor":39,"turns":12},{"damage":7,"enemies":"Giant Head","floor":41,"turns":4},{"damage":15,"enemies":"Reptomancer","floor":44,"turns":6},{"damage":2,"enemies":"Sphere and 2 Shapes","floor":45,"turns":4},{"damage":1,"enemies":"Nemesis","floor":46,"turns":3},{"damage":2,"enemies":"3 Darklings","floor":48,"turns":2},{"damage":88,"enemies":"Awakened One","floor":50,"turns":13},{"damage":0,"enemies":"Shield and Spear","floor":54,"turns":2},{"damage":101,"enemies":"The Heart","floor":55,"turns":7}],"seed_played":"-4695875326499668208","potions_obtained":[{"floor":3,"key":"LiquidBronze"},{"floor":4,"key":"BloodPotion"},{"floor":13,"key":"LiquidBronze"},{"floor":18,"key":"Swift Potion"},{"floor":19,"key":"Poison Potion"},{"floor":25,"key":"SteroidPotion"},{"floor":29,"key":"Energy Potion"},{"floor":37,"key":"Explosive Potion"},{"floor":39,"key":"BloodPotion"},{"floor":48,"key":"Fire Potion"}],"is_trial":false,"path_per_floor":["M","?","M","M","$","E","M","T","T","$","?","M","E","M","R","B",null,"M","M","M","M","$","E","R","E","T","E","$","?","?","?","R","B",null,"M","?","M","$","M","R","E","R","T","E","M","E","?","M","R","B",null,"R","$","E","B",null],"character_chosen":"IRONCLAD","items_purchased":["Uppercut","Whetstone","TheAbacus","PowerPotion"],"campfire_rested":1,"item_purchase_floors":[10,22,53,53],"current_hp_per_floor":[80,80,67,73,73,59,65,65,65,65,55,61,62,68,68,60,80,80,80,80,80,80,67,67,54,54,39,39,47,47,31,55,41,83,83,83,76,76,84,84,86,86,86,95,103,108,108,111,111,45,115,115,115,115,58],"gold":49,"neow_bonus":"ONE_RARE_RELIC","is_prod":false,"is_daily":false,"chose_seed":false,"campfire_upgraded":5,"win_rate":0,"timestamp":1552075386,"path_taken":["M","?","M","M","$","E","M","?","T","$","?","M","E","M","R","BOSS","M","M","M","M","$","E","R","E","T","E","$","?","?","?","R","BOSS","M","?","M","$","?","R","E","R","T","E","M","E","?","?","R","BOSS","R","$","E","BOSS"],"build_version":"2019-02-06","purchased_purges":6,"victory":true,"max_hp_per_floor":[80,80,80,80,80,80,80,80,80,80,80,80,80,80,80,80,80,80,80,80,80,80,80,80,80,80,80,80,83,83,83,83,83,83,83,83,83,83,86,86,89,89,89,107,111,111,111,111,111,115,115,115,115,115,115],"card_choices":[{"not_picked":["Seeing Red","Clash"],"picked":"Shrug It Off","floor":1},{"not_picked":["Infernal Blade","Burning Pact"],"picked":"Heavy Blade","floor":3},{"not_picked":["Havoc","Headbutt"],"picked":"Sword Boomerang","floor":4},{"not_picked":["Wild Strike","Berserk","Infernal Blade"],"picked":"SKIP","floor":6},{"not_picked":["Corruption","Sword Boomerang","Feel No Pain"],"picked":"SKIP","floor":7},{"not_picked":["Blood for Blood","Iron Wave"],"picked":"Shrug It Off","floor":12},{"not_picked":["Hemokinesis","Iron Wave","Berserk"],"picked":"SKIP","floor":13},{"not_picked":["Warcry","Rampage","Body Slam"],"picked":"SKIP","floor":14},{"not_picked":["Evolve+1","Thunderclap+1","Headbutt"],"picked":"SKIP","floor":18},{"not_picked":["Twin Strike","Carnage+1","Clash"],"picked":"SKIP","floor":19},{"not_picked":["Anger+1","Combust"],"picked":"Inflame","floor":20},{"not_picked":["Seeing Red","Perfected Strike","Whirlwind"],"picked":"SKIP","floor":21},{"not_picked":["Metallicize+1","Flex","Armaments"],"picked":"SKIP","floor":23},{"not_picked":["Sword Boomerang+1","Inflame"],"picked":"Feed","floor":25},{"not_picked":["Rampage","Flame Barrier"],"picked":"Shrug It Off+1","floor":27},{"not_picked":["Fiend Fire","Dark Embrace"],"picked":"Limit Break","floor":33},{"not_picked":["Thunderclap","Flex+1","Evolve"],"picked":"SKIP","floor":35},{"not_picked":["Corruption","Fire Breathing","Power Through+1"],"picked":"SKIP","floor":37},{"not_picked":["Ghostly Armor+1","Entrench","Searing Blow"],"picked":"SKIP","floor":39},{"not_picked":["Sword Boomerang","Iron Wave","Flame Barrier"],"picked":"SKIP","floor":41},{"not_picked":["Iron Wave+1","Wild Strike+1","Warcry+1"],"picked":"SKIP","floor":44},{"not_picked":["Clothesline","True Grit","Sword Boomerang"],"picked":"SKIP","floor":45},{"not_picked":["Heavy Blade+1","Shockwave","Fire Breathing+1"],"picked":"SKIP","floor":46},{"not_picked":["Iron Wave+1","Spot Weakness","Dropkick+1"],"picked":"SKIP","floor":48},{"not_picked":["Iron Wave+1","Spot Weakness"],"picked":"Dropkick+1","floor":48},{"not_picked":["Battle Trance","Twin Strike","Exhume"],"picked":"SKIP","floor":54}],"player_experience":1234034,"relics_obtained":[{"floor":6,"key":"PreservedInsect"},{"floor":8,"key":"Orichalcum"},{"floor":9,"key":"Centennial Puzzle"},{"floor":11,"key":"Odd Mushroom"},{"floor":13,"key":"Smiling Mask"},{"floor":23,"key":"The Courier"},{"floor":25,"key":"Boot"},{"floor":26,"key":"Lantern"},{"floor":27,"key":"Bottled Tornado"},{"floor":29,"key":"Red Mask"},{"floor":31,"key":"Nilry\u0027s Codex"},{"floor":41,"key":"Bronze Scales"},{"floor":41,"key":"Art of War"},{"floor":44,"key":"Bag of Marbles"},{"floor":44,"key":"Mango"},{"floor":46,"key":"Oddly Smooth Stone"},{"floor":46,"key":"Meat on the Bone"},{"floor":54,"key":"StoneCalendar"},{"floor":54,"key":"Magic Flower"}],"event_choices":[{"damage_healed":0,"gold_gain":0,"player_choice":"Box","damage_taken":0,"relics_obtained":["Vajra"],"max_hp_gain":0,"max_hp_loss":0,"event_name":"Big Fish","floor":2,"gold_loss":0,"cards_obtained":["Regret"]},{"damage_healed":0,"gold_gain":0,"player_choice":"Fought Mushrooms","damage_taken":0,"max_hp_gain":0,"max_hp_loss":0,"event_name":"Mushrooms","floor":11,"gold_loss":0},{"damage_healed":0,"gold_gain":0,"player_choice":"Fought Bandits","damage_taken":0,"max_hp_gain":0,"max_hp_loss":0,"event_name":"Masked Bandits","floor":29,"gold_loss":0},{"damage_healed":0,"gold_gain":0,"player_choice":"Obtained Relic","damage_taken":0,"relics_obtained":["Pen Nib"],"max_hp_gain":0,"max_hp_loss":0,"event_name":"Addict","floor":30,"gold_loss":85},{"damage_healed":0,"gold_gain":0,"player_choice":"Obtained Book","damage_taken":16,"max_hp_gain":0,"max_hp_loss":0,"event_name":"Cursed Tome","floor":31,"gold_loss":0},{"damage_healed":0,"gold_gain":0,"player_choice":"Rummage","damage_taken":0,"relics_obtained":["WarpedTongs"],"max_hp_gain":0,"max_hp_loss":0,"event_name":"Accursed Blacksmith","floor":36,"gold_loss":0,"cards_obtained":["Pain"]},{"damage_healed":0,"gold_gain":0,"cards_transformed":["Defend_R"],"player_choice":"Transformed","damage_taken":0,"max_hp_gain":0,"max_hp_loss":0,"event_name":"Transmorgrifier","floor":47,"gold_loss":0,"cards_obtained":["Infernal Blade"]}],"is_beta":true,"boss_relics":[{"not_picked":["Empty Cage","Runic Pyramid"],"picked":"Cursed Key"},{"not_picked":["Coffee Dripper","Mark of Pain"],"picked":"Black Star"}],"items_purged_floors":[5,10,22,28,38,53],"is_endless":false,"potions_floor_spawned":[3,4,13,14,18,19,25,29,37,39,48],"ascension_level":0}