{"gold_per_floor":[116,116,131,150,170,170,228,228,228,228,243,243,243,281,281,372,372,387,387,194,207,207,207,226,249,296,596,49,73,94,21,21,21],"floor_reached":33,"playtime":1771,"items_purged":["Pain"],"score":424,"play_id":"995fa9c7-c95b-400d-92e9-ef55c649a7ef","local_time":"20190416150036","is_ascension_mode":true,"campfire_choices":[{"data":"Bash","floor":6,"key":"SMITH"},{"data":"Corruption","floor":8,"key":"SMITH"},{"data":"Pommel Strike","floor":10,"key":"SMITH"},{"data":"Burning Pact","floor":15,"key":"SMITH"},{"floor":23,"key":"REST"},{"floor":32,"key":"REST"}],"neow_cost":"PERCENT_DAMAGE","seed_source_timestamp":1312000734662231,"circlet_count":0,"master_deck":["AscendersBane","Strike_R","Strike_R","Strike_R","Defend_R","Defend_R","Defend_R","Defend_R","Bash+1","Wild Strike","Pommel Strike+1","Inflame","Corruption+1","Burning Pact+1","Brutality","Shrug It Off","Rampage","Metallicize","Metallicize","Warcry","Headbutt","Dropkick","Pommel Strike","Warcry","Shockwave"],"relics":["Burning Blood","Tiny Chest","Ornamental Fan","Golden Idol","Torii","Shuriken","Empty Cage","WarpedTongs","Bronze Scales","Old Coin","Strange Spoon","Ginger"],"potions_floor_usage":[7,14,14,25,25,33],"damage_taken":[{"damage":0,"enemies":"Small Slimes","floor":1,"turns":4},{"damage":1,"enemies":"Cultist","floor":3,"turns":3},{"damage":3,"enemies":"Jaw Worm","floor":4,"turns":4},{"damage":21,"enemies":"Blue Slaver","floor":5,"turns":4},{"damage":16,"enemies":"Gremlin Nob","floor":7,"turns":3},{"damage":5,"enemies":"Large Slime","floor":11,"turns":6},{"damage":19,"enemies":"Lagavulin","floor":14,"turns":6},{"damage":59,"enemies":"Slime Boss","floor":16,"turns":12},{"damage":23,"enemies":"Spheric Guardian","floor":18,"turns":5},{"damage":25,"enemies":"Shell Parasite","floor":21,"turns":5},{"damage":2,"enemies":"Snecko","floor":24,"turns":6},{"damage":28,"enemies":"Centurion and Healer","floor":25,"turns":7},{"damage":18,"enemies":"Cultist and Chosen","floor":29,"turns":7},{"damage":23,"enemies":"Shelled Parasite and Fungi","floor":30,"turns":6},{"damage":57,"enemies":"Champ","floor":33,"turns":11}],"seed_played":"-3569574238888626479","potions_obtained":[{"floor":1,"key":"BloodPotion"},{"floor":4,"key":"Regen Potion"},{"floor":11,"key":"EssenceOfSteel"},{"floor":14,"key":"LiquidBronze"},{"floor":18,"key":"Poison Potion"},{"floor":30,"key":"Regen Potion"}],"is_trial":false,"path_per_floor":["M","?","M","M","M","R","E","R","T","R","M","?","T","E","R","B",null,"M","?","$","M","?","R","M","M","T","T","$","M","M","$","R","B"],"character_chosen":"IRONCLAD","items_purchased":["Rampage","Metallicize","Dropkick","Strange Spoon","Ginger","Shockwave"],"campfire_rested":2,"item_purchase_floors":[20,20,28,28,28,31],"current_hp_per_floor":[73,73,78,81,66,66,65,65,65,65,66,66,66,61,61,8,69,52,52,52,33,33,59,63,41,41,41,41,29,12,12,38,0],"gold":21,"neow_bonus":"TWENTY_PERCENT_HP_BONUS","is_prod":false,"is_daily":false,"chose_seed":false,"campfire_upgraded":4,"win_rate":0,"timestamp":1555405236,"path_taken":["M","?","M","M","M","R","E","R","T","R","?","?","?","E","R","BOSS","M","?","?","M","?","R","M","M","T","?","$","M","M","$","R","BOSS"],"build_version":"2019-01-23","purchased_purges":1,"victory":false,"max_hp_per_floor":[96,96,96,96,96,96,96,96,96,96,96,89,89,89,89,89,89,89,89,89,89,89,89,89,89,89,89,89,89,89,89,89,89],"card_choices":[{"not_picked":["Intimidate","Clothesline"],"picked":"Wild Strike","floor":1},{"not_picked":["Thunderclap","Rupture"],"picked":"Pommel Strike","floor":3},{"not_picked":["Body Slam","Bloodletting","Whirlwind"],"picked":"SKIP","floor":4},{"not_picked":["Shockwave","Bloodletting"],"picked":"Inflame","floor":5},{"not_picked":["Clash","Headbutt"],"picked":"Corruption","floor":7},{"not_picked":["Blood for Blood","Perfected Strike","Havoc"],"picked":"SKIP","floor":11},{"not_picked":["Impervious","Clash"],"picked":"Burning Pact","floor":14},{"not_picked":["Dark Embrace","Barricade"],"picked":"Brutality","floor":16},{"not_picked":["Wild Strike+1","Flex"],"picked":"Shrug It Off","floor":18},{"not_picked":["Heavy Blade","Cleave"],"picked":"Metallicize","floor":21},{"not_picked":["Perfected Strike","Rampage"],"picked":"Warcry","floor":24},{"not_picked":["Clash+1","Heavy Blade"],"picked":"Headbutt","floor":25},{"not_picked":["Wild Strike","Sword Boomerang"],"picked":"Pommel Strike","floor":29},{"not_picked":["Battle Trance","Twin Strike+1"],"picked":"Warcry","floor":30}],"player_experience":1163512,"relics_obtained":[{"floor":7,"key":"Tiny Chest"},{"floor":9,"key":"Ornamental Fan"},{"floor":13,"key":"Torii"},{"floor":14,"key":"Shuriken"},{"floor":26,"key":"Bronze Scales"},{"floor":27,"key":"Old Coin"}],"event_choices":[{"damage_healed":0,"gold_gain":0,"player_choice":"Bought 0 Potions","damage_taken":0,"max_hp_gain":0,"max_hp_loss":0,"event_name":"The Woman in Blue","floor":2,"gold_loss":0},{"damage_healed":0,"gold_gain":0,"player_choice":"Lose Max HP","damage_taken":0,"relics_obtained":["Golden Idol"],"max_hp_gain":0,"max_hp_loss":7,"event_name":"Golden Idol","floor":12,"gold_loss":0},{"damage_healed":0,"gold_gain":0,"player_choice":"Rummage","damage_taken":0,"relics_obtained":["WarpedTongs"],"max_hp_gain":0,"max_hp_loss":0,"event_name":"Accursed Blacksmith","floor":19,"gold_loss":0,"cards_obtained":["Pain"]},{"damage_healed":0,"gold_gain":0,"player_choice":"Ignored","damage_taken":0,"max_hp_gain":0,"max_hp_loss":0,"event_name":"Cursed Tome","floor":22,"gold_loss":0}],"is_beta":false,"boss_relics":[{"not_picked":["Calling Bell","Black Star"],"picked":"Empty Cage"}],"items_purged_floors":[20],"is_endless":false,"potions_floor_spawned":[1,4,11,14,18,30],"killed_by":"Champ","ascension_level":13}