{"gold_per_floor":[115,115,190,190,115,145,158,186,216,229,229,239,137,137],"floor_reached":14,"playtime":282,"items_purged":[],"score":246,"play_id":"ae8f8893-6fd0-402c-b332-670df2fb3c32","local_time":"20190413210354","is_ascension_mode":true,"campfire_choices":[{"floor":11,"key":"REST"}],"neow_cost":"NONE","seed_source_timestamp":287270460420600,"circlet_count":0,"master_deck":["AscendersBane","Strike_R","Strike_R","Strike_R","Strike_R","Defend_R","Defend_R","Defend_R","Bash+1","Shrug It Off"],"relics":["Burning Blood","NeowsBlessing","Pantograph","Singing Bowl","Tiny Chest","Omamori"],"potions_floor_usage":[10,14],"damage_taken":[{"damage":0,"enemies":"2 Louse","floor":1,"turns":1},{"damage":0,"enemies":"3 Sentries","floor":6,"turns":1},{"damage":0,"enemies":"Small Slimes","floor":7,"turns":1},{"damage":66,"enemies":"Gremlin Nob","floor":8,"turns":6},{"damage":1,"enemies":"Cultist","floor":10,"turns":3},{"damage":11,"enemies":"3 Louse","floor":12,"turns":7},{"damage":32,"enemies":"Lagavulin","floor":14,"turns":5}],"seed_played":"4150806390421298743","potions_obtained":[{"floor":7,"key":"FearPotion"},{"floor":12,"key":"SteroidPotion"}],"is_trial":false,"path_per_floor":["M","?","?","?","?","E","M","E","T","M","R","M","?","E"],"character_chosen":"IRONCLAD","items_purchased":[],"campfire_rested":1,"item_purchase_floors":[],"current_hp_per_floor":[74,74,63,56,56,62,68,10,10,17,40,37,37,5],"gold":137,"neow_bonus":"THREE_ENEMY_KILL","is_prod":false,"is_daily":false,"chose_seed":false,"campfire_upgraded":0,"win_rate":0,"timestamp":1555182234,"path_taken":["M","?","?","?","?","E","M","E","T","M","R","M","?","E"],"build_version":"2019-04-04","purchased_purges":0,"victory":false,"max_hp_per_floor":[75,75,75,75,75,75,75,77,77,79,79,81,81,81],"card_choices":[{"not_picked":["Pommel Strike","Sentinel","Disarm"],"picked":"SKIP","floor":1},{"not_picked":["Hemokinesis","Warcry","Wild Strike"],"picked":"SKIP","floor":6},{"not_picked":["Disarm","Heavy Blade"],"picked":"Shrug It Off","floor":7},{"not_picked":["Iron Wave","Battle Trance","Cleave"],"picked":"Singing Bowl","floor":8},{"not_picked":["Carnage","True Grit","Dropkick"],"picked":"Singing Bowl","floor":10},{"not_picked":["Thunderclap","Cleave","Warcry"],"picked":"Singing Bowl","floor":12}],"player_experience":1382777,"relics_obtained":[{"floor":6,"key":"Pantograph"},{"floor":8,"key":"Singing Bowl"},{"floor":9,"key":"Tiny Chest"}],"event_choices":[{"damage_healed":0,"gold_gain":0,"player_choice":"Grow","damage_taken":0,"max_hp_gain":0,"max_hp_loss":0,"event_name":"Living Wall","floor":2,"gold_loss":0,"cards_upgraded":["Bash"]},{"damage_healed":0,"gold_gain":75,"player_choice":"Gather Gold","damage_taken":11,"max_hp_gain":0,"max_hp_loss":0,"event_name":"World of Goop","floor":3,"gold_loss":0},{"cards_removed":["Strike_R"],"damage_healed":0,"gold_gain":0,"player_choice":"Card Removal","damage_taken":7,"max_hp_gain":0,"max_hp_loss":0,"event_name":"Golden Wing","floor":4,"gold_loss":0},{"cards_removed":["Defend_R"],"damage_healed":0,"gold_gain":0,"player_choice":"Card Removal","damage_taken":0,"max_hp_gain":0,"max_hp_loss":0,"event_name":"The Cleric","floor":5,"gold_loss":75},{"damage_healed":0,"gold_gain":0,"player_choice":"Paid Gold","damage_taken":0,"relics_obtained":["Omamori"],"max_hp_gain":0,"max_hp_loss":0,"event_name":"WeMeetAgain","floor":13,"gold_loss":102}],"is_beta":true,"boss_relics":[],"items_purged_floors":[],"is_endless":false,"potions_floor_spawned":[7,12],"killed_by":"Lagavulin","ascension_level":20}