{"gold_per_floor":[114,132,132,82,93,93,111,111,136,150,166,185,33,51,51,147,147,160,110,123,123],"floor_reached":21,"playtime":618,"items_purged":["Defend_R","Defend_R","Normality"],"score":200,"play_id":"e27c6929-7393-476c-821a-2ed95117fece","local_time":"20190217220250","is_ascension_mode":false,"campfire_choices":[{"data":"Bash","floor":6,"key":"SMITH"},{"data":"Strike_R","floor":15,"key":"SMITH"}],"neow_cost":"NONE","seed_source_timestamp":65475031948200,"circlet_count":0,"master_deck":["Strike_R","Strike_R","Strike_R","Strike_R","Strike_R+1","Defend_R","Bash+1","Shrug It Off","Clash","Shame","Pain"],"relics":["Burning Blood","Smiling Mask","Darkstone Periapt","Bag of Marbles","Calling Bell","Centennial Puzzle","Meat on the Bone","Magic Flower"],"potions_floor_usage":[16,16,16],"damage_taken":[{"damage":6,"enemies":"Jaw Worm","floor":1,"turns":5},{"damage":0,"enemies":"2 Louse","floor":2,"turns":3},{"damage":6,"enemies":"Cultist","floor":5,"turns":3},{"damage":15,"enemies":"Exordium Wildlife","floor":7,"turns":5},{"damage":8,"enemies":"Large Slime","floor":10,"turns":4},{"damage":0,"enemies":"2 Fungi Beasts","floor":11,"turns":4},{"damage":7,"enemies":"Blue Slaver","floor":12,"turns":3},{"damage":0,"enemies":"Large Slime","floor":14,"turns":4},{"damage":24,"enemies":"Slime Boss","floor":16,"turns":9},{"damage":63,"enemies":"Shell Parasite","floor":18,"turns":6},{"damage":30,"enemies":"Chosen","floor":20,"turns":6},{"damage":0,"enemies":"Shelled Parasite and Fungi","floor":21,"turns":1}],"seed_played":"-1338155677699612671","potions_obtained":[{"floor":2,"key":"SteroidPotion"},{"floor":10,"key":"Dexterity Potion"},{"floor":12,"key":"Weak Potion"},{"floor":14,"key":"PowerPotion"},{"floor":20,"key":"SpeedPotion"}],"is_trial":false,"path_per_floor":["M","M","?","$","M","R","M","?","T","M","M","M","$","M","R","B",null,"M","$","M","M"],"character_chosen":"IRONCLAD","items_purchased":["Strength Potion","Fire Potion"],"campfire_rested":0,"item_purchase_floors":[13,13],"current_hp_per_floor":[80,80,77,77,77,77,68,68,68,66,72,71,71,77,77,59,98,62,62,59,59],"gold":123,"neow_bonus":"REMOVE_CARD","is_prod":false,"is_daily":false,"chose_seed":false,"campfire_upgraded":2,"win_rate":0,"timestamp":1550437370,"path_taken":["M","M","?","$","M","R","M","?","T","?","M","M","$","M","R","BOSS","M","$","M","M"],"build_version":"2019-02-06","purchased_purges":3,"victory":false,"max_hp_per_floor":[80,80,80,80,80,80,80,80,80,80,80,80,80,80,80,80,98,98,98,98,98],"card_choices":[{"not_picked":["Warcry","Clothesline","Seeing Red"],"picked":"SKIP","floor":1},{"not_picked":["Pommel Strike","Warcry"],"picked":"Shrug It Off","floor":2},{"not_picked":["Clothesline","Shrug It Off","Armaments"],"picked":"SKIP","floor":5},{"not_picked":["Flex","Sword Boomerang","Bloodletting"],"picked":"SKIP","floor":7},{"not_picked":["Warcry","Burning Pact","Rupture"],"picked":"SKIP","floor":10},{"not_picked":["Reckless Charge","Infernal Blade"],"picked":"Clash","floor":11},{"not_picked":["Pommel Strike","Impervious","Clothesline"],"picked":"SKIP","floor":12},{"not_picked":["Spot Weakness","Warcry","Fire Breathing"],"picked":"SKIP","floor":14},{"not_picked":["Feel No Pain","Flame Barrier+1","Twin Strike"],"picked":"SKIP","floor":18},{"not_picked":["Clash","Pummel","Feel No Pain"],"picked":"SKIP","floor":20}],"player_experience":1155345,"relics_obtained":[{"floor":9,"key":"Bag of Marbles"},{"floor":17,"key":"Centennial Puzzle"},{"floor":17,"key":"Meat on the Bone"},{"floor":17,"key":"Magic Flower"}],"event_choices":[{"damage_healed":0,"gold_gain":0,"player_choice":"Success","damage_taken":3,"relics_obtained":["Smiling Mask"],"max_hp_gain":0,"max_hp_loss":0,"event_name":"Scrap Ooze","floor":3,"gold_loss":0},{"damage_healed":0,"gold_gain":0,"player_choice":"Gave Potion","damage_taken":0,"relics_obtained":["Darkstone Periapt"],"max_hp_gain":0,"max_hp_loss":0,"event_name":"WeMeetAgain","floor":8,"gold_loss":0}],"is_beta":true,"boss_relics":[{"not_picked":["Runic Dome","Coffee Dripper"],"picked":"Calling Bell"}],"items_purged_floors":[4,13,19],"is_endless":false,"potions_floor_spawned":[2,10,12,14,20],"killed_by":"Shelled Parasite and Fungi","ascension_level":0}