{"path_per_floor":["M","M","M","M","M","R","?","R","T","R","E","?","?","M","R"],"character_chosen":"IRONCLAD","items_purchased":[],"gold_per_floor":[119,138,154,170,181,181,181,181,235,235,269,269,269,287,287,287],"floor_reached":16,"campfire_rested":1,"playtime":467,"item_purchase_floors":[],"current_hp_per_floor":[39,44,38,27,13,13,13,13,13,37,31,57,41,44,44,0],"items_purged":[],"gold":287,"score":112,"play_id":"3f237cde-a59c-427d-af6f-59aecb1e5f8e","local_time":"20180623171354","is_prod":false,"is_daily":false,"chose_seed":false,"is_ascension_mode":true,"campfire_upgraded":3,"win_rate":0,"timestamp":1529799234,"campfire_choices":[{"data":"Fiend Fire","floor":6,"key":"SMITH"},{"data":"Inflame","floor":8,"key":"SMITH"},{"floor":10,"key":"REST"},{"data":"Armaments","floor":15,"key":"SMITH"}],"path_taken":["M","M","M","M","M","R","?","R","T","R","E","?","?","M","R","BOSS"],"build_version":"2018-06-11","seed_source_timestamp":161252067731135,"purchased_purges":0,"victory":false,"master_deck":["Strike_R","Strike_R+1","Strike_R","Strike_R","Strike_R","Defend_R","Defend_R","Defend_R","Defend_R","Bash+1","Fiend Fire+1","Disarm","Flex","Inflame+1","Clothesline","Armaments+1"],"max_hp_per_floor":[80,80,80,80,80,80,80,80,80,80,80,80,80,80,80,80],"special_seed":0,"relics":["Burning Blood","Boot","Bottled Lightning"],"card_choices":[{"not_picked":["Berserk","Impervious"],"picked":"Fiend Fire","floor":0},{"not_picked":["Anger","Hemokinesis"],"picked":"Disarm","floor":1},{"not_picked":["Clash","True Grit"],"picked":"Flex","floor":2},{"not_picked":["Wild Strike","Burning Pact","Perfected Strike"],"picked":"SKIP","floor":3},{"not_picked":["Clash","Brutality","Pummel"],"picked":"SKIP","floor":4},{"not_picked":["Rupture","Anger"],"picked":"Inflame","floor":5},{"not_picked":["Armaments","Impervious"],"picked":"Clothesline","floor":11},{"not_picked":["Sword Boomerang","Wild Strike"],"picked":"Armaments","floor":14}],"player_experience":154527,"potions_floor_usage":[11,11,16],"damage_taken":[{"damage":7,"enemies":"Jaw Worm","floor":1,"turns":3},{"damage":1,"enemies":"Cultist","floor":2,"turns":3},{"damage":12,"enemies":"Small Slimes","floor":3,"turns":5},{"damage":17,"enemies":"Exordium Wildlife","floor":4,"turns":4},{"damage":20,"enemies":"Large Slime","floor":5,"turns":11},{"damage":12,"enemies":"Gremlin Nob","floor":11,"turns":3},{"damage":3,"enemies":"3 Louse","floor":14,"turns":3},{"damage":46,"enemies":"Slime Boss","floor":16,"turns":7}],"relics_obtained":[{"floor":9,"key":"Boot"},{"floor":11,"key":"Bottled Lightning"}],"event_choices":[{"event_name":"Liars Game","player_choice":"disagreed","floor":7,"damage_taken":0},{"event_name":"Big Fish","player_choice":"Banana","floor":12,"damage_taken":0},{"event_name":"Shining Light","player_choice":"Entered Light","floor":13,"damage_taken":0}],"boss_relics":[],"items_purged_floors":[],"potions_floor_spawned":[2,5,11],"seed_played":"-5841418842848263435","killed_by":"Slime Boss","ascension_level":2,"potions_obtained":[{"floor":2,"key":"SteroidPotion"},{"floor":5,"key":"Explosive Potion"},{"floor":11,"key":"Fire Potion"}],"is_trial":false}