{"gold_per_floor":[117,41,41,58,58,58,88,101,101,118,145,164,164,183,183,258,258,271,85,95,95],"floor_reached":21,"playtime":637,"items_purged":["Normality"],"score":407,"play_id":"0f2063ae-053d-4065-9137-535e6568a410","local_time":"20190401223424","is_ascension_mode":true,"campfire_choices":[{"data":"Bludgeon","floor":6.0,"key":"SMITH"},{"data":"Bash","floor":13.0,"key":"SMITH"},{"data":"Flame Barrier","floor":15.0,"key":"SMITH"}],"neow_cost":"NONE","seed_source_timestamp":0,"circlet_count":0,"master_deck":["AscendersBane","Strike_R","Strike_R","Strike_R","Strike_R","Strike_R","Defend_R","Defend_R","Defend_R","Bash+1","Bludgeon+1","Flame Barrier+1","Limit Break","Injury","Regret","Shrug It Off","Sword Boomerang"],"special_seed":0,"relics":["Burning Blood","Dodecahedron","Strawberry","Singing Bowl","Shuriken","Calling Bell","Art of War","Pear","Turnip"],"potions_floor_usage":[16],"damage_taken":[{"damage":2.0,"enemies":"Jaw Worm","floor":1.0,"turns":3.0},{"damage":0.0,"enemies":"Cultist","floor":4.0,"turns":3.0},{"damage":40.0,"enemies":"Lagavulin","floor":7.0,"turns":4.0},{"damage":1.0,"enemies":"2 Louse","floor":8.0,"turns":3.0},{"damage":1.0,"enemies":"Looter","floor":10.0,"turns":2.0},{"damage":25.0,"enemies":"3 Sentries","floor":11.0,"turns":7.0},{"damage":14.0,"enemies":"Exordium Wildlife","floor":12.0,"turns":4.0},{"damage":12.0,"enemies":"Gremlin Gang","floor":14.0,"turns":9.0},{"damage":29,"enemies":"The Guardian","floor":16,"turns":9},{"damage":34,"enemies":"2 Thieves","floor":18,"turns":4},{"damage":61,"enemies":"3 Byrds","floor":20,"turns":5},{"damage":18,"enemies":"Colosseum Slavers","floor":21,"turns":1}],"seed_played":"-3657208498407668070","potions_obtained":[{"floor":7.0,"key":"Explosive Potion"},{"floor":10.0,"key":"FairyPotion"},{"floor":12.0,"key":"SpeedPotion"},{"floor":16,"key":"SpeedPotion"}],"is_trial":false,"path_per_floor":["M","?","$","M","?","R","E","M","T","M","E","M","R","M","R","B",null,"M","$","M","?"],"character_chosen":"IRONCLAD","items_purchased":["Shrug It Off","Sword Boomerang"],"campfire_rested":0,"item_purchase_floors":[19,19],"current_hp_per_floor":[72,72,72,75,75,75,48,53,53,60,43,37,37,33,33,10,80,54,54,12,0],"gold":95,"neow_bonus":"ONE_RANDOM_RARE_CARD","is_prod":false,"is_daily":false,"chose_seed":false,"campfire_upgraded":3,"win_rate":0,"timestamp":1554150864,"path_taken":["M","?","?","M","?","R","E","?","T","M","E","M","R","M","R","BOSS","M","$","?","?"],"build_version":"2019-03-15","purchased_purges":1,"victory":false,"max_hp_per_floor":[75,75,75,75,75,75,82,82,82,84,86,88,88,90,90,90,100,102,102,104,104],"card_choices":[{"not_picked":["Warcry","Perfected Strike","Armaments"],"picked":"SKIP","floor":1.0},{"not_picked":["Cleave","Spot Weakness","Wild Strike"],"picked":"SKIP","floor":4.0},{"not_picked":["Reaper","Warcry"],"picked":"Flame Barrier","floor":7.0},{"not_picked":["Bloodletting","Thunderclap","Warcry"],"picked":"SKIP","floor":8.0},{"not_picked":["Perfected Strike","Twin Strike","Armaments"],"picked":"Singing Bowl","floor":10.0},{"not_picked":["Body Slam","Uppercut","Double Tap"],"picked":"Singing Bowl","floor":11.0},{"not_picked":["Intimidate","Thunderclap","Flex"],"picked":"Singing Bowl","floor":12.0},{"not_picked":["Sever Soul","Disarm","Seeing Red"],"picked":"Singing Bowl","floor":14.0},{"not_picked":["Impervious","Juggernaut"],"picked":"Limit Break","floor":16},{"not_picked":["Perfected Strike","Clothesline","Body Slam+1"],"picked":"Singing Bowl","floor":18},{"not_picked":["Combust","Clash","Intimidate"],"picked":"Singing Bowl","floor":20}],"player_experience":1316431,"relics_obtained":[{"floor":7.0,"key":"Strawberry"},{"floor":9.0,"key":"Singing Bowl"},{"floor":11.0,"key":"Shuriken"},{"floor":17,"key":"Art of War"},{"floor":17,"key":"Pear"},{"floor":17,"key":"Turnip"}],"event_choices":[{"damage_healed":0.0,"max_hp_gain":0.0,"max_hp_loss":0.0,"gold_gain":0.0,"event_name":"WeMeetAgain","player_choice":"Paid Gold","floor":2.0,"gold_loss":76.0,"damage_taken":0.0,"relics_obtained":["Dodecahedron"]},{"cards_removed":["Defend_R"],"damage_healed":0.0,"max_hp_gain":0.0,"max_hp_loss":0.0,"gold_gain":0.0,"event_name":"Purifier","player_choice":"Purged","floor":5.0,"gold_loss":0.0,"damage_taken":0.0},{"damage_healed":0,"gold_gain":0,"player_choice":"Fight","damage_taken":0,"max_hp_gain":0,"max_hp_loss":0,"event_name":"Colosseum","floor":21,"gold_loss":0}],"is_beta":true,"boss_relics":[{"not_picked":["Philosopher\u0027s Stone","Mark of Pain"],"picked":"Calling Bell"}],"items_purged_floors":[19],"is_endless":false,"potions_floor_spawned":[7,10,12,14,16],"killed_by":"Colosseum Slavers","ascension_level":20}