{"gold_per_floor":[218,98,173,190,190,190,201,201,201,230,247,247,276,289,289,386,386,406,406,306,321,337,364,364,364,387,387,404,404,432,150,150,249,249,259,275,125,182,196,196,146,146,194,144,144,169,185,0,0,0],"floor_reached":50,"playtime":1540,"items_purged":["Defend_R","Defend_R","Strike_R","Strike_R+1","Strike_R+1","Strike_R+1"],"score":516,"play_id":"773d88bb-3515-45d3-ab1d-f2f4e706d028","local_time":"20190210001029","is_ascension_mode":false,"campfire_choices":[{"data":"Bash","floor":6,"key":"SMITH"},{"data":"Clash","floor":8,"key":"SMITH"},{"data":"Shrug It Off","floor":12,"key":"SMITH"},{"floor":15,"key":"REST"},{"data":"Strike_R","floor":25,"key":"SMITH"},{"data":"Strike_R","floor":27,"key":"SMITH"},{"floor":32,"key":"REST"},{"data":"Strike_R","floor":40,"key":"SMITH"},{"floor":42,"key":"REST"},{"floor":45,"key":"RECALL"},{"floor":49,"key":"REST"}],"neow_cost":"NONE","seed_source_timestamp":1855054214816200,"circlet_count":0,"master_deck":["Bash+1","Clash+1","Shrug It Off+1","Rage+1","Pummel+1","Cleave+1","Parasite"],"relics":["Burning Blood","Matryoshka","Bronze Scales","Astrolabe","Nloth\u0027s Gift","Gambling Chip","Orichalcum","Happy Flower","Calipers","Regal Pillow","Smiling Mask","Tiny Chest","Juzu Bracelet","Turnip","Red Mask"],"potions_floor_usage":[13,16,22,30,30,50,50],"damage_taken":[{"damage":0,"enemies":"2 Louse","floor":1,"turns":4},{"damage":0,"enemies":"Cultist","floor":4,"turns":3},{"damage":0,"enemies":"Jaw Worm","floor":7,"turns":4},{"damage":27,"enemies":"Gremlin Nob","floor":10,"turns":4},{"damage":7,"enemies":"Large Slime","floor":11,"turns":7},{"damage":8,"enemies":"3 Sentries","floor":13,"turns":7},{"damage":8,"enemies":"Lots of Slimes","floor":14,"turns":4},{"damage":27,"enemies":"Slime Boss","floor":16,"turns":13},{"damage":0,"enemies":"Chosen","floor":18,"turns":3},{"damage":1,"enemies":"Shell Parasite","floor":21,"turns":3},{"damage":0,"enemies":"Snecko","floor":22,"turns":3},{"damage":21,"enemies":"Slavers","floor":23,"turns":4},{"damage":16,"enemies":"Shelled Parasite and Fungi","floor":28,"turns":3},{"damage":18,"enemies":"Book of Stabbing","floor":30,"turns":4},{"damage":43,"enemies":"Collector","floor":33,"turns":9},{"damage":9,"enemies":"3 Darklings","floor":35,"turns":3},{"damage":0,"enemies":"Orb Walker","floor":36,"turns":2},{"damage":0,"enemies":"Jaw Worm Horde","floor":39,"turns":3},{"damage":23,"enemies":"Giant Head","floor":46,"turns":9},{"damage":0,"enemies":"Writhing Mass","floor":47,"turns":4},{"damage":75,"enemies":"Awakened One","floor":50,"turns":8}],"seed_played":"-6208531515561810711","potions_obtained":[{"floor":4,"key":"Explosive Potion"},{"floor":13,"key":"SkillPotion"},{"floor":18,"key":"Ancient Potion"},{"floor":28,"key":"SpeedPotion"},{"floor":29,"key":"Block Potion"},{"floor":29,"key":"Swift Potion"},{"floor":33,"key":"FairyPotion"},{"floor":46,"key":"LiquidBronze"},{"floor":47,"key":"Strength Potion"}],"is_trial":false,"path_per_floor":["M","$","?","M","?","R","M","R","T","E","M","R","E","M","R","B",null,"M","?","$","M","M","E","?","R","T","R","M","?","E","$","R","B",null,"M","M","$","T","M","R","$","R","T","$","R","E","M","?","R","B"],"character_chosen":"IRONCLAD","items_purchased":["Shrug It Off","Regal Pillow"],"campfire_rested":4,"item_purchase_floors":[2,31],"current_hp_per_floor":[80,80,69,75,80,80,85,85,85,64,63,63,61,59,84,63,85,85,85,85,85,85,70,70,70,70,70,60,60,48,48,85,48,85,82,85,85,85,85,85,85,85,85,85,85,68,74,74,85,10],"gold":0,"neow_bonus":"HUNDRED_GOLD","is_prod":false,"is_daily":false,"chose_seed":false,"campfire_upgraded":6,"win_rate":0,"timestamp":1549753829,"path_taken":["M","$","?","M","?","R","M","R","T","E","M","R","E","M","R","BOSS","M","?","$","M","?","E","?","R","T","R","M","?","E","$","R","BOSS","M","M","?","?","M","R","$","R","T","$","R","E","M","?","R","BOSS"],"build_version":"2019-02-06","purchased_purges":6,"victory":false,"max_hp_per_floor":[80,80,80,80,85,85,85,85,85,85,85,85,85,85,85,85,85,85,85,85,85,85,85,85,85,85,85,85,85,85,85,85,85,85,85,85,85,85,85,85,85,85,85,85,85,85,85,85,85,85],"card_choices":[{"not_picked":["Thunderclap","Feel No Pain"],"picked":"Clash","floor":1},{"not_picked":["Metallicize","Headbutt","Infernal Blade"],"picked":"SKIP","floor":4},{"not_picked":["Clothesline","Twin Strike","Corruption"],"picked":"SKIP","floor":7},{"not_picked":["Feel No Pain","Clothesline","Sentinel"],"picked":"SKIP","floor":10},{"not_picked":["Flame Barrier","Sword Boomerang","Thunderclap"],"picked":"SKIP","floor":11},{"not_picked":["Seeing Red","Spot Weakness","Sentinel"],"picked":"SKIP","floor":13},{"not_picked":["Clash","Armaments","Havoc"],"picked":"SKIP","floor":14},{"not_picked":["Body Slam","Battle Trance","Rampage"],"picked":"SKIP","floor":18},{"not_picked":["Metallicize","Corruption","True Grit"],"picked":"SKIP","floor":21},{"not_picked":["Immolate","Rampage","Pommel Strike"],"picked":"SKIP","floor":22},{"not_picked":["Rupture","True Grit","Havoc"],"picked":"SKIP","floor":23},{"not_picked":["True Grit","Flex","Twin Strike"],"picked":"SKIP","floor":28},{"not_picked":["Havoc","Limit Break","Immolate"],"picked":"SKIP","floor":30},{"not_picked":["Second Wind","Shrug It Off+1","Armaments+1"],"picked":"SKIP","floor":35},{"not_picked":["Body Slam","Clash+1","Thunderclap+1"],"picked":"SKIP","floor":36},{"not_picked":["Clash","Carnage","Flex+1"],"picked":"SKIP","floor":39},{"not_picked":["Dark Embrace","Iron Wave+1","Twin Strike"],"picked":"SKIP","floor":46},{"not_picked":["Sever Soul","Body Slam","Dual Wield+1"],"picked":"SKIP","floor":47}],"player_experience":1138860,"relics_obtained":[{"floor":9,"key":"Matryoshka"},{"floor":10,"key":"Bag of Marbles"},{"floor":13,"key":"Bronze Scales"},{"floor":23,"key":"Gambling Chip"},{"floor":26,"key":"Orichalcum"},{"floor":26,"key":"Happy Flower"},{"floor":30,"key":"Calipers"},{"floor":38,"key":"Smiling Mask"},{"floor":38,"key":"Tiny Chest"},{"floor":43,"key":"Juzu Bracelet"},{"floor":46,"key":"Turnip"}],"event_choices":[{"damage_healed":0,"gold_gain":75,"player_choice":"Gather Gold","damage_taken":11,"max_hp_gain":0,"max_hp_loss":0,"event_name":"World of Goop","floor":3,"gold_loss":0},{"damage_healed":0,"gold_gain":0,"player_choice":"Donut","damage_taken":0,"max_hp_gain":5,"max_hp_loss":0,"event_name":"Big Fish","floor":5,"gold_loss":0},{"damage_healed":0,"gold_gain":0,"player_choice":"Traded Relic","damage_taken":0,"relics_obtained":["Nloth\u0027s Gift"],"max_hp_gain":0,"max_hp_loss":0,"event_name":"N\u0027loth","floor":19,"relics_lost":["Bag of Marbles"],"gold_loss":0},{"damage_healed":0,"gold_gain":0,"player_choice":"Ignored","damage_taken":0,"max_hp_gain":0,"max_hp_loss":0,"event_name":"Vampires","floor":24,"gold_loss":0},{"damage_healed":0,"gold_gain":0,"player_choice":"Got Potions","damage_taken":0,"max_hp_gain":0,"max_hp_loss":0,"event_name":"Lab","floor":29,"gold_loss":0},{"damage_healed":0,"gold_gain":0,"player_choice":"Paid","damage_taken":0,"relics_obtained":["Red Mask"],"max_hp_gain":0,"max_hp_loss":0,"event_name":"Tomb of Lord Red Mask","floor":48,"gold_loss":185}],"is_beta":true,"boss_relics":[{"not_picked":["Black Star","Mark of Pain"],"picked":"Astrolabe"},{"not_picked":["Pandora\u0027s Box","Coffee Dripper","Snecko Eye"]}],"items_purged_floors":[2,20,31,37,41,44],"is_endless":false,"potions_floor_spawned":[4,13,18,28,33,46,47],"killed_by":"Awakened One","ascension_level":0}