{"gold_per_floor":[117,128,128,128,128,158,158,158,158,186,201,20,33,46,46,150,150,90,15,33,44,60,60],"floor_reached":23,"playtime":825,"items_purged":["Pain"],"score":294,"play_id":"7d9a9e5b-72e4-41c2-bf04-35dc1a673bbe","local_time":"20181012200329","is_ascension_mode":true,"campfire_choices":[{"floor":8,"key":"REST"},{"floor":15,"key":"REST"}],"neow_cost":"","seed_source_timestamp":89399117828100,"circlet_count":0,"master_deck":["Defend_G","Defend_G","Defend_G","Defend_G","Defend_G","Strike_G","Strike_G","Strike_G","Strike_G","Survivor","Neutralize","Dagger Spray","Blade Dance","Choke","Infinite Blades","Infinite Blades","Corpse Explosion","Sucker Punch","Infinite Blades","Adrenaline","Leg Sweep","Deflect"],"relics":["Ring of the Snake","Anchor","WarpedTongs","The Courier","Dodecahedron","PreservedInsect","Lantern","Black Star"],"potions_floor_usage":[6,13,18,23],"damage_taken":[{"damage":0,"enemies":"2 Louse","floor":1,"turns":4},{"damage":0,"enemies":"Small Slimes","floor":2,"turns":4},{"damage":37,"enemies":"Gremlin Nob","floor":6,"turns":5},{"damage":19,"enemies":"3 Sentries","floor":10,"turns":5},{"damage":4,"enemies":"Jaw Worm","floor":11,"turns":3},{"damage":3,"enemies":"Looter","floor":13,"turns":3},{"damage":0,"enemies":"Gremlin Gang","floor":14,"turns":1},{"damage":42,"enemies":"Slime Boss","floor":16,"turns":11},{"damage":17,"enemies":"2 Thieves","floor":18,"turns":4},{"damage":0,"enemies":"3 Byrds","floor":20,"turns":4},{"damage":13,"enemies":"Snecko","floor":21,"turns":6},{"damage":2,"enemies":"Centurion and Healer","floor":22,"turns":5},{"damage":24,"enemies":"Gremlin Leader","floor":23,"turns":4}],"seed_played":"-1735013504032886362","potions_obtained":[{"floor":1,"key":"Regen Potion"},{"floor":2,"key":"SkillPotion"},{"floor":6,"key":"SmokeBomb"},{"floor":22,"key":"Dexterity Potion"}],"is_trial":false,"path_per_floor":["M","M","?","?","?","E","T","R","T","E","M","$","M","M","R","B",null,"M","?","M","M","M"],"character_chosen":"THE_SILENT","items_purchased":["Corpse Explosion"],"campfire_rested":2,"item_purchase_floors":[12],"current_hp_per_floor":[63,63,63,63,63,26,26,47,47,28,24,24,30,30,51,9,55,38,38,38,25,23,0],"gold":60,"neow_bonus":"","is_prod":false,"is_daily":false,"chose_seed":false,"campfire_upgraded":0,"win_rate":0,"timestamp":1539399809,"path_taken":["M","M","?","?","?","E","?","R","T","E","M","$","?","M","R","BOSS","M","?","M","M","M","E"],"build_version":"2018-10-11","purchased_purges":1,"victory":false,"max_hp_per_floor":[70,70,70,70,70,70,70,70,70,70,70,70,70,70,70,70,70,70,70,70,70,70,70],"card_choices":[{"not_picked":["Leg Sweep","Bane"],"picked":"Dagger Spray","floor":1},{"not_picked":["Finisher","Sucker Punch"],"picked":"Blade Dance","floor":2},{"not_picked":["Quick Slash","PiercingWail"],"picked":"Infinite Blades","floor":6},{"not_picked":["Masterful Stab","Prepared"],"picked":"Infinite Blades","floor":10},{"not_picked":["Slice","Poisoned Stab","Flying Knee"],"picked":"SKIP","floor":11},{"not_picked":["Concentrate","Setup"],"picked":"Sucker Punch","floor":13},{"not_picked":["Bane","Grand Finale"],"picked":"Infinite Blades","floor":14},{"not_picked":["Die Die Die","Corpse Explosion"],"picked":"Adrenaline","floor":16},{"not_picked":["Catalyst+1","Outmaneuver"],"picked":"Leg Sweep","floor":20},{"not_picked":["Outmaneuver","Flying Knee","Dagger Throw"],"picked":"SKIP","floor":21},{"not_picked":["Catalyst","Dodge and Roll"],"picked":"Deflect","floor":22}],"player_experience":365709,"relics_obtained":[{"floor":6,"key":"The Courier"},{"floor":7,"key":"Dodecahedron"},{"floor":9,"key":"PreservedInsect"},{"floor":10,"key":"Lantern"}],"event_choices":[{"event_name":"Big Fish","player_choice":"Box","floor":3,"damage_taken":0},{"event_name":"Transmorgrifier","player_choice":"Transform","floor":4,"damage_taken":0},{"event_name":"Accursed Blacksmith","player_choice":"Rummage","floor":5,"damage_taken":0},{"event_name":"Beggar","player_choice":"Gave Gold","floor":19,"damage_taken":0}],"is_beta":true,"boss_relics":[{"not_picked":["White Beast Statue","Runic Dome"],"picked":"Black Star"}],"items_purged_floors":[12],"is_endless":false,"potions_floor_spawned":[1,2,6,18,22],"killed_by":"Gremlin Leader","ascension_level":9}