{"path_per_floor":["M","M","M","?","M","R","E","$","T","M","T","E","R","M","R","B",null,"M","?","M","$","M","E","?","$","T","R","M","M","M","M","R","B",null,"M","?","M","?","M","R","?","R","T","M","R","M","R","?","R"],"character_chosen":"IRONCLAD","items_purchased":["Cleave","Double Tap","Molten Egg 2"],"gold_per_floor":[116,126,144,144,157,157,187,64,117,127,127,152,152,162,162,260,260,278,478,493,253,271,297,297,50,50,50,68,88,99,115,115,210,210,220,220,238,238,248,248,248,248,248,263,263,275,275,0,0,0],"floor_reached":50,"campfire_rested":2,"playtime":1711,"item_purchase_floors":[],"current_hp_per_floor":[72,72,72,72,69,69,62,62,62,64,64,58,58,60,60,36,72,70,70,68,68,51,49,49,49,49,49,42,44,42,36,36,26,72,58,58,56,56,43,43,34,34,34,36,36,13,34,34,55,0],"items_purged":["Bash","Strike_R"],"gold":0,"score":526,"play_id":"50edeb83-8c52-4105-b6ae-42905b1a95e7","local_time":"20180604204917","is_prod":false,"is_daily":false,"chose_seed":false,"is_ascension_mode":true,"campfire_upgraded":8,"win_rate":0,"timestamp":1528170557,"campfire_choices":[{"data":"Pommel Strike","floor":6.0,"key":"SMITH"},{"data":"Shrug It Off","floor":13.0,"key":"SMITH"},{"data":"Cleave","floor":15.0,"key":"SMITH"},{"data":"Double Tap","floor":27.0,"key":"SMITH"},{"data":"Heavy Blade","floor":32.0,"key":"SMITH"},{"data":"Limit Break","floor":40,"key":"SMITH"},{"data":"Barricade","floor":42,"key":"SMITH"},{"data":"Shrug It Off","floor":45,"key":"SMITH"},{"floor":47,"key":"REST"},{"floor":49,"key":"REST"}],"path_taken":["M","M","?","?","M","R","E","$","T","M","?","E","R","M","R","BOSS","M","?","M","?","M","E","?","$","T","R","M","M","M","?","R","BOSS","M","?","?","?","M","R","?","R","T","M","R","M","R","?","R","BOSS"],"build_version":"2018-05-30v2","seed_source_timestamp":0,"purchased_purges":2,"victory":false,"master_deck":["Strike_R+1","Strike_R","Strike_R","Defend_R","Defend_R","Defend_R","Defend_R","Offering","Pommel Strike+1","Inflame+1","Shrug It Off+1","Disarm","Cleave+1","Shrug It Off+1","Offering","Limit Break+1","Heavy Blade+1","Double Tap+1","Twin Strike","Barricade+1","Madness","Madness","Body Slam+1"],"max_hp_per_floor":[72,72,72,72,72,72,72,72,72,72,72,72,72,72,72,72,72,72,72,72,72,72,72,72,72,72,72,72,72,72,72,72,72,72,72,72,72,72,72,72,72,72,72,72,72,72,72,72,72,72],"relics":["Burning Blood","Darkstone Periapt","Whetstone","Happy Flower","Lantern","Sozu","Pantograph","Molten Egg 2","Centennial Puzzle","Mark of Pain","Mummified Hand","Red Mask"],"card_choices":[{"not_picked":["Impervious","Limit Break"],"picked":"Offering","floor":0.0},{"not_picked":["Second Wind","Iron Wave"],"picked":"Pommel Strike","floor":1.0},{"not_picked":["Pommel Strike","Cleave"],"picked":"Inflame","floor":2.0},{"not_picked":["Blood for Blood","Spot Weakness"],"picked":"Shrug It Off","floor":3.0},{"not_picked":["Anger","Warcry","Clothesline"],"picked":"SKIP","floor":5.0},{"not_picked":["Burning Pact","Reckless Charge"],"picked":"Disarm","floor":7.0},{"not_picked":["Twin Strike","Armaments"],"picked":"Shrug It Off","floor":10.0},{"not_picked":["Twin Strike","Dropkick"],"picked":"Offering","floor":12.0},{"not_picked":["Wild Strike","Seeing Red","Searing Blow"],"picked":"SKIP","floor":14.0},{"not_picked":["Offering","Juggernaut"],"picked":"Limit Break","floor":16.0},{"not_picked":["Shrug It Off","Pummel"],"picked":"Heavy Blade","floor":18.0},{"not_picked":["Headbutt+1","Evolve+1","Combust"],"picked":"SKIP","floor":20.0},{"not_picked":["Entrench","Shockwave+1"],"picked":"Twin Strike","floor":22.0},{"not_picked":["Clothesline","Sword Boomerang+1","Ghostly Armor+1"],"picked":"SKIP","floor":23.0},{"not_picked":["Blood for Blood+1","Reckless Charge+1","Sword Boomerang+1"],"picked":"SKIP","floor":28.0},{"not_picked":["Perfected Strike+1","Dropkick+1","Cleave+1"],"picked":"SKIP","floor":29.0},{"not_picked":["Uppercut+1","Clash+1","Body Slam+1"],"picked":"SKIP","floor":30.0},{"not_picked":["Disarm","Spot Weakness","Feel No Pain"],"picked":"SKIP","floor":31.0},{"not_picked":["Double Tap","Demon Form"],"picked":"Barricade","floor":33.0},{"not_picked":["Heavy Blade+1","Flex","Twin Strike+1"],"picked":"SKIP","floor":35},{"not_picked":["Warcry","Bloodletting","Fire Breathing+1"],"picked":"SKIP","floor":37},{"not_picked":["Heavy Blade+1","Searing Blow+1","Ghostly Armor"],"picked":"SKIP","floor":39},{"not_picked":["Disarm+1","Anger+1"],"picked":"Body Slam+1","floor":44},{"not_picked":["Iron Wave+1","Wild Strike+1","Anger+1"],"picked":"SKIP","floor":46}],"player_experience":122688,"potions_floor_usage":[],"damage_taken":[{"damage":4.0,"enemies":"Cultist","floor":1.0,"turns":2.0},{"damage":5.0,"enemies":"Jaw Worm","floor":2.0,"turns":3.0},{"damage":4.0,"enemies":"Small Slimes","floor":3.0,"turns":3.0},{"damage":9.0,"enemies":"3 Louse","floor":5.0,"turns":3.0},{"damage":13.0,"enemies":"3 Sentries","floor":7.0,"turns":7.0},{"damage":4.0,"enemies":"Exordium Wildlife","floor":10.0,"turns":2.0},{"damage":12.0,"enemies":"Lagavulin","floor":12.0,"turns":4.0},{"damage":4.0,"enemies":"Blue Slaver","floor":14.0,"turns":3.0},{"damage":30.0,"enemies":"Slime Boss","floor":16.0,"turns":7.0},{"damage":8.0,"enemies":"Chosen","floor":18.0,"turns":2.0},{"damage":8.0,"enemies":"3 Byrds","floor":20.0,"turns":3.0},{"damage":23.0,"enemies":"Snake Plant","floor":22.0,"turns":2.0},{"damage":8.0,"enemies":"Gremlin Leader","floor":23.0,"turns":3.0},{"damage":13.0,"enemies":"3 Cultists","floor":28.0,"turns":4.0},{"damage":4.0,"enemies":"Chosen and Byrds","floor":29.0,"turns":3.0},{"damage":8.0,"enemies":"Centurion and Healer","floor":30.0,"turns":1.0},{"damage":12.0,"enemies":"Snake Plant","floor":31.0,"turns":3.0},{"damage":41.0,"enemies":"Champ","floor":33.0,"turns":8.0},{"damage":20,"enemies":"3 Darklings","floor":35,"turns":6},{"damage":8,"enemies":"Orb Walker","floor":37,"turns":3},{"damage":19,"enemies":"Spire Growth","floor":39,"turns":5},{"damage":4,"enemies":"Sphere and 2 Shapes","floor":44,"turns":3},{"damage":29,"enemies":"Flame Bruiser 2 Orb","floor":46,"turns":4},{"damage":77,"enemies":"Donu and Deca","floor":50,"turns":4}],"relics_obtained":[{"floor":7.0,"key":"Darkstone Periapt"},{"floor":9.0,"key":"Whetstone"},{"floor":11.0,"key":"Happy Flower"},{"floor":12.0,"key":"Lantern"},{"floor":23.0,"key":"Pantograph"},{"floor":26.0,"key":"Centennial Puzzle"},{"floor":43,"key":"Mummified Hand"}],"event_choices":[{"event_name":"Living Wall","player_choice":"Grow","floor":4.0,"damage_taken":0.0},{"event_name":"The Joust","player_choice":"Bet on Owner","floor":19.0,"damage_taken":0.0},{"event_name":"Addict","player_choice":"Ignored","floor":24.0,"damage_taken":0.0},{"event_name":"The Lab","player_choice":"Got Potions","floor":38,"damage_taken":0},{"event_name":"Winding Halls","player_choice":"Embrace Madness","floor":41,"damage_taken":0},{"event_name":"Tomb of Lord Red Mask","player_choice":"Paid","floor":48,"damage_taken":0}],"boss_relics":[{"not_picked":["Calling Bell","White Beast Statue"],"picked":"Mark of Pain"}],"items_purged_floors":[],"potions_floor_spawned":[1,5,7,10,14,16,20,28,30,35,37],"seed_played":"-2256052646920501067","killed_by":"Donu and Deca","ascension_level":1,"potions_obtained":[{"floor":1.0,"key":"PowerPotion"},{"floor":5.0,"key":"Energy Potion"},{"floor":7.0,"key":"SteroidPotion"},{"floor":10.0,"key":"GamblersBrew"},{"floor":14.0,"key":"BloodPotion"},{"floor":16.0,"key":"EssenceOfSteel"}],"is_trial":false}