{"gold_per_floor":[116,129,129,129,139,139,173,190,190,190],"floor_reached":10,"playtime":221,"items_purged":[],"score":136,"play_id":"82b474ce-f33f-4ef8-b674-7d7fa5982c21","local_time":"20190427175206","is_ascension_mode":true,"campfire_choices":[{"data":"Bash","floor":6,"key":"SMITH"}],"neow_cost":"TEN_PERCENT_HP_LOSS","seed_source_timestamp":1485504120715200,"circlet_count":0,"master_deck":["AscendersBane","Strike_R","Strike_R","Strike_R","Strike_R+1","Strike_R","Defend_R","Defend_R","Defend_R+1","Defend_R","Bash+1","Limit Break","Sword Boomerang"],"relics":["Burning Blood","Bottled Flame","Kunai"],"potions_floor_usage":[7],"damage_taken":[{"damage":1,"enemies":"2 Louse","floor":1,"turns":2},{"damage":6,"enemies":"Cultist","floor":2,"turns":3},{"damage":3,"enemies":"Small Slimes","floor":5,"turns":4},{"damage":45,"enemies":"Lagavulin","floor":7,"turns":8},{"damage":10,"enemies":"3 Louse","floor":8,"turns":5},{"damage":0,"enemies":"Blue Slaver","floor":10,"turns":2}],"seed_played":"6135775921887080904","potions_obtained":[{"floor":2,"key":"EssenceOfSteel"}],"is_trial":false,"path_per_floor":["M","M","?","$","M","R","E","M","T","M"],"character_chosen":"IRONCLAD","items_purchased":[],"campfire_rested":0,"item_purchase_floors":[],"current_hp_per_floor":[68,68,48,48,51,51,12,8,8,8],"gold":190,"neow_bonus":"THREE_RARE_CARDS","is_prod":false,"is_daily":false,"chose_seed":false,"campfire_upgraded":1,"win_rate":0,"timestamp":1556380326,"path_taken":["M","M","?","$","M","R","E","M","T","M"],"build_version":"2019-04-23","purchased_purges":0,"victory":false,"max_hp_per_floor":[68,68,68,68,68,68,68,68,68,68],"card_choices":[{"not_picked":["Dark Embrace","Fiend Fire"],"picked":"Limit Break","floor":0},{"not_picked":["Pommel Strike","Anger","Wild Strike"],"picked":"SKIP","floor":1},{"not_picked":["Clothesline","Anger","Flex"],"picked":"SKIP","floor":2},{"not_picked":["Flex","Pommel Strike"],"picked":"Sword Boomerang","floor":5},{"not_picked":["Wild Strike","Perfected Strike","Metallicize"],"picked":"SKIP","floor":7},{"not_picked":["Metallicize","Uppercut","Rupture"],"picked":"SKIP","floor":8}],"player_experience":1415739,"relics_obtained":[{"floor":7,"key":"Bottled Flame"},{"floor":9,"key":"Kunai"}],"event_choices":[{"damage_healed":0,"gold_gain":0,"player_choice":"Entered Light","damage_taken":20,"max_hp_gain":0,"max_hp_loss":0,"event_name":"Shining Light","floor":3,"gold_loss":0,"cards_upgraded":["Defend_R","Strike_R"]}],"is_beta":true,"boss_relics":[],"items_purged_floors":[],"is_endless":false,"potions_floor_spawned":[2],"killed_by":"Blue Slaver","ascension_level":20}