{"gold_per_floor":[112,187,205,205,220,253,253,269,269,269,234,234,262,262,262,341,341,354,354,371,296,308,338,338,338,385,385,395,30,57,75,75,150,150,164,164,184,202,110,145,145,172,197,223,242,242,242,262,262,262,262],"floor_reached":51,"playtime":3294,"items_purged":["Defend_R","Strike_R"],"score":1641,"play_id":"91c7c692-f8a7-4c26-9071-f093731f1621","local_time":"20190328230247","is_ascension_mode":true,"campfire_choices":[{"floor":7.0,"key":"REST"},{"data":"Bash","floor":10.0,"key":"SMITH"},{"data":"Immolate","floor":12.0,"key":"SMITH"},{"floor":15.0,"key":"DIG"},{"floor":24.0,"key":"REST"},{"floor":27.0,"key":"DIG"},{"data":"Limit Break","floor":32.0,"key":"SMITH"},{"data":"Limit Break","floor":41.0,"key":"SMITH"},{"floor":47.0,"key":"RECALL"},{"floor":49.0,"key":"REST"}],"neow_cost":"NONE","seed_source_timestamp":0,"circlet_count":0,"master_deck":["AscendersBane","Strike_R","Strike_R+1","Strike_R+1","Strike_R","Defend_R","Defend_R","Bash+1","Immolate+1","Inflame+1","Flame Barrier","Feed","Sword Boomerang","Shrug It Off","Limit Break+1","Inflame+1","Double Tap","Limit Break+1","Shrug It Off","Shrug It Off","Injury"],"special_seed":0,"relics":["Burning Blood","Bag of Preparation","Question Card","Shovel","Vajra","Lizard Tail","MutagenicStrength","Oddly Smooth Stone","Blood Vial","PreservedInsect","Membership Card","Bag of Marbles","Cursed Key","Orichalcum","Pantograph","Centennial Puzzle"],"potions_floor_usage":[51],"damage_taken":[{"damage":7.0,"enemies":"Jaw Worm","floor":1.0,"turns":3.0},{"damage":4.0,"enemies":"Small Slimes","floor":3.0,"turns":2.0},{"damage":3.0,"enemies":"2 Louse","floor":5.0,"turns":2.0},{"damage":35.0,"enemies":"Lagavulin","floor":6.0,"turns":6.0},{"damage":8.0,"enemies":"Lots of Slimes","floor":8.0,"turns":2.0},{"damage":10.0,"enemies":"3 Sentries","floor":13.0,"turns":3.0},{"damage":38.0,"enemies":"The Guardian","floor":16.0,"turns":10.0},{"damage":23.0,"enemies":"2 Thieves","floor":18.0,"turns":3.0},{"damage":7.0,"enemies":"3 Byrds","floor":20.0,"turns":4.0},{"damage":26.0,"enemies":"Cultist and Chosen","floor":22.0,"turns":5.0},{"damage":77.0,"enemies":"Book of Stabbing","floor":23.0,"turns":5.0},{"damage":10.0,"enemies":"Snecko","floor":28.0,"turns":3.0},{"damage":0.0,"enemies":"Gremlin Leader","floor":30.0,"turns":3.0},{"damage":3.0,"enemies":"Centurion and Healer","floor":31.0,"turns":4.0},{"damage":62.0,"enemies":"Collector","floor":33.0,"turns":6.0},{"damage":6.0,"enemies":"3 Shapes","floor":35.0,"turns":5.0},{"damage":22.0,"enemies":"3 Darklings","floor":37.0,"turns":3.0},{"damage":0.0,"enemies":"Transient","floor":38.0,"turns":6.0},{"damage":32.0,"enemies":"Nemesis","floor":40.0,"turns":3.0},{"damage":0.0,"enemies":"Reptomancer","floor":42.0,"turns":2.0},{"damage":25.0,"enemies":"Giant Head","floor":44.0,"turns":5.0},{"damage":15.0,"enemies":"Spire Growth","floor":45.0,"turns":3.0},{"damage":35.0,"enemies":"Sphere and 2 Shapes","floor":48.0,"turns":4.0},{"damage":49.0,"enemies":"Time Eater","floor":50.0,"turns":6.0},{"damage":103,"enemies":"Awakened One","floor":51,"turns":7}],"seed_played":"8933446020792069024","potions_obtained":[{"floor":1.0,"key":"EssenceOfSteel"},{"floor":5.0,"key":"Weak Potion"},{"floor":6.0,"key":"PowerPotion"},{"floor":16.0,"key":"BloodPotion"},{"floor":20.0,"key":"Strength Potion"},{"floor":23.0,"key":"SteroidPotion"},{"floor":31.0,"key":"Dexterity Potion"},{"floor":35.0,"key":"Swift Potion"},{"floor":37.0,"key":"SmokeBomb"},{"floor":40.0,"key":"BloodPotion"},{"floor":44.0,"key":"SpeedPotion"}],"is_trial":false,"path_per_floor":["M","?","M","?","M","E","R","M","T","R","?","R","E","?","R","B",null,"M","?","M","?","M","E","R","?","T","R","M","$","E","M","R","B",null,"M","?","M","M","$","E","R","E","T","E","M","?","R","M","R","B","B"],"character_chosen":"IRONCLAD","items_purchased":["Membership Card","Limit Break","AttackPotion","Regen Potion"],"campfire_rested":3,"item_purchase_floors":[29,29,29,39],"current_hp_per_floor":[67,56,58,35,38,9,31,29,29,29,47,47,43,48,48,16,64,58,58,60,60,43,22,48,48,48,48,46,46,54,62,62,8,71,76,76,62,70,70,46,46,63,63,60,56,56,56,29,58,45,0],"gold":262,"neow_bonus":"ONE_RANDOM_RARE_CARD","is_prod":false,"is_daily":false,"chose_seed":false,"campfire_upgraded":4,"win_rate":0,"timestamp":1553810567,"path_taken":["M","?","M","?","M","E","R","M","T","R","?","R","E","?","R","BOSS","M","?","M","?","M","E","R","?","T","R","?","$","E","M","R","BOSS","M","?","M","M","$","E","R","E","T","E","M","?","R","M","R","BOSS","BOSS"],"build_version":"2019-03-15","purchased_purges":2,"victory":false,"max_hp_per_floor":[75,75,75,75,75,75,75,75,75,75,75,75,75,80,80,80,80,83,83,86,86,89,89,89,89,89,89,89,89,89,92,92,92,92,95,95,95,95,95,95,95,95,95,95,98,98,98,98,98,101,101],"card_choices":[{"not_picked":["Entrench","Wild Strike"],"picked":"Inflame","floor":1.0},{"not_picked":["Flex","Carnage","Sever Soul"],"picked":"SKIP","floor":3.0},{"not_picked":["True Grit","Anger","Headbutt"],"picked":"SKIP","floor":5.0},{"not_picked":["Barricade","Armaments"],"picked":"Flame Barrier","floor":6.0},{"not_picked":["Flex","Pommel Strike","Bloodletting"],"picked":"SKIP","floor":8.0},{"not_picked":["Uppercut","True Grit","Disarm","Second Wind"],"picked":"SKIP","floor":13.0},{"not_picked":["Berserk","Dark Embrace","Bludgeon"],"picked":"Feed","floor":16.0},{"not_picked":["True Grit","Twin Strike","Rampage"],"picked":"Sword Boomerang","floor":18.0},{"not_picked":["Flex","Iron Wave","Fire Breathing","Twin Strike"],"picked":"SKIP","floor":20.0},{"not_picked":["Clash","Cleave","Thunderclap","Hemokinesis"],"picked":"SKIP","floor":22.0},{"not_picked":["Havoc","Juggernaut","Entrench","Sword Boomerang"],"picked":"SKIP","floor":23.0},{"not_picked":["Pommel Strike","Clash","True Grit+1"],"picked":"Shrug It Off","floor":28.0},{"not_picked":["Sword Boomerang","Clothesline","Thunderclap"],"picked":"Inflame+1","floor":30.0},{"not_picked":["Sword Boomerang","Flame Barrier+1","Perfected Strike"],"picked":"Double Tap","floor":31.0},{"not_picked":["Barricade","Demon Form","Impervious"],"picked":"Limit Break","floor":33.0},{"not_picked":["Wild Strike+1","Ghostly Armor+1","Warcry","Flex"],"picked":"SKIP","floor":35.0},{"not_picked":["Pommel Strike","Anger","Perfected Strike"],"picked":"Shrug It Off","floor":37.0},{"not_picked":["Clash+1","Warcry","Seeing Red+1","Shrug It Off"],"picked":"SKIP","floor":38.0},{"not_picked":["Immolate","Flex","Cleave","Metallicize"],"picked":"SKIP","floor":40.0},{"not_picked":["Entrench","True Grit","Flex"],"picked":"Shrug It Off","floor":42.0},{"not_picked":["Cleave","Thunderclap","Shrug It Off","True Grit+1"],"picked":"SKIP","floor":44.0},{"not_picked":["Shrug It Off+1","Flex","Clothesline","Warcry"],"picked":"SKIP","floor":45.0},{"not_picked":["Havoc","Clothesline","Anger+1","Perfected Strike"],"picked":"SKIP","floor":48.0}],"player_experience":1296452,"relics_obtained":[{"floor":6.0,"key":"Bag of Preparation"},{"floor":9.0,"key":"Question Card"},{"floor":13.0,"key":"Shovel"},{"floor":15.0,"key":"Vajra"},{"floor":23.0,"key":"Oddly Smooth Stone"},{"floor":26.0,"key":"Blood Vial"},{"floor":27.0,"key":"PreservedInsect"},{"floor":30.0,"key":"Bag of Marbles"},{"floor":40.0,"key":"Orichalcum"},{"floor":42.0,"key":"Pantograph"},{"floor":44.0,"key":"Centennial Puzzle"}],"event_choices":[{"damage_healed":0.0,"max_hp_gain":0.0,"max_hp_loss":0.0,"gold_gain":75.0,"event_name":"World of Goop","player_choice":"Gather Gold","floor":2.0,"gold_loss":0.0,"damage_taken":11.0},{"damage_healed":0.0,"max_hp_gain":0.0,"max_hp_loss":0.0,"gold_gain":0.0,"event_name":"Shining Light","player_choice":"Entered Light","floor":4.0,"gold_loss":0.0,"damage_taken":23.0,"cards_upgraded":["Strike_R","Strike_R"]},{"damage_healed":18.0,"max_hp_gain":0.0,"max_hp_loss":0.0,"gold_gain":0.0,"event_name":"The Cleric","player_choice":"Healed","floor":11.0,"gold_loss":35.0,"damage_taken":0.0},{"damage_healed":0.0,"max_hp_gain":5.0,"max_hp_loss":0.0,"gold_gain":0.0,"event_name":"Big Fish","player_choice":"Donut","floor":14.0,"gold_loss":0.0,"damage_taken":0.0},{"damage_healed":0.0,"max_hp_gain":0.0,"max_hp_loss":0.0,"gold_gain":0.0,"event_name":"Drug Dealer","player_choice":"Inject Mutagens","floor":19.0,"gold_loss":0.0,"damage_taken":0.0,"relics_obtained":["MutagenicStrength"]},{"cards_removed":["Defend_R"],"damage_healed":0.0,"max_hp_gain":0.0,"max_hp_loss":0.0,"gold_gain":0.0,"event_name":"Beggar","player_choice":"Gave Gold","floor":21.0,"gold_loss":75.0,"damage_taken":0.0},{"damage_healed":0.0,"max_hp_gain":0.0,"max_hp_loss":0.0,"gold_gain":0.0,"event_name":"Upgrade Shrine","player_choice":"Upgraded","floor":25.0,"gold_loss":0.0,"damage_taken":0.0,"cards_upgraded":["Inflame"]},{"damage_healed":0.0,"max_hp_gain":0.0,"max_hp_loss":0.0,"gold_gain":0.0,"event_name":"SensoryStone","player_choice":"Memory 1","floor":36.0,"gold_loss":0.0,"damage_taken":0.0},{"damage_healed":0.0,"max_hp_gain":0.0,"max_hp_loss":0.0,"gold_gain":0.0,"event_name":"Mysterious Sphere","player_choice":"Ignored","floor":46.0,"gold_loss":0.0,"damage_taken":0.0}],"is_beta":true,"boss_relics":[{"not_picked":["Orrery","Coffee Dripper"],"picked":"Lizard Tail"},{"not_picked":["Black Blood","Calling Bell"],"picked":"Cursed Key"}],"items_purged_floors":[29,39],"is_endless":false,"potions_floor_spawned":[1,5,6,16,20,23,31,35,37,40,44],"killed_by":"Awakened One","ascension_level":20}