{"gold_per_floor":[117,129,149,162,175,175,175,175,175,175,175,190,210,160,160,237,287,307,323,323,323],"floor_reached":21,"playtime":1039,"items_purged":[],"score":285,"play_id":"1d813fe9-972b-46c0-ac32-4f9e6d0538da","local_time":"20190503231415","is_ascension_mode":true,"campfire_choices":[{"data":"Zap","floor":6,"key":"SMITH"},{"data":"Dualcast","floor":8,"key":"SMITH"},{"floor":10,"key":"REST"},{"data":"FTL","floor":15,"key":"SMITH"}],"neow_cost":"NONE","seed_source_timestamp":586091559316910,"circlet_count":0,"master_deck":["AscendersBane","Strike_B","Strike_B","Strike_B","Defend_B","Defend_B+1","Defend_B","Defend_B","Zap+1","Dualcast+1","Glacier+1","Ball Lightning","Cold Snap+1","FTL+1","Loop+1","Chill","Coolheaded","Buffer"],"relics":["Cracked Core","Bag of Marbles","Tiny House"],"potions_floor_usage":[4,16,16,21],"damage_taken":[{"damage":5,"enemies":"Small Slimes","floor":1,"turns":3},{"damage":4,"enemies":"2 Louse","floor":2,"turns":2},{"damage":0,"enemies":"Cultist","floor":3,"turns":3},{"damage":9,"enemies":"Looter","floor":4,"turns":2},{"damage":7,"enemies":"2 Fungi Beasts","floor":5,"turns":3},{"damage":4,"enemies":"Red Slaver","floor":12,"turns":3},{"damage":12,"enemies":"Lots of Slimes","floor":13,"turns":4},{"damage":13,"enemies":"Hexaghost","floor":16,"turns":10},{"damage":0,"enemies":"Spheric Guardian","floor":18,"turns":6},{"damage":13,"enemies":"3 Byrds","floor":19,"turns":6},{"damage":73,"enemies":"3 Cultists","floor":21,"turns":7}],"seed_played":"3690066054158924720","potions_obtained":[{"floor":0,"key":"Dexterity Potion"},{"floor":0,"key":"SteroidPotion"},{"floor":12,"key":"Poison Potion"},{"floor":17,"key":"GamblersBrew"},{"floor":19,"key":"Regen Potion"}],"is_trial":false,"path_per_floor":["M","M","M","M","M","R","?","R","T","R","?","M","M","?","R","B",null,"M","M","?","M"],"character_chosen":"DEFECT","items_purchased":[],"campfire_rested":1,"item_purchase_floors":[],"current_hp_per_floor":[63,59,59,50,43,43,28,28,28,50,50,46,34,34,34,21,67,67,54,54,0],"gold":323,"neow_bonus":"THREE_SMALL_POTIONS","is_prod":false,"is_daily":false,"chose_seed":false,"campfire_upgraded":3,"win_rate":0,"timestamp":1556896455,"path_taken":["M","M","M","M","M","R","?","R","T","R","?","?","M","?","R","BOSS","M","M","?","M"],"build_version":"2019-01-23","purchased_purges":0,"victory":false,"max_hp_per_floor":[75,75,75,75,75,75,75,75,75,75,75,75,75,75,75,75,80,80,80,80,80],"card_choices":[{"not_picked":["Turbo","Cold Snap"],"picked":"Glacier","floor":1},{"not_picked":["Tempest","Gash"],"picked":"Ball Lightning","floor":2},{"not_picked":["Redo","Beam Cell"],"picked":"Cold Snap","floor":3},{"not_picked":["Aggregate","Ball Lightning"],"picked":"FTL","floor":4},{"not_picked":["Hyperbeam","Storm"],"picked":"Loop","floor":5},{"not_picked":["Hologram","Stack"],"picked":"Chill","floor":12},{"not_picked":["Auto Shields","Compile Driver"],"picked":"Coolheaded","floor":13},{"not_picked":["Amplify","Thunder Strike"],"picked":"Buffer","floor":16},{"not_picked":["Gash","Static Discharge","Compile Driver"],"picked":"SKIP","floor":18},{"not_picked":["Streamline","Gash","Redo"],"picked":"SKIP","floor":19}],"player_experience":471552,"relics_obtained":[{"floor":9,"key":"Bag of Marbles"}],"event_choices":[{"damage_healed":0,"gold_gain":0,"player_choice":"Entered Light","damage_taken":15,"max_hp_gain":0,"max_hp_loss":0,"event_name":"Shining Light","floor":7,"gold_loss":0,"cards_upgraded":["Cold Snap","Loop"]},{"damage_healed":0,"gold_gain":0,"player_choice":"Upgraded","damage_taken":0,"max_hp_gain":0,"max_hp_loss":0,"event_name":"Upgrade Shrine","floor":11,"gold_loss":0,"cards_upgraded":["Glacier"]},{"cards_removed":["Strike_B"],"damage_healed":0,"gold_gain":0,"player_choice":"Card Removal","damage_taken":0,"max_hp_gain":0,"max_hp_loss":0,"event_name":"The Cleric","floor":14,"gold_loss":50},{"damage_healed":0,"gold_gain":0,"player_choice":"Ignored","damage_taken":0,"max_hp_gain":0,"max_hp_loss":0,"event_name":"Ghosts","floor":20,"gold_loss":0}],"is_beta":false,"boss_relics":[{"not_picked":["Empty Cage","Fusion Hammer"],"picked":"Tiny House"}],"items_purged_floors":[],"is_endless":false,"potions_floor_spawned":[1,12,13,19],"killed_by":"3 Cultists","ascension_level":13}