{"gold_per_floor":[110,129,129,69,69,97,116,116,116,178,194,205,205],"floor_reached":13,"playtime":338,"items_purged":["Regret"],"score":220,"play_id":"a125243f-89a8-40ab-8d2b-7844c8df2f65","local_time":"20190418001456","is_ascension_mode":true,"campfire_choices":[{"data":"Bash","floor":8,"key":"SMITH"}],"neow_cost":"NONE","seed_source_timestamp":644292844842600,"circlet_count":0,"master_deck":["AscendersBane","Strike_R","Strike_R","Strike_R","Strike_R","Strike_R","Defend_R","Defend_R","Defend_R","Defend_R","Bash+1","Shrug It Off","Whirlwind","Shrug It Off","Bludgeon","Sword Boomerang"],"relics":["Burning Blood","NeowsBlessing","The Courier","Letter Opener","Smiling Mask","Mango"],"potions_floor_usage":[11,11],"damage_taken":[{"damage":0,"enemies":"Jaw Worm","floor":1,"turns":1},{"damage":0,"enemies":"Small Slimes","floor":2,"turns":1},{"damage":0,"enemies":"3 Sentries","floor":6,"turns":1},{"damage":1,"enemies":"2 Louse","floor":7,"turns":3},{"damage":56,"enemies":"Gremlin Nob","floor":10,"turns":5},{"damage":19,"enemies":"Large Slime","floor":11,"turns":8},{"damage":19,"enemies":"Exordium Thugs","floor":12,"turns":6},{"damage":20,"enemies":"Lagavulin","floor":13,"turns":4}],"seed_played":"-8950757401944416940","potions_obtained":[{"floor":1,"key":"Block Potion"},{"floor":2,"key":"SkillPotion"},{"floor":10,"key":"AttackPotion"}],"is_trial":false,"path_per_floor":["M","M","?","$","?","E","M","R","T","?","M","M","E"],"character_chosen":"IRONCLAD","items_purchased":[],"campfire_rested":0,"item_purchase_floors":[],"current_hp_per_floor":[74,75,75,75,64,70,75,75,75,39,26,13,0],"gold":205,"neow_bonus":"THREE_ENEMY_KILL","is_prod":false,"is_daily":false,"chose_seed":false,"campfire_upgraded":1,"win_rate":0,"timestamp":1555539296,"path_taken":["M","M","?","$","?","E","M","R","T","?","M","M","E"],"build_version":"2019-04-04","purchased_purges":1,"victory":false,"max_hp_per_floor":[75,75,75,75,75,75,75,75,75,89,89,89,89],"card_choices":[{"not_picked":["True Grit","Bloodletting"],"picked":"Shrug It Off","floor":1},{"not_picked":["Pommel Strike","Perfected Strike","Body Slam"],"picked":"SKIP","floor":2},{"not_picked":["Flex","Wild Strike"],"picked":"Whirlwind","floor":6},{"not_picked":["Flex","Intimidate","Carnage"],"picked":"SKIP","floor":7},{"not_picked":["Power Through","Blood for Blood"],"picked":"Shrug It Off","floor":10},{"not_picked":["Sentinel","Clothesline"],"picked":"Bludgeon","floor":11},{"not_picked":["Thunderclap","Perfected Strike"],"picked":"Sword Boomerang","floor":12}],"player_experience":1397147,"relics_obtained":[{"floor":6,"key":"Smiling Mask"},{"floor":10,"key":"Mango"}],"event_choices":[{"damage_healed":0,"gold_gain":0,"player_choice":"Box","damage_taken":0,"relics_obtained":["The Courier"],"max_hp_gain":0,"max_hp_loss":0,"event_name":"Big Fish","floor":3,"gold_loss":0,"cards_obtained":["Regret"]},{"damage_healed":0,"gold_gain":0,"player_choice":"Success","damage_taken":11,"relics_obtained":["Letter Opener"],"max_hp_gain":0,"max_hp_loss":0,"event_name":"Scrap Ooze","floor":5,"gold_loss":0},{"damage_healed":0,"gold_gain":0,"player_choice":"Searched \u00271\u0027 times","damage_taken":0,"max_hp_gain":0,"max_hp_loss":0,"event_name":"Dead Adventurer","floor":10,"gold_loss":0}],"is_beta":true,"boss_relics":[],"items_purged_floors":[4],"is_endless":false,"potions_floor_spawned":[1,2,7,10],"killed_by":"Lagavulin","ascension_level":20}