{"gold_per_floor":[13,24,124,140,140,140,65,103,130,166,186,186,186,205,205,328,328,349,173,173,53,72,72,112,112],"floor_reached":25,"playtime":824,"items_purged":["Writhe"],"score":219,"play_id":"868d811e-1267-48c3-8ece-e42269a0f6f3","local_time":"20181102221425","is_ascension_mode":false,"campfire_choices":[{"data":"Survivor","floor":6.0,"key":"SMITH"},{"floor":12.0,"key":"REST"},{"data":"Noxious Fumes","floor":15.0,"key":"SMITH"},{"data":"Cloak And Dagger","floor":23.0,"key":"SMITH"}],"neow_cost":"NO_GOLD","seed_source_timestamp":0,"circlet_count":0,"master_deck":["Defend_G","Defend_G","Defend_G","Defend_G","Defend_G","Strike_G","Strike_G","Strike_G","Strike_G","Strike_G","Survivor+1","Neutralize","Dash","Dagger Spray","Underhanded Strike","Crippling Poison","Dagger Throw","Sucker Punch","Noxious Fumes+1","Adrenaline","Noxious Fumes","Dagger Spray","Bouncing Flask","Cloak And Dagger+1"],"special_seed":0,"relics":["Ring of the Snake","Tough Bandages","Golden Idol","Bronze Scales","Potion Belt","Odd Mushroom","Kunai","Busted Crown","Letter Opener","Anchor"],"potions_floor_usage":[],"damage_taken":[{"damage":0.0,"enemies":"Jaw Worm","floor":1.0,"turns":5.0},{"damage":0.0,"enemies":"Cultist","floor":2.0,"turns":5.0},{"damage":0.0,"enemies":"Small Slimes","floor":4.0,"turns":4.0},{"damage":27.0,"enemies":"Lagavulin","floor":8.0,"turns":10.0},{"damage":12.0,"enemies":"The Mushroom Lair","floor":10.0,"turns":4.0},{"damage":2.0,"enemies":"Looter","floor":11.0,"turns":3.0},{"damage":0.0,"enemies":"Blue Slaver","floor":14.0,"turns":3.0},{"damage":25.0,"enemies":"Slime Boss","floor":16.0,"turns":12.0},{"damage":12.0,"enemies":"Spheric Guardian","floor":18.0,"turns":4.0},{"damage":12.0,"enemies":"2 Thieves","floor":22.0,"turns":4.0},{"damage":29.0,"enemies":"Slavers","floor":24.0,"turns":3.0},{"damage":7,"enemies":"Colosseum Slavers","floor":25,"turns":4},{"damage":25,"enemies":"Colosseum Nobs","floor":25,"turns":3}],"seed_played":"7835859524710422452","potions_obtained":[{"floor":1.0,"key":"SkillPotion"},{"floor":2.0,"key":"Block Potion"},{"floor":10.0,"key":"GamblersBrew"},{"floor":11.0,"key":"AttackPotion"},{"floor":14.0,"key":"Block Potion"},{"floor":18.0,"key":"Regen Potion"}],"is_trial":false,"path_per_floor":["M","M","?","M","?","R","$","E","T","?","M","R","T","M","R","B",null,"M","$","?","$","M","R","E","E","?"],"character_chosen":"THE_SILENT","items_purchased":["Crippling Poison","Noxious Fumes","Dagger Spray","Bouncing Flask","Cloak And Dagger"],"campfire_rested":1,"item_purchase_floors":[7,19,19,19,21],"current_hp_per_floor":[70,70,70,70,53,53,53,26,26,14,12,33,33,33,33,8,70,58,58,58,58,58,58,29,0],"gold":112,"neow_bonus":"ONE_RARE_RELIC","is_prod":false,"is_daily":false,"chose_seed":false,"campfire_upgraded":3,"win_rate":0,"timestamp":1541222065,"path_taken":["M","M","?","?","?","R","$","E","T","?","M","R","?","?","R","BOSS","M","$","?","$","M","R","E","?"],"build_version":"2018-11-01v2","purchased_purges":1,"victory":false,"max_hp_per_floor":[70,70,70,70,70,70,70,70,70,70,70,70,70,70,70,70,70,70,70,70,70,70,70,70,70],"card_choices":[{"not_picked":["Leg Sweep","Deadly Poison"],"picked":"Dash","floor":1.0},{"not_picked":["Slice","Acrobatics"],"picked":"Dagger Spray","floor":2.0},{"not_picked":["Predator","Deflect"],"picked":"Underhanded Strike","floor":4.0},{"not_picked":["Dodge and Roll","Finisher"],"picked":"Dagger Throw","floor":8.0},{"not_picked":["Dagger Spray","PiercingWail"],"picked":"Sucker Punch","floor":11.0},{"not_picked":["Deadly Poison","Prepared"],"picked":"Noxious Fumes","floor":14.0},{"not_picked":["Doppelganger","Bullet Time"],"picked":"Adrenaline","floor":16.0},{"not_picked":["Outmaneuver+1"],"picked":"SKIP","floor":18.0},{"not_picked":["Expertise"],"picked":"SKIP","floor":22.0},{"not_picked":["Calculated Gamble+1"],"picked":"SKIP","floor":24}],"player_experience":405244,"relics_obtained":[{"floor":8.0,"key":"Bronze Scales"},{"floor":9.0,"key":"Potion Belt"},{"floor":10.0,"key":"Odd Mushroom"},{"floor":13.0,"key":"Kunai"},{"floor":24,"key":"Anchor"}],"event_choices":[{"damage_healed":0.0,"max_hp_gain":0.0,"max_hp_loss":0.0,"gold_gain":100.0,"event_name":"Golden Shrine","player_choice":"Pray","floor":3.0,"gold_loss":0.0,"damage_taken":0.0},{"damage_healed":0.0,"max_hp_gain":0.0,"max_hp_loss":0.0,"gold_gain":0.0,"event_name":"Golden Idol","player_choice":"Take Damage","floor":5.0,"gold_loss":0.0,"damage_taken":17.0,"relics_obtained":["Golden Idol"]},{"damage_healed":0.0,"max_hp_gain":0.0,"max_hp_loss":0.0,"gold_gain":0.0,"event_name":"Mushrooms","player_choice":"Fought Mushrooms","floor":10.0,"gold_loss":0.0,"damage_taken":0.0},{"damage_healed":0.0,"max_hp_gain":0.0,"max_hp_loss":0.0,"gold_gain":0.0,"event_name":"The Mausoleum","player_choice":"Opened","floor":20.0,"gold_loss":0.0,"damage_taken":0.0,"relics_obtained":["Letter Opener"],"cards_obtained":["Writhe"]},{"damage_healed":0,"gold_gain":0,"player_choice":"Fight","damage_taken":0,"max_hp_gain":0,"max_hp_loss":0,"event_name":"Colosseum","floor":25,"gold_loss":0},{"damage_healed":0,"gold_gain":0,"player_choice":"Fought Nobs","damage_taken":0,"max_hp_gain":0,"max_hp_loss":0,"event_name":"Colosseum","floor":25,"gold_loss":0}],"is_beta":true,"boss_relics":[{"not_picked":["Snecko Eye","HoveringKite"],"picked":"Busted Crown"}],"items_purged_floors":[21],"is_endless":false,"potions_floor_spawned":[1,2,10,11,14,18],"killed_by":"Colosseum Nobs","ascension_level":0}