{"gold_per_floor":[114,114,114,39,39,82,82,43,92,130,130,144,164,202,202,291,291,311,140,140,163,163,196,196,196],"floor_reached":25,"playtime":628,"items_purged":["Defend_R"],"score":570,"play_id":"c3caf0c1-dd29-4575-8fa8-80c0393e41d9","local_time":"20190410215229","is_ascension_mode":true,"campfire_choices":[{"floor":7,"key":"REST"},{"data":"Inflame","floor":11,"key":"SMITH"},{"data":"Whirlwind","floor":15,"key":"SMITH"},{"floor":24,"key":"REST"}],"neow_cost":"NONE","seed_source_timestamp":30630496704800,"circlet_count":0,"master_deck":["AscendersBane","Strike_R","Strike_R","Strike_R","Strike_R","Defend_R","Defend_R","Defend_R","Bash+1","Inflame+1","Shrug It Off","Whirlwind+1","Offering","Feed","Limit Break","Twin Strike"],"relics":["Burning Blood","NeowsBlessing","Bloody Idol","Potion Belt","Happy Flower","Question Card","Velvet Choker","Regal Pillow"],"potions_floor_usage":[13,23,23,25],"damage_taken":[{"damage":0,"enemies":"Small Slimes","floor":1,"turns":1},{"damage":0,"enemies":"Gremlin Nob","floor":6,"turns":1},{"damage":0,"enemies":"3 Sentries","floor":10,"turns":2},{"damage":0,"enemies":"2 Louse","floor":12,"turns":3},{"damage":2,"enemies":"Jaw Worm","floor":13,"turns":3},{"damage":32,"enemies":"Gremlin Nob","floor":14,"turns":4},{"damage":34,"enemies":"The Guardian","floor":16,"turns":12},{"damage":23,"enemies":"Shell Parasite","floor":18,"turns":3},{"damage":9,"enemies":"2 Thieves","floor":21,"turns":2},{"damage":37,"enemies":"Gremlin Leader","floor":23,"turns":7},{"damage":72,"enemies":"Book of Stabbing","floor":25,"turns":4}],"seed_played":"2947412724239114701","potions_obtained":[{"floor":1,"key":"Poison Potion"},{"floor":12,"key":"Ancient Potion"},{"floor":13,"key":"Fruit Juice"},{"floor":16,"key":"Weak Potion"},{"floor":23,"key":"SpeedPotion"}],"is_trial":false,"path_per_floor":["M","?","?","$","?","E","R","$","T","E","R","M","M","E","R","B",null,"M","$","?","M","?","E","R","E"],"character_chosen":"IRONCLAD","items_purchased":["Inflame","Limit Break"],"campfire_rested":2,"item_purchase_floors":[8,19],"current_hp_per_floor":[74,74,48,48,41,47,69,69,69,75,75,75,80,54,54,26,67,53,53,53,50,50,27,67,0],"gold":196,"neow_bonus":"THREE_ENEMY_KILL","is_prod":false,"is_daily":false,"chose_seed":false,"campfire_upgraded":2,"win_rate":0,"timestamp":1554925949,"path_taken":["M","?","?","$","?","E","R","?","T","E","R","M","M","E","R","BOSS","M","$","?","M","?","E","R","E"],"build_version":"2019-04-04","purchased_purges":1,"victory":false,"max_hp_per_floor":[75,75,75,75,75,75,75,75,75,75,75,75,80,80,80,80,80,83,83,83,83,83,86,86,86],"card_choices":[{"not_picked":["Entrench","True Grit","Warcry"],"picked":"SKIP","floor":1},{"not_picked":["Warcry","Headbutt","True Grit"],"picked":"SKIP","floor":6},{"not_picked":["Flex","True Grit","Uppercut"],"picked":"SKIP","floor":10},{"not_picked":["Sword Boomerang","Clash"],"picked":"Shrug It Off","floor":12},{"not_picked":["Cleave","Armaments"],"picked":"Whirlwind","floor":13},{"not_picked":["Searing Blow","Intimidate"],"picked":"Offering","floor":14},{"not_picked":["Exhume","Juggernaut","Impervious"],"picked":"Feed","floor":16},{"not_picked":["Clothesline","Infernal Blade","Body Slam","Havoc"],"picked":"SKIP","floor":18},{"not_picked":["Anger","Twin Strike","Body Slam","Flex"],"picked":"SKIP","floor":21},{"not_picked":["Anger","Body Slam","Flex"],"picked":"Twin Strike","floor":21},{"not_picked":["Power Through","Armaments","Whirlwind","Evolve"],"picked":"SKIP","floor":23}],"player_experience":1353952,"relics_obtained":[{"floor":6,"key":"Potion Belt"},{"floor":10,"key":"Happy Flower"},{"floor":14,"key":"Question Card"},{"floor":23,"key":"Regal Pillow"}],"event_choices":[{"damage_healed":0,"gold_gain":0,"player_choice":"Grow","damage_taken":0,"max_hp_gain":0,"max_hp_loss":0,"event_name":"Living Wall","floor":2,"gold_loss":0,"cards_upgraded":["Bash"]},{"damage_healed":0,"gold_gain":0,"player_choice":"Take Damage","damage_taken":26,"relics_obtained":["Golden Idol"],"max_hp_gain":0,"max_hp_loss":0,"event_name":"Golden Idol","floor":3,"gold_loss":0},{"cards_removed":["Strike_R"],"damage_healed":0,"gold_gain":0,"player_choice":"Card Removal","damage_taken":7,"max_hp_gain":0,"max_hp_loss":0,"event_name":"Golden Wing","floor":5,"gold_loss":0},{"damage_healed":0,"gold_gain":0,"player_choice":"Ignored","damage_taken":0,"max_hp_gain":0,"max_hp_loss":0,"event_name":"Ghosts","floor":20,"gold_loss":0},{"damage_healed":0,"gold_gain":0,"player_choice":"Gave Idol","damage_taken":0,"relics_obtained":["Bloody Idol"],"max_hp_gain":0,"max_hp_loss":0,"event_name":"Forgotten Altar","floor":22,"relics_lost":["Golden Idol"],"gold_loss":0}],"is_beta":true,"boss_relics":[{"not_picked":["Philosopher\u0027s Stone","Tiny House"],"picked":"Velvet Choker"}],"items_purged_floors":[4],"is_endless":false,"potions_floor_spawned":[1,12,13,16,23],"killed_by":"Book of Stabbing","ascension_level":20}