{"gold_per_floor":[113,113,133,133,58,91,103,103,103,113,123,151,151,51,51,127,127,146,146,165,40,50,50,61,61,139,150,182,194,194,210,210,210],"floor_reached":33,"playtime":966,"items_purged":["Pain","Regret","Strike_R"],"score":588,"play_id":"3f65024e-ae06-4e55-99ea-6e5bf7b9ab43","local_time":"20190326195553","is_ascension_mode":true,"campfire_choices":[{"data":"Inflame","floor":13.0,"key":"SMITH"},{"floor":15.0,"key":"REST"},{"floor":23,"key":"REST"},{"floor":25,"key":"REST"},{"floor":30,"key":"REST"},{"floor":32,"key":"REST"}],"neow_cost":"PERCENT_DAMAGE","seed_source_timestamp":0,"circlet_count":0,"master_deck":["AscendersBane","Strike_R","Strike_R","Strike_R","Strike_R","Defend_R","Defend_R","Defend_R","Bash","Flame Barrier","Inflame+1","Sword Boomerang","Immolate","Feed"],"special_seed":0,"relics":["Burning Blood","WarpedTongs","Toxic Egg 2","PreservedInsect","Frozen Egg 2","Odd Mushroom","Philosopher\u0027s Stone","The Courier","Blood Vial"],"potions_floor_usage":[18,22,27,28,33,33],"damage_taken":[{"damage":1.0,"enemies":"2 Louse","floor":1.0,"turns":3.0},{"damage":6.0,"enemies":"Cultist","floor":3.0,"turns":3.0},{"damage":23.0,"enemies":"Lagavulin","floor":6.0,"turns":6.0},{"damage":0.0,"enemies":"Small Slimes","floor":7.0,"turns":2.0},{"damage":14.0,"enemies":"Red Slaver","floor":10.0,"turns":2.0},{"damage":7.0,"enemies":"3 Louse","floor":11.0,"turns":4.0},{"damage":25.0,"enemies":"The Mushroom Lair","floor":12.0,"turns":7.0},{"damage":46,"enemies":"Slime Boss","floor":16,"turns":10},{"damage":24,"enemies":"3 Byrds","floor":18,"turns":3},{"damage":12,"enemies":"Spheric Guardian","floor":20,"turns":3},{"damage":35,"enemies":"Centurion and Healer","floor":22,"turns":4},{"damage":2,"enemies":"3 Cultists","floor":24,"turns":3},{"damage":37,"enemies":"Shelled Parasite and Fungi","floor":27,"turns":4},{"damage":0,"enemies":"Gremlin Leader","floor":28,"turns":3},{"damage":0,"enemies":"Centurion and Healer","floor":29,"turns":5},{"damage":56,"enemies":"Sentry and Sphere","floor":31,"turns":6},{"damage":62,"enemies":"Collector","floor":33,"turns":6}],"seed_played":"4085429470707559398","potions_obtained":[{"floor":1.0,"key":"Weak Potion"},{"floor":10.0,"key":"EssenceOfSteel"},{"floor":16,"key":"SteroidPotion"},{"floor":20,"key":"SkillPotion"},{"floor":24,"key":"AttackPotion"},{"floor":27,"key":"Poison Potion"},{"floor":31,"key":"Ancient Potion"}],"is_trial":false,"path_per_floor":["M","?","M","?","$","E","M","?","T","M","M","?","R","$","R","B",null,"M","?","M","$","M","R","M","R","T","M","E","M","R","M","R","B"],"character_chosen":"IRONCLAD","items_purchased":[],"campfire_rested":5,"item_purchase_floors":[],"current_hp_per_floor":[69,69,69,69,69,52,58,58,58,50,49,30,30,30,56,16,71,53,45,39,39,10,36,40,66,66,35,41,49,75,27,53,0],"gold":210,"neow_bonus":"TWENTY_PERCENT_HP_BONUS","is_prod":false,"is_daily":false,"chose_seed":false,"campfire_upgraded":1,"win_rate":0,"timestamp":1553626553,"path_taken":["M","?","?","?","$","E","?","?","T","M","M","?","R","$","R","BOSS","M","?","M","$","?","R","M","R","T","M","E","M","R","M","R","BOSS"],"build_version":"2019-03-15","purchased_purges":3,"victory":false,"max_hp_per_floor":[89,89,89,89,89,89,89,89,89,89,89,89,89,89,89,89,89,89,89,89,89,89,89,89,89,89,89,89,89,89,89,89,89],"card_choices":[{"not_picked":["True Grit","Carnage"],"picked":"Flame Barrier","floor":1.0},{"not_picked":["Hemokinesis","Dropkick"],"picked":"Inflame","floor":3.0},{"not_picked":["Wild Strike","Searing Blow"],"picked":"Sword Boomerang","floor":6.0},{"not_picked":["Clash","Ghostly Armor+1","Perfected Strike"],"picked":"SKIP","floor":7.0},{"not_picked":["Wild Strike","Cleave","Clash"],"picked":"SKIP","floor":10.0},{"not_picked":["Warcry+1","Iron Wave","Rage+1"],"picked":"SKIP","floor":11.0},{"not_picked":["Double Tap+1","Dark Embrace+1"],"picked":"Immolate","floor":16},{"not_picked":["Burning Pact+1","Blood for Blood","Intimidate+1"],"picked":"SKIP","floor":18},{"not_picked":["Armaments+1","Headbutt","True Grit+1"],"picked":"SKIP","floor":20},{"not_picked":["Clothesline","Sword Boomerang","True Grit+1"],"picked":"SKIP","floor":22},{"not_picked":["Twin Strike","Battle Trance+1","Perfected Strike"],"picked":"SKIP","floor":24},{"not_picked":["Clash","True Grit+1","Heavy Blade"],"picked":"SKIP","floor":27},{"not_picked":["Body Slam","Feel No Pain+1","Havoc+1"],"picked":"SKIP","floor":28},{"not_picked":["Headbutt+1","Twin Strike","Clothesline"],"picked":"SKIP","floor":29},{"not_picked":["Headbutt","Thunderclap"],"picked":"Feed","floor":31}],"player_experience":1288420,"relics_obtained":[{"floor":6.0,"key":"Toxic Egg 2"},{"floor":9.0,"key":"Frozen Egg 2"},{"floor":12.0,"key":"Odd Mushroom"},{"floor":26,"key":"The Courier"},{"floor":28,"key":"Blood Vial"}],"event_choices":[{"cards_removed":["Defend_R"],"damage_healed":0.0,"max_hp_gain":0.0,"max_hp_loss":0.0,"gold_gain":0.0,"event_name":"Purifier","player_choice":"Purged","floor":2.0,"gold_loss":0.0,"damage_taken":0.0},{"damage_healed":0.0,"max_hp_gain":0.0,"max_hp_loss":0.0,"gold_gain":0.0,"event_name":"Accursed Blacksmith","player_choice":"Rummage","floor":4.0,"gold_loss":0.0,"damage_taken":0.0,"relics_obtained":["WarpedTongs"],"cards_obtained":["Pain"]},{"damage_healed":0.0,"max_hp_gain":0.0,"max_hp_loss":0.0,"gold_gain":0.0,"event_name":"Big Fish","player_choice":"Box","floor":8.0,"gold_loss":0.0,"damage_taken":0.0,"relics_obtained":["PreservedInsect"],"cards_obtained":["Regret"]},{"damage_healed":0.0,"max_hp_gain":0.0,"max_hp_loss":0.0,"gold_gain":0.0,"event_name":"Mushrooms","player_choice":"Fought Mushrooms","floor":12.0,"gold_loss":0.0,"damage_taken":0.0},{"damage_healed":0,"gold_gain":0,"player_choice":"","damage_taken":8,"max_hp_gain":0,"max_hp_loss":0,"event_name":"Knowing Skull","floor":19,"potions_obtained":[],"gold_loss":0,"cards_obtained":[]}],"is_beta":true,"boss_relics":[{"not_picked":["White Beast Statue","Tiny House"],"picked":"Philosopher\u0027s Stone"}],"items_purged_floors":[5,14,21],"is_endless":false,"potions_floor_spawned":[1,10,16,20,24,27,31],"killed_by":"Collector","ascension_level":20}