{"gold_per_floor":[113,188,188,54,54,54,81,96,96,96,111,35,64,79,79,151,151,163,178,195,85,10,10,22,22],"floor_reached":25,"playtime":2486,"items_purged":["Strike_B"],"score":448,"play_id":"2ec8bebf-a33e-4db6-a55c-c2dfe2f83007","local_time":"20190416133821","is_ascension_mode":true,"campfire_choices":[{"floor":6.0,"key":"REST"},{"data":"Defragment","floor":10.0,"key":"SMITH"},{"data":"Redo","floor":15.0,"key":"SMITH"},{"data":"Fission","floor":23,"key":"SMITH"}],"neow_cost":"NONE","seed_source_timestamp":1306297238531128,"circlet_count":0,"master_deck":["AscendersBane","Strike_B","Strike_B","Defend_B+1","Defend_B","Defend_B","Defend_B","Zap","Dualcast+1","Chill","Self Repair","Compile Driver","Sweeping Beam","Defragment+1","Coolheaded","Lockon","Fission+1","Redo+1","Echo Form","Compile Driver","Steam","Reinforced Body","Turbo+1"],"special_seed":0,"relics":["Cracked Core","NeowsBlessing","Mango","Symbiotic Virus","Dodecahedron","Anchor","Cursed Key"],"potions_floor_usage":[],"damage_taken":[{"damage":0.0,"enemies":"2 Louse","floor":1.0,"turns":1.0},{"damage":0.0,"enemies":"Lagavulin","floor":7.0,"turns":1.0},{"damage":0.0,"enemies":"Jaw Worm","floor":8.0,"turns":1.0},{"damage":0.0,"enemies":"Cultist","floor":11.0,"turns":3.0},{"damage":12.0,"enemies":"3 Sentries","floor":13.0,"turns":4.0},{"damage":0.0,"enemies":"2 Fungi Beasts","floor":14.0,"turns":3.0},{"damage":47.0,"enemies":"Hexaghost","floor":16.0,"turns":10.0},{"damage":14.0,"enemies":"3 Byrds","floor":18.0,"turns":7.0},{"damage":4.0,"enemies":"Spheric Guardian","floor":19.0,"turns":4.0},{"damage":14.0,"enemies":"Snake Plant","floor":20.0,"turns":4.0},{"damage":0,"enemies":"3 Cultists","floor":24,"turns":7},{"damage":90,"enemies":"Gremlin Leader","floor":25,"turns":10}],"seed_played":"-6305425061421685336","potions_obtained":[{"floor":1.0,"key":"FearPotion"},{"floor":7.0,"key":"EntropicBrew"},{"floor":11.0,"key":"Swift Potion"},{"floor":14.0,"key":"Weak Potion"},{"floor":19.0,"key":"SmokeBomb"},{"floor":20.0,"key":"Ancient Potion"}],"is_trial":false,"path_per_floor":["M","?","?","$","?","R","E","M","T","R","M","$","E","M","R","B",null,"M","M","M","?","$","R","M","E"],"character_chosen":"DEFECT","items_purchased":["Self Repair","Compile Driver","Lockon"],"campfire_rested":1,"item_purchase_floors":[4,4,12],"current_hp_per_floor":[64,53,56,56,56,81,85,85,85,85,85,85,80,80,80,40,74,74,84,84,84,84,84,84,0],"gold":22,"neow_bonus":"THREE_ENEMY_KILL","is_prod":false,"is_daily":false,"chose_seed":false,"campfire_upgraded":3,"win_rate":0,"timestamp":1555400301,"path_taken":["M","?","?","$","?","R","E","M","T","R","?","?","E","M","R","BOSS","M","M","M","?","?","R","?","E"],"build_version":"2019-01-23","purchased_purges":1,"victory":false,"max_hp_per_floor":[71,71,85,85,85,85,85,85,85,85,85,85,85,85,85,85,85,85,85,85,85,85,85,85,85],"card_choices":[{"not_picked":["Coolheaded","Gash"],"picked":"Chill","floor":1.0},{"not_picked":["Auto Shields","Glacier"],"picked":"Sweeping Beam","floor":7.0},{"not_picked":["Sweeping Beam","Go for the Eyes"],"picked":"Defragment","floor":8.0},{"not_picked":["Redo","Stack"],"picked":"Coolheaded","floor":11.0},{"not_picked":["Redo","Aggregate"],"picked":"Fission","floor":13.0},{"not_picked":["Sweeping Beam","Go for the Eyes"],"picked":"Redo","floor":14.0},{"not_picked":["Amplify","Fission"],"picked":"Echo Form","floor":16.0},{"not_picked":["Leap","Turbo+1"],"picked":"Compile Driver","floor":18.0},{"not_picked":["Tempest","Turbo"],"picked":"Steam","floor":19.0},{"not_picked":["Stack","Fusion"],"picked":"Reinforced Body","floor":20.0},{"not_picked":["Redo","Beam Cell"],"picked":"Turbo+1","floor":24}],"player_experience":1158048,"relics_obtained":[{"floor":7.0,"key":"Symbiotic Virus"},{"floor":9.0,"key":"Dodecahedron"},{"floor":13.0,"key":"Anchor"}],"event_choices":[{"damage_healed":0.0,"max_hp_gain":0.0,"max_hp_loss":0.0,"gold_gain":75.0,"event_name":"World of Goop","player_choice":"Gather Gold","floor":2.0,"gold_loss":0.0,"damage_taken":11.0},{"damage_healed":0.0,"max_hp_gain":0.0,"max_hp_loss":0.0,"gold_gain":0.0,"event_name":"Scrap Ooze","player_choice":"Success","floor":3.0,"gold_loss":0.0,"damage_taken":11.0,"relics_obtained":["Mango"]},{"damage_healed":0.0,"max_hp_gain":0.0,"max_hp_loss":0.0,"gold_gain":0.0,"event_name":"Living Wall","player_choice":"Grow","floor":5.0,"gold_loss":0.0,"damage_taken":0.0,"cards_upgraded":["Dualcast"]},{"cards_removed":["Strike_B"],"damage_healed":0,"gold_gain":0,"player_choice":"Upgrade and Remove","damage_taken":0,"max_hp_gain":0,"max_hp_loss":0,"event_name":"Designer","floor":21,"gold_loss":110,"cards_upgraded":["Defend_B"]}],"is_beta":false,"boss_relics":[{"not_picked":["Snecko Eye","Calling Bell"],"picked":"Cursed Key"}],"items_purged_floors":[22],"is_endless":false,"potions_floor_spawned":[1,7,11,14,19,20],"killed_by":"Gremlin Leader","ascension_level":18}