{"gold_per_floor":[363,363,376,393,233,233,245,270,315,9,9,9,9,20,20,97,97,113,13,91,65,76,76,89,89,158,158,176,176,196,111,111,111],"floor_reached":33,"playtime":1110,"items_purged":["Defend_G","Decay"],"score":494,"play_id":"fb994e0e-ee33-44bd-8a43-9a34a724c1bd","local_time":"20190120224624","is_ascension_mode":true,"campfire_choices":[{"data":"Neutralize","floor":6,"key":"SMITH"},{"data":"Caltrops","floor":12,"key":"SMITH"},{"data":"Footwork","floor":15,"key":"SMITH"},{"data":"Dodge and Roll","floor":23,"key":"SMITH"},{"data":"Dagger Spray","floor":25,"key":"SMITH"},{"floor":29,"key":"REST"},{"floor":32,"key":"REST"}],"neow_cost":"TEN_PERCENT_HP_LOSS","seed_source_timestamp":122354927668800,"circlet_count":0,"master_deck":["AscendersBane","Defend_G","Defend_G","Defend_G","Defend_G","Strike_G","Strike_G","Strike_G","Strike_G","Strike_G","Survivor","Neutralize+1","Blade Dance","Dodge and Roll+1","Dagger Spray+1","Footwork+1","Adrenaline+1","Caltrops+1","Cloak And Dagger+1","Burst+1","Decay","Clumsy","Dodge and Roll+1","Deadly Poison+1","Well Laid Plans","Necronomicurse","Deadly Poison+1","Crippling Poison+1"],"relics":["Ring of the Snake","FaceOfCleric","Toxic Egg 2","Art of War","Lee\u0027s Waffle","Meat on the Bone","Calling Bell","Anchor","Mummified Hand","FossilizedHelix","Sundial","Molten Egg 2","Necronomicon","Happy Flower"],"potions_floor_usage":[8,16,28,33,33],"damage_taken":[{"damage":7,"enemies":"Small Slimes","floor":1,"turns":4},{"damage":1,"enemies":"Cultist","floor":3,"turns":3},{"damage":0,"enemies":"2 Louse","floor":4,"turns":3},{"damage":0,"enemies":"Blue Slaver","floor":7,"turns":6},{"damage":52,"enemies":"Gremlin Nob","floor":8,"turns":6},{"damage":0,"enemies":"Lots of Slimes","floor":14,"turns":3},{"damage":50,"enemies":"Hexaghost","floor":16,"turns":13},{"damage":0,"enemies":"3 Byrds","floor":18,"turns":3},{"damage":0,"enemies":"2 Thieves","floor":21,"turns":4},{"damage":2,"enemies":"Snecko","floor":22,"turns":8},{"damage":0,"enemies":"Snake Plant","floor":24,"turns":5},{"damage":36,"enemies":"Chosen and Byrds","floor":28,"turns":6},{"damage":0,"enemies":"Centurion and Healer","floor":30,"turns":11},{"damage":69,"enemies":"Collector","floor":33,"turns":7}],"seed_played":"8818623670899720450","potions_obtained":[{"floor":1,"key":"LiquidBronze"},{"floor":14,"key":"PowerPotion"},{"floor":18,"key":"LiquidBronze"},{"floor":21,"key":"Fire Potion"},{"floor":30,"key":"Block Potion"}],"is_trial":false,"path_per_floor":["M","?","M","M","$","R","M","E","T","$","?","R","T","M","R","B",null,"M","$","T","M","M","R","M","R","T","?","M","R","M","?","R","B"],"character_chosen":"THE_SILENT","items_purchased":["Footwork","Lee\u0027s Waffle","Caltrops"],"campfire_rested":2,"item_purchase_floors":[5,10,10],"current_hp_per_floor":[52,52,52,53,53,53,54,3,3,71,71,71,71,72,72,35,64,65,65,65,66,65,65,66,66,66,45,22,45,46,46,69,0],"gold":111,"neow_bonus":"TWO_FIFTY_GOLD","is_prod":false,"is_daily":false,"chose_seed":false,"campfire_upgraded":5,"win_rate":0,"timestamp":1548020784,"path_taken":["M","?","?","M","$","R","?","E","T","?","?","R","?","M","R","BOSS","M","$","?","M","?","R","?","R","T","?","M","R","M","?","R","BOSS"],"build_version":"2019-01-19","purchased_purges":2,"victory":false,"max_hp_per_floor":[60,60,61,62,62,62,63,64,64,71,71,71,71,72,72,73,73,74,74,74,75,76,76,77,77,77,77,78,78,79,79,79,79],"card_choices":[{"not_picked":["Concentrate","Quick Slash"],"picked":"Blade Dance","floor":1},{"not_picked":["Blade Dance","Dagger Throw"],"picked":"Dodge and Roll","floor":3},{"not_picked":["Prepared","Poisoned Stab"],"picked":"Dagger Spray","floor":4},{"not_picked":["PiercingWail","Cloak And Dagger","Tactician"],"picked":"SKIP","floor":7},{"not_picked":["Calculated Gamble","Predator"],"picked":"Adrenaline","floor":8},{"not_picked":["Distraction+1","Catalyst+1"],"picked":"Cloak And Dagger+1","floor":14},{"not_picked":["Tools of the Trade","Phantasmal Killer+1"],"picked":"Burst+1","floor":16},{"not_picked":["Flying Knee","Slice"],"picked":"Dodge and Roll+1","floor":18},{"not_picked":["Quick Slash","Reflex+1"],"picked":"Deadly Poison+1","floor":21},{"not_picked":["Flying Knee","Burst+1"],"picked":"Well Laid Plans","floor":22},{"not_picked":["Prepared+1","Skewer","Acrobatics+1"],"picked":"SKIP","floor":24},{"not_picked":["Bane+1","Acrobatics+1"],"picked":"Deadly Poison+1","floor":28},{"not_picked":["Underhanded Strike+1","Dagger Throw+1"],"picked":"Crippling Poison+1","floor":30}],"player_experience":1063336,"relics_obtained":[{"floor":8,"key":"Toxic Egg 2"},{"floor":9,"key":"Art of War"},{"floor":13,"key":"Meat on the Bone"},{"floor":17,"key":"Anchor"},{"floor":17,"key":"Mummified Hand"},{"floor":17,"key":"FossilizedHelix"},{"floor":20,"key":"Sundial"},{"floor":26,"key":"Molten Egg 2"},{"floor":27,"key":"Necronomicon"}],"event_choices":[{"damage_healed":0,"gold_gain":0,"player_choice":"Trade","damage_taken":0,"relics_obtained":["FaceOfCleric"],"max_hp_gain":0,"max_hp_loss":0,"event_name":"FaceTrader","floor":2,"gold_loss":0},{"damage_healed":0,"gold_gain":0,"player_choice":"Ignored","damage_taken":0,"max_hp_gain":0,"max_hp_loss":0,"event_name":"Liars Game","floor":11,"gold_loss":0},{"damage_healed":0,"gold_gain":0,"player_choice":"Obtained Book","damage_taken":21,"max_hp_gain":0,"max_hp_loss":0,"event_name":"Cursed Tome","floor":27,"gold_loss":0},{"damage_healed":0,"gold_gain":0,"player_choice":"Obtained Relic","damage_taken":0,"relics_obtained":["Happy Flower"],"max_hp_gain":0,"max_hp_loss":0,"event_name":"Addict","floor":31,"gold_loss":85}],"is_beta":true,"boss_relics":[{"not_picked":["HoveringKite","Ectoplasm"],"picked":"Calling Bell"}],"items_purged_floors":[5,19],"is_endless":false,"potions_floor_spawned":[1,14,18,21,22,30],"killed_by":"Collector","ascension_level":20}