{"gold_per_floor":[111,131,73,73,123,123,158,168,168,88,17,17,47,61,61,135,135,154,172,184,184,202,202,219,219,219,219,0,26,38,53,53,131,131,147,166,86,106,116,116,149,0,24,39,39,66,78,78,78,78],"floor_reached":51,"playtime":5361,"items_purged":["Writhe","Strike_B"],"score":1309,"play_id":"92f3eeaf-cb35-4828-9f55-c40706048449","local_time":"20190503163602","is_ascension_mode":true,"campfire_choices":[{"data":"Doom and Gloom","floor":6.0,"key":"SMITH"},{"floor":12.0,"key":"REST"},{"floor":15.0,"key":"REST"},{"floor":23.0,"key":"REST"},{"data":"Echo Form","floor":32,"key":"SMITH"},{"floor":40,"key":"REST"},{"data":"Defragment","floor":45,"key":"SMITH"},{"data":"Meteor Strike","floor":49,"key":"SMITH"}],"neow_cost":"NONE","seed_source_timestamp":2782468001464791,"circlet_count":0,"master_deck":["AscendersBane","Strike_B","Defend_B","Defend_B","Defend_B","Defend_B","Zap","Dualcast","Doom and Gloom+1","Hologram","Compile Driver","Electrodynamics","Redo+1","Coolheaded+1","Hologram+1","Self Repair","Leap+1","Cold Snap","Echo Form+1","Force Field+1","Sweeping Beam","Undo+1","Reboot+1","Core Surge","Conserve Battery+1","Necronomicurse","Meteor Strike+1","Coolheaded+1","Electrodynamics","Defragment+1","Parasite","Tempest+1","Static Discharge"],"special_seed":0,"relics":["Cracked Core","Toxic Egg 2","The Courier","Gambling Chip","Snecko Eye","Necronomicon","Bird Faced Urn","Juzu Bracelet","Nunchaku","Sozu","Pocketwatch","Red Mask","Bronze Scales","Boot"],"potions_floor_usage":[41,50],"damage_taken":[{"damage":5.0,"enemies":"2 Louse","floor":1.0,"turns":2.0},{"damage":15.0,"enemies":"Small Slimes","floor":2.0,"turns":3.0},{"damage":42.0,"enemies":"3 Sentries","floor":7.0,"turns":5.0},{"damage":4.0,"enemies":"Cultist","floor":8.0,"turns":4.0},{"damage":3.0,"enemies":"Gremlin Nob","floor":13.0,"turns":3.0},{"damage":9.0,"enemies":"Red Slaver","floor":14.0,"turns":4.0},{"damage":13.0,"enemies":"Slime Boss","floor":16.0,"turns":8.0},{"damage":16.0,"enemies":"Shell Parasite","floor":18.0,"turns":3.0},{"damage":1.0,"enemies":"3 Byrds","floor":19.0,"turns":3.0},{"damage":17.0,"enemies":"Snake Plant","floor":20.0,"turns":4.0},{"damage":20.0,"enemies":"Snecko","floor":22.0,"turns":5.0},{"damage":0.0,"enemies":"3 Cultists","floor":24.0,"turns":3.0},{"damage":1,"enemies":"Gremlin Leader","floor":29,"turns":4},{"damage":0,"enemies":"Centurion and Healer","floor":30,"turns":2},{"damage":0,"enemies":"Chosen and Byrds","floor":31,"turns":6},{"damage":8,"enemies":"Collector","floor":33,"turns":9},{"damage":0,"enemies":"Orb Walker","floor":35,"turns":4},{"damage":0,"enemies":"3 Darklings","floor":36,"turns":3},{"damage":0,"enemies":"4 Shapes","floor":38,"turns":3},{"damage":32,"enemies":"Jaw Worm Horde","floor":39,"turns":3},{"damage":52,"enemies":"Giant Head","floor":41,"turns":10},{"damage":3,"enemies":"Writhing Mass","floor":44,"turns":9},{"damage":62,"enemies":"Nemesis","floor":46,"turns":5},{"damage":0,"enemies":"Spire Growth","floor":47,"turns":3},{"damage":57,"enemies":"Awakened One","floor":50,"turns":12}],"seed_played":"5971887456877879453","potions_obtained":[{"floor":1.0,"key":"Ancient Potion"},{"floor":8.0,"key":"Swift Potion"},{"floor":16.0,"key":"Strength Potion"},{"floor":18.0,"key":"SpeedPotion"},{"floor":24.0,"key":"SneckoOil"},{"floor":30,"key":"Poison Potion"}],"is_trial":false,"path_per_floor":["M","M","$","?","?","R","E","M","T","$","$","R","E","M","R","B",null,"M","M","M","?","M","R","M","?","T","?","$","E","M","M","R","B",null,"M","M","$","M","M","R","E","?","T","M","R","E","M","?","R","B",null],"character_chosen":"DEFECT","items_purchased":["Compile Driver","Coolheaded+1","Hologram+1","Self Repair","Meteor Strike","Coolheaded+1"],"campfire_rested":4,"item_purchase_floors":[3,10,10,11,28,28],"current_hp_per_floor":[66,51,51,56,56,56,14,10,10,10,10,34,31,22,46,33,71,62,68,58,58,52,76,76,55,55,55,55,76,78,83,83,83,83,83,83,83,83,51,75,42,42,42,69,69,26,28,83,83,34],"gold":78,"neow_bonus":"TEN_PERCENT_HP_BONUS","is_prod":false,"is_daily":false,"chose_seed":false,"campfire_upgraded":4,"win_rate":0,"timestamp":1556879762,"path_taken":["M","M","$","?","?","R","E","?","T","?","$","R","E","M","R","BOSS","M","M","M","?","M","R","M","?","T","?","$","E","M","M","R","BOSS","M","M","$","M","M","R","E","?","T","M","R","E","M","?","R","BOSS"],"build_version":"2019-01-23","purchased_purges":2,"victory":true,"max_hp_per_floor":[78,78,78,83,83,83,83,83,83,83,83,83,83,83,83,83,83,83,83,83,83,83,83,83,83,83,83,83,83,83,83,83,83,83,83,83,83,83,83,83,83,83,83,83,83,83,83,83,83,83],"card_choices":[{"not_picked":["Reinforced Body","Skim"],"picked":"Doom and Gloom","floor":1.0},{"not_picked":["Barrage","Gash"],"picked":"Hologram","floor":2.0},{"not_picked":["Compile Driver","Rebound"],"picked":"Electrodynamics","floor":7.0},{"not_picked":["Stack+1","Turbo+1"],"picked":"Redo+1","floor":8.0},{"not_picked":["Heatsinks","Chaos+1"],"picked":"Leap+1","floor":13.0},{"not_picked":["Compile Driver","Rebound"],"picked":"Cold Snap","floor":14.0},{"not_picked":["Machine Learning","Biased Cognition"],"picked":"Echo Form","floor":16.0},{"not_picked":["Hologram+1","Hello World"],"picked":"Force Field+1","floor":18.0},{"not_picked":["Hologram+1","Cold Snap"],"picked":"Sweeping Beam","floor":19.0},{"not_picked":["Sweeping Beam","Chaos+1"],"picked":"Undo+1","floor":20.0},{"not_picked":["Cold Snap","Turbo+1","Storm"],"picked":"SKIP","floor":22.0},{"not_picked":["Turbo+1","Sweeping Beam"],"picked":"Conserve Battery+1","floor":24.0},{"not_picked":["BootSequence+1","Blizzard"],"picked":"Electrodynamics","floor":29},{"not_picked":["Beam Cell","Barrage","Hologram+1"],"picked":"SKIP","floor":30},{"not_picked":["Self Repair","Conserve Battery+1","Coolheaded+1"],"picked":"SKIP","floor":31},{"not_picked":["Go for the Eyes","Compile Driver","Turbo+1"],"picked":"SKIP","floor":35},{"not_picked":["Reprogram+1","Conserve Battery+1"],"picked":"Defragment","floor":36},{"not_picked":["Double Energy+1","Thunder Strike","Gash+1"],"picked":"SKIP","floor":38},{"not_picked":["Consume+1","Rebound","FTL"],"picked":"SKIP","floor":39},{"not_picked":["Chaos+1","Rip and Tear","Thunder Strike"],"picked":"SKIP","floor":41},{"not_picked":["Barrage","Steam+1"],"picked":"Tempest+1","floor":44},{"not_picked":["Blizzard","Coolheaded+1"],"picked":"Static Discharge","floor":46},{"not_picked":["Sweeping Beam","BootSequence+1","Double Energy+1"],"picked":"SKIP","floor":47}],"player_experience":1277967,"relics_obtained":[{"floor":7.0,"key":"Toxic Egg 2"},{"floor":9.0,"key":"The Courier"},{"floor":13.0,"key":"Gambling Chip"},{"floor":25.0,"key":"Necronomicon"},{"floor":26.0,"key":"Bird Faced Urn"},{"floor":29,"key":"Nunchaku"},{"floor":41,"key":"Pocketwatch"},{"floor":43,"key":"Bronze Scales"},{"floor":46,"key":"Boot"}],"event_choices":[{"damage_healed":0.0,"max_hp_gain":5.0,"max_hp_loss":0.0,"gold_gain":0.0,"event_name":"Big Fish","player_choice":"Donut","floor":4.0,"gold_loss":0.0,"damage_taken":0.0},{"damage_healed":0.0,"max_hp_gain":0.0,"max_hp_loss":0.0,"gold_gain":50.0,"event_name":"Golden Shrine","player_choice":"Pray","floor":5.0,"gold_loss":0.0,"damage_taken":0.0},{"damage_healed":0.0,"max_hp_gain":0.0,"max_hp_loss":0.0,"gold_gain":0.0,"cards_transformed":["Strike_B","Strike_B"],"event_name":"Drug Dealer","player_choice":"Became Test Subject","floor":21.0,"gold_loss":0.0,"damage_taken":0.0,"cards_obtained":["Reboot","Core Surge"]},{"damage_healed":0.0,"max_hp_gain":0.0,"max_hp_loss":0.0,"gold_gain":0.0,"event_name":"Cursed Tome","player_choice":"Obtained Book","floor":25.0,"gold_loss":0.0,"damage_taken":21.0},{"damage_healed":0.0,"max_hp_gain":0.0,"max_hp_loss":0.0,"gold_gain":0.0,"event_name":"The Mausoleum","player_choice":"Opened","floor":27.0,"gold_loss":0.0,"damage_taken":0.0,"relics_obtained":["Juzu Bracelet"],"cards_obtained":["Writhe"]},{"damage_healed":0,"gold_gain":0,"player_choice":"Paid","damage_taken":0,"relics_obtained":["Red Mask"],"max_hp_gain":0,"max_hp_loss":0,"event_name":"Tomb of Lord Red Mask","floor":42,"gold_loss":149},{"damage_healed":55,"gold_gain":0,"player_choice":"Full Heal","damage_taken":0,"max_hp_gain":0,"max_hp_loss":0,"event_name":"Wheel of Change","floor":48,"gold_loss":0}],"is_beta":false,"boss_relics":[{"not_picked":["Runic Pyramid","Inserter"],"picked":"Snecko Eye"},{"not_picked":["Astrolabe","White Beast Statue"],"picked":"Sozu"}],"items_purged_floors":[28,37],"is_endless":false,"potions_floor_spawned":[1,8,16,18,24,30,36,41,46,47],"ascension_level":18}