{"gold_per_floor":[110,110,110,110,35,35,70,45,69,90,90,114,139,154,154,273,273,293,284,284,284,284,324,324,324],"floor_reached":25,"playtime":843,"items_purged":["Strike_G"],"score":271,"play_id":"10e0db65-0c57-442f-b1ca-68215d3aef5c","local_time":"20180806214138","is_ascension_mode":true,"campfire_choices":[{"data":"Neutralize","floor":6,"key":"SMITH"},{"data":"Envenom","floor":11,"key":"SMITH"},{"data":"Footwork","floor":15,"key":"SMITH"}],"neow_cost":"","seed_source_timestamp":332003295680500,"circlet_count":0,"master_deck":["Defend_G","Defend_G","Defend_G","Defend_G","Defend_G","Strike_G","Strike_G","Survivor","Neutralize+1","Dagger Throw","Outmaneuver","Envenom+1","Backflip","Underhanded Strike","Footwork+1","Prepared","Glass Knife","Deflect+1","Glass Knife"],"relics":["Ring of the Snake","Bloody Idol","Dodecahedron","Oddly Smooth Stone","Lantern","Black Star","Prayer Wheel","Turnip"],"potions_floor_usage":[7,25],"damage_taken":[{"damage":0,"enemies":"Cultist","floor":1,"turns":3},{"damage":23,"enemies":"Gremlin Nob","floor":7,"turns":5},{"damage":0,"enemies":"2 Louse","floor":10,"turns":3},{"damage":0,"enemies":"Jaw Worm","floor":12,"turns":4},{"damage":0,"enemies":"Blue Slaver","floor":14,"turns":4},{"damage":2,"enemies":"The Guardian","floor":16,"turns":15},{"damage":0,"enemies":"Chosen","floor":18,"turns":6},{"damage":12,"enemies":"2 Thieves","floor":19,"turns":4},{"damage":43,"enemies":"Slavers","floor":23,"turns":9},{"damage":8,"enemies":"Cultist and Chosen","floor":25,"turns":4}],"seed_played":"-3643895553123111078","potions_obtained":[{"floor":1,"key":"Strength Potion"},{"floor":7,"key":"Ancient Potion"},{"floor":23,"key":"Energy Potion"}],"is_trial":false,"path_per_floor":["M","?","?","?","$","R","E","$","T","M","R","M","T","M","R","B",null,"M","M","$","?","?","E","?"],"character_chosen":"THE_SILENT","items_purchased":["Backflip"],"campfire_rested":0,"item_purchase_floors":[8],"current_hp_per_floor":[70,75,69,69,69,69,46,46,46,46,46,46,46,46,46,44,63,63,51,51,51,51,8,8,0],"gold":324,"neow_bonus":"","is_prod":false,"is_daily":false,"chose_seed":false,"campfire_upgraded":3,"win_rate":0,"timestamp":1533616898,"path_taken":["M","?","?","?","?","R","E","$","T","?","R","M","?","M","R","BOSS","M","?","$","?","?","E","?","M"],"build_version":"2018-08-01","purchased_purges":1,"victory":false,"max_hp_per_floor":[70,75,69,69,69,69,69,69,69,69,69,69,69,69,69,69,69,69,69,69,69,69,69,69,69],"card_choices":[{"not_picked":["Concentrate","Setup"],"picked":"Dagger Throw","floor":1},{"not_picked":["Masterful Stab","Acrobatics"],"picked":"Envenom","floor":7},{"not_picked":["Distraction","Reflex"],"picked":"Underhanded Strike","floor":10},{"not_picked":["Bane","Setup"],"picked":"Footwork","floor":12},{"not_picked":["Masterful Stab","Crippling Poison"],"picked":"Prepared","floor":14},{"not_picked":["Wraith Form v2","Night Terror"],"picked":"Glass Knife","floor":16},{"not_picked":["Dodge and Roll+1","PiercingWail"],"picked":"Deflect+1","floor":18},{"not_picked":["Bouncing Flask","Underhanded Strike+1","Expertise"],"picked":"SKIP","floor":19},{"not_picked":["Masterful Stab","Bullet Time","Slice"],"picked":"SKIP","floor":23}],"player_experience":212507,"relics_obtained":[{"floor":7,"key":"Dodecahedron"},{"floor":9,"key":"Oddly Smooth Stone"},{"floor":13,"key":"Lantern"},{"floor":23,"key":"Prayer Wheel"},{"floor":23,"key":"Turnip"}],"event_choices":[{"event_name":"Big Fish","player_choice":"Donut","floor":2,"damage_taken":0},{"event_name":"Golden Idol","player_choice":"Lose Max HP","floor":3,"damage_taken":0},{"event_name":"Transmorgrifier","player_choice":"Transform","floor":4,"damage_taken":0},{"event_name":"Duplicator","player_choice":"One dupe","floor":21,"damage_taken":0},{"event_name":"Back to Basics","player_choice":"Elegance","floor":22,"damage_taken":0},{"event_name":"Forgotten Altar","player_choice":"Gave Idol","floor":24,"damage_taken":0}],"is_beta":true,"boss_relics":[{"not_picked":["Calling Bell","White Beast Statue"],"picked":"Black Star"}],"items_purged_floors":[5],"is_endless":false,"potions_floor_spawned":[1,7,23],"killed_by":"Cultist and Chosen","ascension_level":5}