{"gold_per_floor":[12,12,12,23,39,39,39,39,39,39,39,39,51,107,107,107],"floor_reached":16,"playtime":382,"items_purged":[],"score":176,"play_id":"43adc98e-43ad-4fae-b5b1-67090c2338e3","local_time":"20190327234853","is_ascension_mode":true,"campfire_choices":[{"floor":6,"key":"DIG"},{"floor":8,"key":"DIG"},{"floor":12,"key":"DIG"},{"floor":15,"key":"DIG"}],"neow_cost":"NO_GOLD","seed_source_timestamp":603258126582800,"circlet_count":0,"master_deck":["AscendersBane","Strike_R","Strike_R","Strike_R","Strike_R","Strike_R","Defend_R","Defend_R","Defend_R","Defend_R","Bash","Sword Boomerang"],"relics":["Burning Blood","Shovel","WarpedTongs","Centennial Puzzle","Bird Faced Urn","Gambling Chip","Dodecahedron","Boot","Bag of Marbles"],"potions_floor_usage":[14,16],"damage_taken":[{"damage":1,"enemies":"2 Louse","floor":1,"turns":4},{"damage":3,"enemies":"Cultist","floor":4,"turns":3},{"damage":5,"enemies":"Jaw Worm","floor":5,"turns":3},{"damage":3,"enemies":"Looter","floor":13,"turns":3},{"damage":39,"enemies":"3 Sentries","floor":14,"turns":8},{"damage":65,"enemies":"Slime Boss","floor":16,"turns":7}],"seed_played":"8285516531913186301","potions_obtained":[{"floor":1,"key":"Swift Potion"},{"floor":5,"key":"BloodPotion"}],"is_trial":false,"path_per_floor":["M","?","$","M","M","R","?","R","T","$","T","R","M","?","R","B"],"character_chosen":"IRONCLAD","items_purchased":[],"campfire_rested":0,"item_purchase_floors":[],"current_hp_per_floor":[73,73,73,75,75,75,75,75,75,75,75,75,75,49,49,0],"gold":107,"neow_bonus":"ONE_RARE_RELIC","is_prod":false,"is_daily":false,"chose_seed":false,"campfire_upgraded":0,"win_rate":0,"timestamp":1553726933,"path_taken":["M","?","?","M","?","R","?","R","T","$","?","R","M","?","R","BOSS"],"build_version":"2019-03-15","purchased_purges":0,"victory":false,"max_hp_per_floor":[75,75,75,75,75,75,75,75,75,75,75,75,75,75,75,75],"card_choices":[{"not_picked":["Cleave","Disarm"],"picked":"Sword Boomerang","floor":1},{"not_picked":["Wild Strike","Fire Breathing","Thunderclap"],"picked":"SKIP","floor":4},{"not_picked":["Clothesline","Cleave","Shockwave"],"picked":"SKIP","floor":5},{"not_picked":["Dropkick","Infernal Blade","Havoc"],"picked":"SKIP","floor":13}],"player_experience":1290125,"relics_obtained":[{"floor":6,"key":"Centennial Puzzle"},{"floor":8,"key":"Bird Faced Urn"},{"floor":9,"key":"Gambling Chip"},{"floor":12,"key":"Dodecahedron"},{"floor":14,"key":"Boot"},{"floor":15,"key":"Bag of Marbles"}],"event_choices":[{"damage_healed":0,"gold_gain":0,"player_choice":"Rummage","damage_taken":0,"relics_obtained":["WarpedTongs"],"max_hp_gain":0,"max_hp_loss":0,"event_name":"Accursed Blacksmith","floor":2,"gold_loss":0,"cards_obtained":["Pain"]},{"cards_removed":["Pain"],"damage_healed":0,"gold_gain":0,"player_choice":"Purged","damage_taken":0,"max_hp_gain":0,"max_hp_loss":0,"event_name":"Purifier","floor":7,"gold_loss":0},{"damage_healed":0,"gold_gain":0,"player_choice":"Searched \u00271\u0027 times","damage_taken":0,"max_hp_gain":0,"max_hp_loss":0,"event_name":"Dead Adventurer","floor":14,"gold_loss":0}],"is_beta":true,"boss_relics":[],"items_purged_floors":[],"is_endless":false,"potions_floor_spawned":[1,5,13],"killed_by":"Slime Boss","ascension_level":20}