{"gold_per_floor":[112,262,262,337,362,362,377,409,457,472,472],"floor_reached":11,"playtime":260,"items_purged":[],"score":142,"play_id":"29665d16-ff06-4d7e-bf1b-bf5c2ee750d4","local_time":"20190202010454","is_ascension_mode":true,"campfire_choices":[{"data":"Glass Knife","floor":6,"key":"SMITH"}],"neow_cost":"PERCENT_DAMAGE","seed_source_timestamp":1168365781937700,"circlet_count":0,"master_deck":["AscendersBane","Defend_G","Defend_G","Defend_G","Defend_G","Defend_G","Strike_G","Strike_G","Strike_G","Strike_G","Strike_G","Survivor","Neutralize","Glass Knife+1","Dodge and Roll","Backflip","Cloak And Dagger","Poisoned Stab"],"relics":["Ring of the Snake","Boot","Bottled Lightning","Orichalcum"],"potions_floor_usage":[8],"damage_taken":[{"damage":0,"enemies":"Jaw Worm","floor":1,"turns":4},{"damage":1,"enemies":"2 Louse","floor":7,"turns":3},{"damage":17,"enemies":"3 Sentries","floor":8,"turns":11},{"damage":0,"enemies":"Cultist","floor":10,"turns":3},{"damage":11,"enemies":"Exordium Wildlife","floor":11,"turns":2}],"seed_played":"-2352866460009013445","potions_obtained":[{"floor":7,"key":"SpeedPotion"}],"is_trial":false,"path_per_floor":["M","?","?","?","T","R","M","E","T","M","M"],"character_chosen":"THE_SILENT","items_purchased":[],"campfire_rested":0,"item_purchase_floors":[],"current_hp_per_floor":[44,44,37,26,26,26,25,8,8,8,0],"gold":472,"neow_bonus":"THREE_RARE_CARDS","is_prod":false,"is_daily":false,"chose_seed":false,"campfire_upgraded":1,"win_rate":0,"timestamp":1549065894,"path_taken":["M","?","?","?","?","R","?","E","T","M","M"],"build_version":"2019-01-23","purchased_purges":0,"victory":false,"max_hp_per_floor":[66,66,66,66,66,66,66,66,66,66,66],"card_choices":[{"not_picked":["Tools of the Trade","Envenom"],"picked":"Glass Knife","floor":0},{"not_picked":["PiercingWail","Deadly Poison"],"picked":"Dodge and Roll","floor":1},{"not_picked":["All Out Attack","Underhanded Strike"],"picked":"Backflip","floor":7},{"not_picked":["Masterful Stab","Underhanded Strike"],"picked":"Cloak And Dagger","floor":8},{"not_picked":["Prepared","Blur"],"picked":"Poisoned Stab","floor":10}],"player_experience":1121532,"relics_obtained":[{"floor":5,"key":"Boot"},{"floor":8,"key":"Bottled Lightning"},{"floor":9,"key":"Orichalcum"}],"event_choices":[{"damage_healed":0,"gold_gain":150,"player_choice":"AGREE","damage_taken":0,"max_hp_gain":0,"max_hp_loss":0,"event_name":"Liars Game","floor":2,"gold_loss":0,"cards_obtained":["Doubt"]},{"cards_removed":["Doubt"],"damage_healed":0,"gold_gain":0,"player_choice":"Card Removal","damage_taken":7,"max_hp_gain":0,"max_hp_loss":0,"event_name":"Golden Wing","floor":3,"gold_loss":0},{"damage_healed":0,"gold_gain":75,"player_choice":"Gather Gold","damage_taken":11,"max_hp_gain":0,"max_hp_loss":0,"event_name":"World of Goop","floor":4,"gold_loss":0}],"is_beta":true,"boss_relics":[],"items_purged_floors":[],"is_endless":false,"potions_floor_spawned":[7],"killed_by":"Exordium Wildlife","ascension_level":20}