{"gold_per_floor":[112,112,112,131,14,40,54,54,54,72,72,72,95,95,95,95],"floor_reached":16,"playtime":884,"items_purged":[],"score":185,"play_id":"0216c5e0-6958-4862-8c98-b561b180307f","local_time":"20190501174921","is_ascension_mode":true,"campfire_choices":[{"data":"Footwork","floor":8,"key":"SMITH"},{"data":"Crippling Poison","floor":12,"key":"SMITH"},{"data":"Neutralize","floor":15,"key":"SMITH"}],"neow_cost":"NONE","seed_source_timestamp":293934953517752,"circlet_count":0,"master_deck":["AscendersBane","Defend_G","Defend_G","Defend_G","Defend_G","Defend_G","Strike_G","Strike_G","Strike_G","Survivor","Neutralize+1","Cloak And Dagger","Envenom","PiercingWail","Footwork+1","Catalyst","Escape Plan","Crippling Poison+1","Tools of the Trade","Blur"],"relics":["Ring of the Snake","NeowsBlessing","Mummified Hand","Question Card","Bottled Tornado","Odd Mushroom"],"potions_floor_usage":[13,13],"damage_taken":[{"damage":0,"enemies":"Jaw Worm","floor":1,"turns":1},{"damage":0,"enemies":"2 Louse","floor":4,"turns":1},{"damage":0,"enemies":"3 Sentries","floor":6,"turns":2},{"damage":2,"enemies":"Small Slimes","floor":7,"turns":4},{"damage":9,"enemies":"3 Louse","floor":10,"turns":6},{"damage":22,"enemies":"The Mushroom Lair","floor":13,"turns":5},{"damage":6,"enemies":"Slime Boss","floor":16,"turns":10}],"seed_played":"-5686308893582662053","potions_obtained":[{"floor":6,"key":"AttackPotion"},{"floor":7,"key":"LiquidBronze"}],"is_trial":false,"path_per_floor":["M","?","?","M","$","E","M","R","T","M","?","R","?","?","R","B"],"character_chosen":"THE_SILENT","items_purchased":["Footwork","Catalyst"],"campfire_rested":0,"item_purchase_floors":[5,5],"current_hp_per_floor":[63,63,60,60,60,60,58,58,58,49,49,49,27,20,20,14],"gold":95,"neow_bonus":"THREE_ENEMY_KILL","is_prod":false,"is_daily":false,"chose_seed":false,"campfire_upgraded":3,"win_rate":0,"timestamp":1556768961,"path_taken":["M","?","?","M","$","E","M","R","T","M","?","R","?","?","R","BOSS"],"build_version":"2019-01-23","purchased_purges":0,"victory":false,"max_hp_per_floor":[70,70,70,70,70,70,70,70,70,70,70,70,70,70,70,70],"card_choices":[{"not_picked":["Blade Dance","Deadly Poison"],"picked":"Cloak And Dagger","floor":1},{"not_picked":["Sucker Punch","Predator"],"picked":"PiercingWail","floor":4},{"not_picked":["Backstab","Flying Knee"],"picked":"Escape Plan","floor":6},{"not_picked":["Expertise","Slice","PiercingWail"],"picked":"Crippling Poison","floor":7},{"not_picked":["Skewer","Masterful Stab","Dagger Throw"],"picked":"Tools of the Trade","floor":10},{"not_picked":["Deflect","Bane","Flying Knee"],"picked":"Blur","floor":13}],"player_experience":372566,"relics_obtained":[{"floor":6,"key":"Question Card"},{"floor":9,"key":"Bottled Tornado"},{"floor":13,"key":"Odd Mushroom"}],"event_choices":[{"damage_healed":0,"gold_gain":0,"cards_transformed":["Strike_G"],"player_choice":"Change","damage_taken":0,"max_hp_gain":0,"max_hp_loss":0,"event_name":"Living Wall","floor":2,"gold_loss":0,"cards_obtained":["Envenom"]},{"damage_healed":0,"gold_gain":0,"player_choice":"Success","damage_taken":3,"relics_obtained":["Mummified Hand"],"max_hp_gain":0,"max_hp_loss":0,"event_name":"Scrap Ooze","floor":3,"gold_loss":0},{"damage_healed":0,"gold_gain":0,"player_choice":"Ignored","damage_taken":0,"max_hp_gain":0,"max_hp_loss":0,"event_name":"Liars Game","floor":11,"gold_loss":0},{"damage_healed":0,"gold_gain":0,"player_choice":"Fought Mushrooms","damage_taken":0,"max_hp_gain":0,"max_hp_loss":0,"event_name":"Mushrooms","floor":13,"gold_loss":0},{"cards_removed":["Strike_G"],"damage_healed":0,"gold_gain":0,"player_choice":"Card Removal","damage_taken":7,"max_hp_gain":0,"max_hp_loss":0,"event_name":"Golden Wing","floor":14,"gold_loss":0}],"is_beta":false,"boss_relics":[],"items_purged_floors":[],"is_endless":false,"potions_floor_spawned":[6,7],"killed_by":"Slime Boss","ascension_level":10}