{"gold_per_floor":[113,127,127,34,53,53,53,53,104,114,126,126,160,173,173,270,270,280,295,295,210,210,210,237,248,301,400,418,116,132,132,132,229,229,243,243,259,65,76,76,108,108,156,156,171,200,200,220,220,220,220,220,46,78,78],"floor_reached":56,"playtime":2817,"items_purged":["Writhe","Strike_B+1"],"score":1227,"play_id":"75f34b12-652e-41e7-82c8-d30c4175344e","local_time":"20190224023237","is_ascension_mode":false,"campfire_choices":[{"data":"Dualcast","floor":6.0,"key":"SMITH"},{"data":"Hologram","floor":8.0,"key":"SMITH"},{"data":"Coolheaded","floor":12.0,"key":"SMITH"},{"data":"Zap","floor":15.0,"key":"SMITH"},{"data":"Defragment","floor":32.0,"key":"SMITH"},{"data":"Defragment","floor":40.0,"key":"SMITH"},{"floor":44.0,"key":"RECALL"},{"floor":47.0,"key":"REST"},{"floor":49.0,"key":"REST"},{"data":"Glacier","floor":52.0,"key":"SMITH"}],"neow_cost":"NONE","seed_source_timestamp":0,"circlet_count":0,"master_deck":["Strike_B","Strike_B+1","Defend_B","Zap+1","Dualcast+1","Coolheaded+1","Conserve Battery","Core Surge","Ball Lightning","Hologram+1","Glacier+1","Cold Snap","Echo Form","Rainbow+1","Genetic Algorithm+1","Defragment+1","Defragment+1","Machine Learning","Electrodynamics","Core Surge"],"special_seed":0,"relics":["Cracked Core","Bag of Marbles","Dodecahedron","Whetstone","Potion Belt","Astrolabe","Blood Vial","The Courier","Question Card","Ginger","Tiny Chest","Membership Card","Singing Bowl","Medical Kit","Omamori","Symbiotic Virus","Oddly Smooth Stone","Mercury Hourglass","Cauldron","Bottled Tornado"],"potions_floor_usage":[55,55,55,55,55],"damage_taken":[{"damage":0.0,"enemies":"Small Slimes","floor":1.0,"turns":3.0},{"damage":0.0,"enemies":"Cultist","floor":2.0,"turns":4.0},{"damage":0.0,"enemies":"2 Louse","floor":5.0,"turns":1.0},{"damage":3.0,"enemies":"Large Slime","floor":10.0,"turns":5.0},{"damage":10.0,"enemies":"Looter","floor":11.0,"turns":2.0},{"damage":13.0,"enemies":"3 Sentries","floor":13.0,"turns":8.0},{"damage":0.0,"enemies":"2 Fungi Beasts","floor":14.0,"turns":3.0},{"damage":25.0,"enemies":"Hexaghost","floor":16.0,"turns":9.0},{"damage":7.0,"enemies":"Chosen","floor":18.0,"turns":4.0},{"damage":4.0,"enemies":"Spheric Guardian","floor":19.0,"turns":4.0},{"damage":38.0,"enemies":"Book of Stabbing","floor":24.0,"turns":6.0},{"damage":10.0,"enemies":"Cultist and Chosen","floor":25.0,"turns":6.0},{"damage":12.0,"enemies":"Snecko","floor":28.0,"turns":6.0},{"damage":11.0,"enemies":"Shelled Parasite and Fungi","floor":30.0,"turns":7.0},{"damage":7.0,"enemies":"Collector","floor":33.0,"turns":8.0},{"damage":0.0,"enemies":"3 Darklings","floor":35.0,"turns":3.0},{"damage":0.0,"enemies":"3 Shapes","floor":37.0,"turns":6.0},{"damage":0.0,"enemies":"Spire Growth","floor":39.0,"turns":6.0},{"damage":32.0,"enemies":"Nemesis","floor":41.0,"turns":7.0},{"damage":10.0,"enemies":"Writhing Mass","floor":45.0,"turns":5.0},{"damage":11.0,"enemies":"Giant Head","floor":46.0,"turns":11.0},{"damage":1.0,"enemies":"Transient","floor":48.0,"turns":5.0},{"damage":25.0,"enemies":"Donu and Deca","floor":50.0,"turns":10.0},{"damage":58.0,"enemies":"Shield and Spear","floor":54.0,"turns":8.0},{"damage":11,"enemies":"The Heart","floor":55,"turns":11}],"seed_played":"5651984149903496727","potions_obtained":[{"floor":1.0,"key":"SpeedPotion"},{"floor":10.0,"key":"GamblersBrew"},{"floor":14.0,"key":"AttackPotion"},{"floor":16.0,"key":"Regen Potion"},{"floor":28.0,"key":"Dexterity Potion"},{"floor":30.0,"key":"Poison Potion"},{"floor":33.0,"key":"FocusPotion"},{"floor":41.0,"key":"Ancient Potion"},{"floor":45.0,"key":"FocusPotion"},{"floor":46.0,"key":"Poison Potion"},{"floor":48.0,"key":"AttackPotion"},{"floor":53.0,"key":"FocusPotion"},{"floor":53.0,"key":"Explosive Potion"},{"floor":54.0,"key":"LiquidBronze"}],"is_trial":false,"path_per_floor":["M","M","?","$","M","R","?","R","T","M","M","R","E","M","R","B",null,"M","M","?","?","?","T","E","M","T","?","M","$","M","?","R","B",null,"M","?","M","$","M","R","E","?","T","R","M","E","R","M","R","B",null,"R","$","E","B",null],"character_chosen":"DEFECT","items_purchased":["Ball Lightning","Hologram","Membership Card","Singing Bowl","Medical Kit","Omamori","Mercury Hourglass","Cauldron"],"campfire_rested":2,"item_purchase_floors":[4,4,29,29,38,38,53,53],"current_hp_per_floor":[75,75,75,75,75,75,75,75,75,72,62,62,49,49,49,24,75,68,74,74,74,74,74,57,49,49,49,59,59,70,56,56,76,80,82,82,84,84,86,86,56,58,58,58,52,45,73,76,96,71,96,96,96,40,31],"gold":78,"neow_bonus":"RANDOM_COMMON_RELIC","is_prod":false,"is_daily":false,"chose_seed":false,"campfire_upgraded":7,"win_rate":0,"timestamp":1550971957,"path_taken":["M","M","?","?","M","R","?","R","T","?","M","R","E","M","R","BOSS","M","M","?","?","?","?","E","M","T","?","M","?","?","?","R","BOSS","M","?","M","$","M","R","E","?","T","R","?","E","R","M","R","BOSS","R","$","E","BOSS"],"build_version":"2019-02-06","purchased_purges":2,"victory":true,"max_hp_per_floor":[75,75,75,75,75,75,75,75,75,75,75,75,75,75,75,75,75,75,75,75,75,75,75,75,75,75,75,75,75,75,80,80,80,80,82,82,84,84,86,86,88,90,90,90,92,94,94,96,96,96,96,96,96,98,98],"card_choices":[{"not_picked":["Static Discharge","Loop"],"picked":"Coolheaded","floor":1.0},{"not_picked":["Streamline","Double Energy"],"picked":"Conserve Battery","floor":2.0},{"not_picked":["Leap","Reprogram"],"picked":"Glacier","floor":5.0},{"not_picked":["Compile Driver","Barrage"],"picked":"Cold Snap","floor":10.0},{"not_picked":["Beam Cell","Steam","Self Repair"],"picked":"SKIP","floor":11.0},{"not_picked":["Beam Cell","Steam","Self Repair"],"picked":"SKIP","floor":11.0},{"not_picked":["Rip and Tear","Redo","Stack"],"picked":"SKIP","floor":13.0},{"not_picked":["FTL","Turbo","Cold Snap"],"picked":"SKIP","floor":14.0},{"not_picked":["Electrodynamics","Biased Cognition"],"picked":"Echo Form","floor":16.0},{"not_picked":["Sweeping Beam","Redo+1","Conserve Battery"],"picked":"SKIP","floor":18.0},{"not_picked":["Gash+1","Beam Cell"],"picked":"Defragment","floor":19.0},{"not_picked":["Coolheaded","Barrage","Compile Driver+1"],"picked":"Machine Learning","floor":24.0},{"not_picked":["Turbo","Tempest","Doom and Gloom","Conserve Battery"],"picked":"SKIP","floor":25.0},{"not_picked":["Cold Snap","Conserve Battery","Leap","Undo"],"picked":"SKIP","floor":28.0},{"not_picked":["Ball Lightning+1","Skim+1","Streamline"],"picked":"Electrodynamics","floor":30.0},{"not_picked":["Echo Form","Electrodynamics","Fission"],"picked":"Core Surge","floor":33.0},{"not_picked":["Tempest+1","Cold Snap+1","Leap+1","Stack+1"],"picked":"Singing Bowl","floor":35.0},{"not_picked":["Sunder","Gash+1","Cold Snap","Self Repair+1"],"picked":"Singing Bowl","floor":37.0},{"not_picked":["Consume+1","Hello World+1","Stack+1","Beam Cell+1"],"picked":"Singing Bowl","floor":39.0},{"not_picked":["Melter+1","Blizzard","Steam+1","Loop"],"picked":"Singing Bowl","floor":41.0},{"not_picked":["Finesse","Enlightenment","Trip","Discovery"],"picked":"Singing Bowl","floor":42.0},{"not_picked":["Coolheaded","Lockon","Rebound","Scrape+1"],"picked":"Singing Bowl","floor":45.0},{"not_picked":["Auto Shields","Darkness","Sweeping Beam+1","Gash+1"],"picked":"Singing Bowl","floor":46.0},{"not_picked":["Echo Form","Chill","Gash","Barrage+1"],"picked":"Singing Bowl","floor":48.0},{"not_picked":["Ball Lightning+1","Scrape+1","Stack","Steam+1"],"picked":"Singing Bowl","floor":54.0}],"player_experience":1178759,"relics_obtained":[{"floor":7.0,"key":"Dodecahedron"},{"floor":9.0,"key":"Whetstone"},{"floor":13.0,"key":"Potion Belt"},{"floor":23.0,"key":"Question Card"},{"floor":24.0,"key":"Ginger"},{"floor":26.0,"key":"Tiny Chest"},{"floor":41.0,"key":"Symbiotic Virus"},{"floor":46.0,"key":"Oddly Smooth Stone"},{"floor":54.0,"key":"Bottled Tornado"}],"event_choices":[{"damage_healed":0.0,"max_hp_gain":0.0,"max_hp_loss":0.0,"gold_gain":0.0,"cards_transformed":["Defend_B"],"event_name":"Transmorgrifier","player_choice":"Transformed","floor":3.0,"gold_loss":0.0,"damage_taken":0.0,"cards_obtained":["Core Surge"]},{"damage_healed":0.0,"max_hp_gain":0.0,"max_hp_loss":0.0,"gold_gain":0.0,"event_name":"Wheel of Change","player_choice":"Relic","floor":7.0,"gold_loss":0.0,"damage_taken":0.0},{"damage_healed":0.0,"max_hp_gain":0.0,"max_hp_loss":0.0,"gold_gain":0.0,"event_name":"The Library","player_choice":"Read","floor":20.0,"gold_loss":0.0,"damage_taken":0.0,"cards_obtained":["Defragment"]},{"damage_healed":0.0,"max_hp_gain":0.0,"max_hp_loss":0.0,"gold_gain":0.0,"event_name":"Addict","player_choice":"Obtained Relic","floor":21.0,"gold_loss":85.0,"damage_taken":0.0,"relics_obtained":["Blood Vial"]},{"damage_healed":0.0,"max_hp_gain":0.0,"max_hp_loss":0.0,"gold_gain":0.0,"event_name":"The Mausoleum","player_choice":"Opened","floor":22.0,"gold_loss":0.0,"damage_taken":0.0,"relics_obtained":["The Courier"],"cards_obtained":["Writhe"]},{"damage_healed":0.0,"max_hp_gain":0.0,"max_hp_loss":0.0,"gold_gain":99.0,"event_name":"Nest","player_choice":"Stole From Cult","floor":27.0,"gold_loss":0.0,"damage_taken":0.0},{"damage_healed":0.0,"max_hp_gain":5.0,"max_hp_loss":0.0,"gold_gain":0.0,"event_name":"Forgotten Altar","player_choice":"Shed Blood","floor":31.0,"gold_loss":0.0,"damage_taken":19.0},{"cards_removed":["Self Repair"],"damage_healed":0.0,"max_hp_gain":0.0,"max_hp_loss":0.0,"gold_gain":0.0,"event_name":"Falling","player_choice":"Removed Power","floor":36.0,"gold_loss":0.0,"damage_taken":0.0},{"damage_healed":0.0,"max_hp_gain":0.0,"max_hp_loss":0.0,"gold_gain":0.0,"event_name":"SensoryStone","player_choice":"Memory 1","floor":42.0,"gold_loss":0.0,"damage_taken":0.0}],"is_beta":true,"boss_relics":[{"not_picked":["Sozu","Fusion Hammer"],"picked":"Astrolabe"},{"not_picked":["Coffee Dripper","Runic Pyramid","Runic Dome"]}],"items_purged_floors":[29,38],"is_endless":false,"potions_floor_spawned":[1,10,14,16,28,30,33,41,45,46,48,54],"ascension_level":0}