{"gold_per_floor":[116,131,148,148,148,176,195,195,222,236,8,30,64,76,76,172,172,185,185,197,197,214,214,242,254,254,254,254],"floor_reached":28,"playtime":3427,"items_purged":[],"score":388,"play_id":"ec176927-ed8e-4de4-8989-821b1fb4d71a","local_time":"20181029184941","is_ascension_mode":true,"campfire_choices":[{"floor":8.0,"key":"REST"},{"floor":15.0,"key":"REST"},{"data":"Noxious Fumes","floor":23.0,"key":"SMITH"},{"floor":27.0,"key":"REST"}],"neow_cost":"NONE","seed_source_timestamp":0,"circlet_count":0,"master_deck":["Defend_G","Defend_G","Defend_G","Defend_G","Defend_G","Strike_G","Strike_G","Survivor","Neutralize","AscendersBane","Cloak And Dagger+1","Dagger Spray","Backflip+1","Choke","Noxious Fumes+1","Deflect","Corpse Explosion","Backflip","After Image","Poisoned Stab","Slice","Envenom","Footwork+1","Pain","Crippling Poison"],"special_seed":0,"relics":["Ring of the Snake","Potion Belt","Pen Nib","War Paint","Regal Pillow","Happy Flower","Odd Mushroom","The Specimen","WristBlade","WarpedTongs","Juzu Bracelet","Sundial"],"potions_floor_usage":[],"damage_taken":[{"damage":2.0,"enemies":"Small Slimes","floor":1.0,"turns":5.0},{"damage":0.0,"enemies":"2 Louse","floor":2.0,"turns":2.0},{"damage":0.0,"enemies":"Cultist","floor":3.0,"turns":4.0},{"damage":29.0,"enemies":"Gremlin Nob","floor":6.0,"turns":5.0},{"damage":0.0,"enemies":"3 Louse","floor":7.0,"turns":3.0},{"damage":5.0,"enemies":"Looter","floor":10.0,"turns":3.0},{"damage":11.0,"enemies":"The Mushroom Lair","floor":12.0,"turns":4.0},{"damage":7.0,"enemies":"Lagavulin","floor":13.0,"turns":5.0},{"damage":8.0,"enemies":"Exordium Wildlife","floor":14.0,"turns":2.0},{"damage":6.0,"enemies":"The Guardian","floor":16.0,"turns":13.0},{"damage":5.0,"enemies":"3 Byrds","floor":18.0,"turns":6.0},{"damage":4.0,"enemies":"Shell Parasite","floor":20.0,"turns":5.0},{"damage":10.0,"enemies":"Chosen and Byrds","floor":22.0,"turns":6.0},{"damage":14.0,"enemies":"Slavers","floor":24.0,"turns":5.0},{"damage":23.0,"enemies":"Cultist and Chosen","floor":25.0,"turns":5.0},{"damage":11,"enemies":"Gremlin Leader","floor":28,"turns":5}],"seed_played":"3217612541803985430","potions_obtained":[{"floor":3.0,"key":"Explosive Potion"},{"floor":6.0,"key":"Explosive Potion"},{"floor":10.0,"key":"GamblersBrew"},{"floor":12.0,"key":"Energy Potion"},{"floor":22.0,"key":"SteroidPotion"},{"floor":25.0,"key":"GamblersBrew"}],"is_trial":false,"path_per_floor":["M","M","M","?","?","E","M","R","T","M","$","?","E","M","R","B",null,"M","?","M","?","M","R","E","M","T","R"],"character_chosen":"THE_SILENT","items_purchased":["Happy Flower","Noxious Fumes"],"campfire_rested":3,"item_purchase_floors":[11,11],"current_hp_per_floor":[61,61,61,54,47,18,18,39,39,34,34,23,16,8,44,38,62,57,57,53,53,43,43,29,6,6,42,31],"gold":254,"neow_bonus":"RANDOM_COMMON_RELIC","is_prod":false,"is_daily":false,"chose_seed":false,"campfire_upgraded":1,"win_rate":0,"timestamp":1540864181,"path_taken":["M","M","M","?","?","E","M","R","T","M","$","?","E","M","R","BOSS","M","?","?","?","M","R","E","M","T","R","E"],"build_version":"2018-10-29v2","purchased_purges":0,"victory":false,"max_hp_per_floor":[70,70,70,70,70,70,70,70,70,70,70,70,70,70,70,70,70,70,70,70,70,70,70,70,70,70,70,70],"card_choices":[{"not_picked":["Dodge and Roll","Tactician"],"picked":"Cloak And Dagger","floor":1.0},{"not_picked":["Catalyst","Dagger Throw"],"picked":"Dagger Spray","floor":2.0},{"not_picked":["Underhanded Strike","Deflect"],"picked":"Backflip","floor":3.0},{"not_picked":["Distraction","Setup"],"picked":"Choke","floor":6.0},{"not_picked":["Sucker Punch","Bane","Heel Hook"],"picked":"SKIP","floor":7.0},{"not_picked":["Flying Knee","Outmaneuver","Choke"],"picked":"SKIP","floor":10.0},{"not_picked":["Acrobatics","Flying Knee"],"picked":"Deflect","floor":12.0},{"not_picked":["Concentrate","Tactician"],"picked":"Corpse Explosion","floor":13.0},{"not_picked":["Flechettes","Reflex"],"picked":"Backflip","floor":14.0},{"not_picked":["Glass Knife","Burst"],"picked":"After Image","floor":16.0},{"not_picked":["Dagger Throw","Skewer+1"],"picked":"Poisoned Stab","floor":18.0},{"not_picked":["Catalyst","Setup"],"picked":"Footwork+1","floor":20.0},{"not_picked":["Caltrops","Deflect+1"],"picked":"Crippling Poison","floor":22.0},{"not_picked":["Underhanded Strike","Masterful Stab+1","Backflip"],"picked":"SKIP","floor":24.0},{"not_picked":["Dagger Throw","Setup","Riddle With Holes"],"picked":"SKIP","floor":25.0}],"player_experience":393067,"relics_obtained":[{"floor":6.0,"key":"War Paint"},{"floor":9.0,"key":"Regal Pillow"},{"floor":12.0,"key":"Odd Mushroom"},{"floor":13.0,"key":"The Specimen"},{"floor":24.0,"key":"Juzu Bracelet"},{"floor":26.0,"key":"Sundial"}],"event_choices":[{"cards_removed":["Strike_G"],"damage_healed":0.0,"max_hp_gain":0.0,"max_hp_loss":0.0,"gold_gain":0.0,"event_name":"Golden Wing","player_choice":"Card Removal","floor":4.0,"gold_loss":0.0,"damage_taken":7.0},{"damage_healed":0.0,"max_hp_gain":0.0,"max_hp_loss":0.0,"gold_gain":0.0,"event_name":"Scrap Ooze","player_choice":"Success","floor":5.0,"gold_loss":0.0,"damage_taken":7.0,"relics_obtained":["Pen Nib"]},{"damage_healed":0.0,"max_hp_gain":0.0,"max_hp_loss":0.0,"gold_gain":0.0,"event_name":"Mushrooms","player_choice":"Fought Mushrooms","floor":12.0,"gold_loss":0.0,"damage_taken":0.0},{"damage_healed":0.0,"max_hp_gain":0.0,"max_hp_loss":0.0,"gold_gain":0.0,"cards_transformed":["Strike_G","Strike_G"],"event_name":"Drug Dealer","player_choice":"Became Test Subject","floor":19.0,"gold_loss":0.0,"damage_taken":0.0,"cards_obtained":["Slice","Envenom"]},{"damage_healed":0.0,"max_hp_gain":0.0,"max_hp_loss":0.0,"gold_gain":0.0,"event_name":"Accursed Blacksmith","player_choice":"Rummage","floor":21.0,"gold_loss":0.0,"damage_taken":0.0,"relics_obtained":["WarpedTongs"],"cards_obtained":["Pain"]}],"is_beta":true,"boss_relics":[{"not_picked":["Coffee Dripper","Lizard Tail"],"picked":"WristBlade"}],"items_purged_floors":[],"is_endless":false,"potions_floor_spawned":[3,6,10,12,22,25],"killed_by":"Gremlin Leader","ascension_level":11}