{"gold_per_floor":[115,265,190,190,207,207,225,235,235,249,249,249,249,263,263,334,334,234],"floor_reached":18,"playtime":656,"items_purged":["Doubt"],"score":304,"play_id":"e4a77fc5-0a59-419a-aa94-b123b175aa7f","local_time":"20190417220804","is_ascension_mode":true,"campfire_choices":[{"data":"Bash","floor":11,"key":"SMITH"},{"data":"Sword Boomerang","floor":13,"key":"SMITH"},{"data":"Twin Strike","floor":15,"key":"SMITH"}],"neow_cost":"NONE","seed_source_timestamp":636362400156500,"circlet_count":0,"master_deck":["AscendersBane","Strike_R","Strike_R","Defend_R","Defend_R","Bash+1","Sword Boomerang+1","Flame Barrier+1","Pummel","Twin Strike+1","Impervious","Entrench+1","Burning Pact+1","Sentinel+1"],"relics":["Burning Blood","NeowsBlessing","Pantograph","Astrolabe"],"potions_floor_usage":[10,16],"damage_taken":[{"damage":0,"enemies":"Jaw Worm","floor":1,"turns":1},{"damage":0,"enemies":"Small Slimes","floor":5,"turns":1},{"damage":0,"enemies":"Cultist","floor":7,"turns":1},{"damage":32,"enemies":"Large Slime","floor":8,"turns":8},{"damage":23,"enemies":"Gremlin Gang","floor":10,"turns":7},{"damage":12,"enemies":"Lots of Slimes","floor":14,"turns":4},{"damage":51,"enemies":"The Guardian","floor":16,"turns":14},{"damage":20,"enemies":"2 Thieves","floor":18,"turns":4}],"seed_played":"4705095245082114622","potions_obtained":[{"floor":1,"key":"Energy Potion"},{"floor":7,"key":"Regen Potion"},{"floor":10,"key":"Fire Potion"},{"floor":14,"key":"SkillPotion"}],"is_trial":false,"path_per_floor":["M","?","$","?","M","?","M","M","T","M","R","?","R","M","R","B",null,"M"],"character_chosen":"IRONCLAD","items_purchased":[],"campfire_rested":0,"item_purchase_floors":[],"current_hp_per_floor":[74,74,74,74,75,68,74,48,48,46,46,46,46,40,40,20,61,41],"gold":234,"neow_bonus":"THREE_ENEMY_KILL","is_prod":false,"is_daily":false,"chose_seed":false,"campfire_upgraded":3,"win_rate":0,"timestamp":1555531684,"path_taken":["M","?","$","?","?","?","M","M","T","M","R","?","R","?","R","BOSS","M"],"build_version":"2019-04-04","purchased_purges":1,"victory":false,"max_hp_per_floor":[75,75,75,75,75,75,75,75,75,75,75,75,75,75,75,75,75,75],"card_choices":[{"not_picked":["Corruption","Burning Pact"],"picked":"Sword Boomerang","floor":1},{"not_picked":["Wild Strike","Second Wind","Armaments"],"picked":"SKIP","floor":5},{"not_picked":["Clash","Shockwave"],"picked":"Flame Barrier","floor":7},{"not_picked":["Feel No Pain","Fire Breathing","Battle Trance"],"picked":"SKIP","floor":8},{"not_picked":["Ghostly Armor","Armaments"],"picked":"Pummel","floor":10},{"not_picked":["Entrench","Headbutt"],"picked":"Twin Strike","floor":14},{"not_picked":["Reaper","Dark Embrace"],"picked":"Impervious","floor":16}],"player_experience":1395049,"relics_obtained":[{"floor":9,"key":"Pantograph"}],"event_choices":[{"damage_healed":0,"gold_gain":150,"player_choice":"AGREE","damage_taken":0,"max_hp_gain":0,"max_hp_loss":0,"event_name":"Liars Game","floor":2,"gold_loss":0,"cards_obtained":["Doubt"]},{"cards_removed":["Strike_R"],"damage_healed":0,"gold_gain":0,"player_choice":"Offered Basic","damage_taken":0,"max_hp_gain":0,"max_hp_loss":0,"event_name":"Bonfire Elementals","floor":4,"gold_loss":0},{"cards_removed":["Defend_R"],"damage_healed":0,"gold_gain":0,"player_choice":"Card Removal","damage_taken":7,"max_hp_gain":0,"max_hp_loss":0,"event_name":"Golden Wing","floor":6,"gold_loss":0},{"damage_healed":0,"gold_gain":0,"player_choice":"Upgraded","damage_taken":0,"max_hp_gain":0,"max_hp_loss":0,"event_name":"Upgrade Shrine","floor":12,"gold_loss":0,"cards_upgraded":["Flame Barrier"]}],"is_beta":true,"boss_relics":[{"not_picked":["Black Blood","Coffee Dripper"],"picked":"Astrolabe"}],"items_purged_floors":[3],"is_endless":false,"potions_floor_spawned":[1,7,10,14],"killed_by":"2 Thieves","ascension_level":20}