{"gold_per_floor":[119,134,134,146,164,190,190,41,64,64,64,64,95,95,95,200,200,214,230,230,244,118,147,76,76,76,76,76,104,104,104],"floor_reached":31,"playtime":1030,"items_purged":["Strike_G","Strike_G"],"score":360,"play_id":"4ffcf03e-f2de-4fd0-943b-41da6e5dcfe9","local_time":"20180727200411","is_ascension_mode":true,"campfire_choices":[{"data":"Footwork","floor":7,"key":"SMITH"},{"data":"Cloak And Dagger","floor":10,"key":"SMITH"},{"data":"Cloak And Dagger","floor":15,"key":"SMITH"},{"data":"Cloak And Dagger","floor":25,"key":"SMITH"},{"data":"Accuracy","floor":27,"key":"SMITH"}],"neow_cost":"NONE","seed_source_timestamp":261897315202900,"circlet_count":0,"master_deck":["Defend_G","Defend_G+1","Defend_G","Defend_G+1","Survivor","Neutralize+1","Predator+1","Slice+1","Tools of the Trade+1","Dagger Spray+1","Footwork+1","Cloak And Dagger+1","Deflect","Accuracy+1","Cloak And Dagger+1","A Thousand Cuts","Cloak And Dagger","Cloak And Dagger+1","Infinite Blades","Writhe","Accuracy"],"relics":["Astrolabe","Snake Skull","Art of War","Juzu Bracelet","War Paint","WristBlade","Happy Flower","Boot","Matryoshka","Whetstone"],"potions_floor_usage":[6,13,13,19],"damage_taken":[{"damage":1,"enemies":"Small Slimes","floor":1,"turns":3},{"damage":0,"enemies":"Cultist","floor":2,"turns":3},{"damage":0,"enemies":"Jaw Worm","floor":4,"turns":3},{"damage":0,"enemies":"Large Slime","floor":5,"turns":3},{"damage":13,"enemies":"Gremlin Nob","floor":6,"turns":4},{"damage":20,"enemies":"Lagavulin","floor":13,"turns":5},{"damage":19,"enemies":"Hexaghost","floor":16,"turns":10},{"damage":6,"enemies":"Shell Parasite","floor":18,"turns":5},{"damage":3,"enemies":"Chosen","floor":19,"turns":5},{"damage":17,"enemies":"Snake Plant","floor":21,"turns":4},{"damage":9,"enemies":"Book of Stabbing","floor":23,"turns":6},{"damage":30,"enemies":"Slavers","floor":29,"turns":6},{"damage":46,"floor":31,"turns":3}],"seed_played":"6224285128822248718","potions_obtained":[{"floor":2,"key":"LiquidBronze"},{"floor":5,"key":"Strength Potion"},{"floor":6,"key":"AttackPotion"},{"floor":18,"key":"Regen Potion"}],"is_trial":false,"path_per_floor":["M","M","?","M","M","E","R","$","T","R","?","?","E","?","R","B",null,"M","M","?","M","$","E","$","R","T","R","?","E","?"],"character_chosen":"THE_SILENT","items_purchased":["Accuracy","Cloak And Dagger","Infinite Blades"],"campfire_rested":0,"item_purchase_floors":[8,22,24],"current_hp_per_floor":[69,69,66,66,66,53,53,53,53,53,46,46,26,26,26,7,70,64,67,67,50,50,41,41,41,41,41,41,11,34,0],"gold":104,"neow_bonus":"BOSS_RELIC","is_prod":false,"is_daily":false,"chose_seed":false,"campfire_upgraded":5,"win_rate":0,"timestamp":1532747051,"path_taken":["M","M","?","M","?","E","R","$","T","R","?","?","E","?","R","BOSS","M","M","?","M","$","E","$","R","T","R","?","E","?","?"],"build_version":"2018-07-26","purchased_purges":2,"victory":false,"max_hp_per_floor":[70,70,70,70,70,70,70,70,70,70,70,70,70,70,70,70,70,70,70,70,70,70,70,70,70,70,70,70,70,70,70],"card_choices":[{"not_picked":["Acrobatics","Cloak And Dagger"],"picked":"Dagger Spray","floor":1},{"not_picked":["Sucker Punch","Poisoned Stab"],"picked":"Footwork","floor":2},{"not_picked":["Prepared","Flechettes"],"picked":"Cloak And Dagger","floor":4},{"not_picked":["Concentrate","Dash","Tactician"],"picked":"SKIP","floor":5},{"not_picked":["Caltrops","Accuracy"],"picked":"Deflect","floor":6},{"not_picked":["Skewer","Bane"],"picked":"Cloak And Dagger","floor":13},{"not_picked":["Malaise","Tools of the Trade"],"picked":"A Thousand Cuts","floor":16},{"not_picked":["Terror","Outmaneuver","Quick Slash"],"picked":"SKIP","floor":18},{"not_picked":["Flechettes+1","Underhanded Strike"],"picked":"Cloak And Dagger","floor":19},{"not_picked":["Backstab","Predator","Crippling Poison"],"picked":"SKIP","floor":21},{"not_picked":["Quick Slash","Dash","Wraith Form v2"],"picked":"SKIP","floor":23},{"not_picked":["Backflip","Malaise"],"picked":"Accuracy","floor":29}],"player_experience":183930,"relics_obtained":[{"floor":6,"key":"Art of War"},{"floor":9,"key":"Juzu Bracelet"},{"floor":13,"key":"War Paint"},{"floor":23,"key":"Happy Flower"},{"floor":26,"key":"Boot"},{"floor":29,"key":"Whetstone"}],"event_choices":[{"event_name":"Scrap Ooze","player_choice":"success","floor":3,"damage_taken":3},{"event_name":"Golden Wing","player_choice":"Card Removal","floor":11,"damage_taken":0},{"event_name":"Living Wall","player_choice":"Grow","floor":12,"damage_taken":0},{"event_name":"Liars Game","player_choice":"disagreed","floor":14,"damage_taken":0},{"event_name":"Drug Dealer","player_choice":"Ignored","floor":20,"damage_taken":0},{"event_name":"The Mausoleum","player_choice":"Yes","floor":28,"damage_taken":0},{"event_name":"The Library","player_choice":"Heal","floor":30,"damage_taken":0},{"event_name":"Masked Bandits","player_choice":"Fought over 104 gold","floor":31,"damage_taken":0}],"is_beta":true,"boss_relics":[{"not_picked":["Coffee Dripper","Runic Dome"],"picked":"WristBlade"}],"items_purged_floors":[8,22],"is_endless":false,"potions_floor_spawned":[2,5,6,18],"ascension_level":4}