{"path_per_floor":["M","?","?","M","M","R","M","R","T","?","M","M","M","M","R","B"],"character_chosen":"IRONCLAD","items_purchased":[],"gold_per_floor":[110,110,110,127,147,147,163,163,186,261,278,292,308,319,319,419,419],"floor_reached":17,"campfire_rested":0,"playtime":703,"current_hp_per_floor":[80,85,85,85,85,85,85,85,92,81,75,70,75,79,79,33,92],"items_purged":[],"gold":419,"score":151,"play_id":"83936510-01e6-47ab-8626-57d24ba63ea6","local_time":"20180426190552","is_prod":false,"is_daily":false,"chose_seed":false,"is_ascension_mode":false,"campfire_upgraded":3,"timestamp":1524794752,"path_taken":["M","?","?","M","?","R","M","R","T","?","M","M","M","?","R","BOSS"],"build_version":"2018-04-26","seed_source_timestamp":120536856998075,"purchased_purges":0,"victory":false,"master_deck":["Strike_R","Strike_R","Strike_R","Strike_R","Strike_R","Defend_R","Defend_R","Defend_R","Defend_R","Bash+1","Ghostly Armor","Injury","Twin Strike+1","Shrug It Off+1","Shrug It Off","Shockwave+1","Bludgeon"],"max_hp_per_floor":[80,85,85,85,85,85,85,85,92,92,92,92,92,92,92,92,92],"relics":["Burning Blood","Strawberry","Mark of Pain"],"card_choices":[{"not_picked":["Blood for Blood","Perfected Strike"],"picked":"Ghostly Armor","floor":1},{"not_picked":["Anger","Seeing Red"],"picked":"Twin Strike","floor":4},{"not_picked":["Iron Wave","Clash"],"picked":"Shrug It Off","floor":7},{"not_picked":["Clash","Twin Strike"],"picked":"Shrug It Off","floor":13},{"not_picked":["Sword Boomerang","Anger"],"picked":"Shockwave","floor":14},{"not_picked":["Juggernaut","Dark Embrace"],"picked":"Bludgeon","floor":16}],"player_experience":0,"potions_floor_usage":[11,13,16],"damage_taken":[{"damage":5,"enemies":"Jaw Worm","floor":1,"turns":6},{"damage":5,"enemies":"Small Slimes","floor":4,"turns":4},{"damage":0,"enemies":"Cultist","floor":5,"turns":3},{"damage":0,"enemies":"Looter","floor":7,"turns":3},{"damage":24,"enemies":"Gremlin Gang","floor":11,"turns":7},{"damage":11,"enemies":"Lots of Slimes","floor":12,"turns":5},{"damage":7,"enemies":"Blue Slaver","floor":13,"turns":4},{"damage":2,"enemies":"3 Louse","floor":14,"turns":6},{"damage":52,"enemies":"The Guardian","floor":16,"turns":16}],"event_choices":[{"event_name":"Big Fish","player_choice":"Donut","floor":2,"damage_taken":0},{"event_name":"Accursed Blacksmith","player_choice":"Forge","floor":3,"damage_taken":0},{"event_name":"World of Goop","player_choice":"Gather Gold","floor":10,"damage_taken":0}],"boss_relics":[{"not_picked":["Lizard Tail","Runic Dome"],"picked":"Mark of Pain"}],"potions_floor_spawned":[1,7,11,16],"seed_played":"752279814958978921","ascension_level":0,"is_trial":false}