{"gold_per_floor":[118,118,118,9,29,55,65,65,133,144,176,176,176,196,196,196],"floor_reached":16,"playtime":425,"items_purged":["Pain"],"score":160,"play_id":"8dc2d52a-8a59-4b82-8dec-87941ba53b3f","local_time":"20181009214507","is_ascension_mode":true,"campfire_choices":[{"data":"Dagger Spray","floor":8,"key":"SMITH"},{"data":"Backflip","floor":12,"key":"SMITH"},{"data":"Blade Dance","floor":15,"key":"SMITH"}],"neow_cost":"NONE","seed_source_timestamp":84285328443700,"circlet_count":0,"master_deck":["Defend_G","Defend_G","Defend_G","Defend_G","Defend_G","Strike_G","Strike_G","Strike_G","Strike_G","Survivor","Neutralize","Blur+1","Dagger Spray+1","Infinite Blades","Infinite Blades","Blade Dance+1","Backflip+1","Cloak And Dagger","Blade Dance"],"relics":["Ring of the Snake","WarpedTongs","Regal Pillow","Bag of Preparation","Dodecahedron","Juzu Bracelet"],"potions_floor_usage":[6,10,16],"damage_taken":[{"damage":0,"enemies":"Small Slimes","floor":1,"turns":4},{"damage":0,"enemies":"Cultist","floor":5,"turns":4},{"damage":16,"enemies":"Gremlin Nob","floor":6,"turns":5},{"damage":7,"enemies":"2 Louse","floor":7,"turns":3},{"damage":0,"enemies":"Lots of Slimes","floor":10,"turns":1},{"damage":10,"enemies":"Lagavulin","floor":11,"turns":8},{"damage":0,"enemies":"Looter","floor":14,"turns":3},{"damage":31,"enemies":"Hexaghost","floor":16,"turns":9}],"seed_played":"1698030003292448065","potions_obtained":[{"floor":1,"key":"FearPotion"},{"floor":5,"key":"Dexterity Potion"},{"floor":7,"key":"Explosive Potion"},{"floor":14,"key":"Block Potion"}],"is_trial":false,"path_per_floor":["M","?","?","$","M","E","M","R","T","M","E","R","?","M","R"],"character_chosen":"THE_SILENT","items_purchased":["Infinite Blades"],"campfire_rested":0,"item_purchase_floors":[4],"current_hp_per_floor":[63,63,63,63,63,47,40,40,40,40,30,30,30,30,30,0],"gold":196,"neow_bonus":"TRANSFORM_CARD","is_prod":false,"is_daily":false,"chose_seed":false,"campfire_upgraded":3,"win_rate":0,"timestamp":1539146707,"path_taken":["M","?","?","$","M","E","M","R","T","M","E","R","?","M","R","BOSS"],"build_version":"2018-10-08","purchased_purges":1,"victory":false,"max_hp_per_floor":[70,70,70,70,70,70,70,70,70,70,70,70,70,70,70,70],"card_choices":[{"not_picked":["Predator","Acrobatics"],"picked":"Dagger Spray","floor":1},{"not_picked":["Slice","Well Laid Plans"],"picked":"Infinite Blades","floor":5},{"not_picked":["Skewer","Flechettes"],"picked":"Blade Dance","floor":6},{"not_picked":["Predator","Deflect"],"picked":"Backflip","floor":7},{"not_picked":["Quick Slash","Terror"],"picked":"Cloak And Dagger","floor":10},{"not_picked":["Well Laid Plans","Outmaneuver","Prepared"],"picked":"SKIP","floor":11},{"not_picked":["Outmaneuver","Sucker Punch"],"picked":"Blade Dance","floor":14}],"player_experience":362325,"relics_obtained":[{"floor":6,"key":"Bag of Preparation"},{"floor":9,"key":"Dodecahedron"},{"floor":11,"key":"Juzu Bracelet"}],"event_choices":[{"event_name":"Accursed Blacksmith","player_choice":"Rummage","floor":2,"damage_taken":0},{"event_name":"WeMeetAgain","player_choice":"Potion","floor":3,"damage_taken":0},{"event_name":"Living Wall","player_choice":"Grow","floor":13,"damage_taken":0}],"is_beta":true,"boss_relics":[],"items_purged_floors":[4],"is_endless":false,"potions_floor_spawned":[1,5,7,14],"killed_by":"Hexaghost","ascension_level":9}