{"path_per_floor":["M","M","M","?","?","E","$","?","T","E","M","E","R","M","R","B",null,"M","?","?","$","M","E","M","?","T","M","R","M","$","M","R","B",null,"M","M","?","M","?","R","M","M","T","R","?","$","M"],"character_chosen":"THE_SILENT","items_purchased":["Footwork","War Paint","Noxious Fumes"],"gold_per_floor":[119,138,151,151,151,184,109,109,109,134,148,179,179,192,192,292,292,310,310,235,68,82,112,130,130,130,140,140,156,10,26,26,123,123,140,158,158,169,169,169,188,199,199,199,199,123,141,141],"floor_reached":48,"campfire_rested":1,"playtime":11956,"item_purchase_floors":[21,30,46],"current_hp_per_floor":[70,70,68,73,73,65,65,65,65,62,62,44,44,44,44,32,82,66,66,66,66,71,58,58,58,68,56,56,56,56,48,48,30,92,71,60,60,50,50,50,19,15,15,42,42,42,36,0],"items_purged":["Strike_G","Strike_G"],"gold":141,"score":524,"play_id":"c4c0a7a7-9b3a-425e-abe2-50669a458234","local_time":"20180520223610","is_prod":false,"is_daily":false,"chose_seed":false,"is_ascension_mode":false,"campfire_upgraded":5,"timestamp":1526880970,"campfire_choices":[{"data":"Noxious Fumes","floor":13,"key":"SMITH"},{"data":"Noxious Fumes","floor":15,"key":"SMITH"},{"data":"Footwork","floor":28,"key":"SMITH"},{"data":"Catalyst","floor":32,"key":"SMITH"},{"data":"Noxious Fumes","floor":40,"key":"SMITH"},{"floor":44,"key":"REST"}],"path_taken":["M","M","M","?","?","E","?","?","T","E","?","E","R","M","R","BOSS","M","?","?","$","M","E","M","?","T","M","R","M","$","M","R","BOSS","M","?","?","?","?","R","M","M","T","R","?","$","M","E"],"build_version":"2018-05-18","seed_source_timestamp":207847675844889,"purchased_purges":2,"victory":false,"master_deck":["Defend_G","Defend_G","Defend_G","Defend_G","Defend_G+1","Survivor","Neutralize","Noxious Fumes+1","Backflip+1","Backflip","Escape Plan","Backstab","Noxious Fumes+1","Venomology","Dagger Spray+1","Catalyst+1","Footwork+1","Adrenaline","Noxious Fumes+1","Glass Knife","Injury","Injury","Decay","Footwork+1","Blur","Underhanded Strike+1","Secret Technique","Noxious Fumes"],"max_hp_per_floor":[70,70,70,75,75,75,75,75,75,82,82,82,82,82,82,82,82,82,82,82,82,82,82,82,82,92,92,92,92,92,92,92,92,92,92,92,92,92,92,92,92,92,92,92,92,92,92,92],"relics":["Velvet Choker","Ninja Scroll","Toolbox","Strawberry","Sundial","Lizard Tail","Happy Flower","Pear","War Paint","Calling Bell","Dream Catcher","Centennial Puzzle","Gambling Chip","Question Card"],"card_choices":[{"not_picked":["Flying Knee","Prepared"],"picked":"Noxious Fumes","floor":1},{"not_picked":["Underhanded Strike","Deflect"],"picked":"All Out Attack","floor":2},{"not_picked":["Quick Slash","Acrobatics","Well Laid Plans"],"picked":"SKIP","floor":3},{"not_picked":["Heel Hook","Cloak And Dagger"],"picked":"Backflip","floor":6},{"not_picked":["Bane","Cloak And Dagger"],"picked":"Backflip","floor":10},{"not_picked":["Masterful Stab","Eviscerate"],"picked":"Escape Plan","floor":11},{"not_picked":["Deadly Poison","Dodge and Roll"],"picked":"Backstab","floor":12},{"not_picked":["Infinite Blades","Predator"],"picked":"Noxious Fumes","floor":14},{"not_picked":["Bullet Time","Glass Knife"],"picked":"Venomology","floor":16},{"not_picked":["Finisher+1","Backflip"],"picked":"Dagger Spray+1","floor":18},{"not_picked":["Poisoned Stab","Backflip","Dagger Spray"],"picked":"SKIP","floor":22},{"not_picked":["Masterful Stab+1","Dagger Spray"],"picked":"Adrenaline","floor":23},{"not_picked":["Calculated Gamble","Dagger Throw+1","Backflip"],"picked":"SKIP","floor":24},{"not_picked":["Terror+1","Sucker Punch","Poisoned Stab"],"picked":"SKIP","floor":27},{"not_picked":["Dagger Throw","Finisher+1","Well Laid Plans"],"picked":"SKIP","floor":29},{"not_picked":["Flying Knee","Leg Sweep"],"picked":"Noxious Fumes","floor":31},{"not_picked":["Die Die Die","Tools of the Trade"],"picked":"Glass Knife","floor":33},{"not_picked":["Bane+1","Backflip","PiercingWail"],"picked":"SKIP","floor":35},{"not_picked":["Terror","Prepared+1","Sucker Punch"],"picked":"SKIP","floor":36},{"not_picked":["Well Laid Plans+1","Cloak And Dagger","Choke"],"picked":"SKIP","floor":38},{"not_picked":["Phantasmal Killer","Backflip"],"picked":"Footwork+1","floor":41},{"not_picked":["Blade Dance","PiercingWail"],"picked":"Blur","floor":42},{"not_picked":["Infinite Blades+1","Flying Knee","Sucker Punch"],"picked":"Underhanded Strike+1","floor":44},{"not_picked":["Master of Strategy","Panacea","Thinking Ahead"],"picked":"Secret Technique","floor":45},{"not_picked":["Dodge and Roll","Cloak And Dagger+1","Leg Sweep+1","Deadly Poison"],"picked":"SKIP","floor":47}],"player_experience":96893,"potions_floor_usage":[6,12,22,22,23,23,29,31,33,35,35,38,38,41,42,47,48,48],"damage_taken":[{"damage":0,"enemies":"2 Louse","floor":1,"turns":4},{"damage":0,"enemies":"Small Slimes","floor":2,"turns":4},{"damage":2,"enemies":"Jaw Worm","floor":3,"turns":4},{"damage":8,"enemies":"Lagavulin","floor":6,"turns":9},{"damage":10,"enemies":"3 Sentries","floor":10,"turns":8},{"damage":0,"enemies":"2 Fungi Beasts","floor":11,"turns":3},{"damage":18,"enemies":"Gremlin Nob","floor":12,"turns":5},{"damage":0,"enemies":"Red Slaver","floor":14,"turns":4},{"damage":12,"enemies":"Hexaghost","floor":16,"turns":10},{"damage":16,"enemies":"Spheric Guardian","floor":18,"turns":6},{"damage":0,"enemies":"Shell Parasite","floor":22,"turns":4},{"damage":13,"enemies":"Gremlin Leader","floor":23,"turns":7},{"damage":0,"enemies":"Snecko","floor":24,"turns":6},{"damage":12,"enemies":"Snake Plant","floor":27,"turns":6},{"damage":0,"enemies":"3 Cultists","floor":29,"turns":5},{"damage":8,"enemies":"Centurion and Healer","floor":31,"turns":6},{"damage":18,"enemies":"Champ","floor":33,"turns":10},{"damage":21,"enemies":"Orb Walker","floor":35,"turns":5},{"damage":11,"enemies":"3 Darklings","floor":36,"turns":4},{"damage":10,"enemies":"Flame Bruiser 2 Orb","floor":38,"turns":4},{"damage":31,"enemies":"Spire Growth","floor":41,"turns":5},{"damage":4,"enemies":"4 Shapes","floor":42,"turns":6},{"damage":6,"enemies":"Flame Bruiser 2 Orb","floor":47,"turns":5},{"damage":93,"enemies":"2 Orb Walkers","floor":48,"turns":5}],"relics_obtained":[{"floor":6,"key":"Ninja Scroll"},{"floor":9,"key":"Toolbox"},{"floor":10,"key":"Strawberry"},{"floor":12,"key":"Sundial"},{"floor":23,"key":"Happy Flower"},{"floor":26,"key":"Pear"},{"floor":34,"key":"Dream Catcher"},{"floor":34,"key":"Centennial Puzzle"},{"floor":34,"key":"Gambling Chip"},{"floor":43,"key":"Question Card"}],"event_choices":[{"event_name":"Big Fish","player_choice":"Donut","floor":4,"damage_taken":0},{"event_name":"Wheel of Change","player_choice":"Card Removal","floor":5,"damage_taken":0},{"event_name":"Liars Game","player_choice":"disagreed","floor":8,"damage_taken":0},{"event_name":"The Library","player_choice":"Read","floor":19,"damage_taken":0},{"event_name":"Beggar","player_choice":"Gave Gold","floor":20,"damage_taken":0},{"event_name":"Back to Basics","player_choice":"Elegance","floor":25,"damage_taken":0},{"event_name":"Mysterious Sphere","player_choice":"Ignore","floor":39,"damage_taken":0},{"event_name":"SensoryStone","player_choice":"Memory 1","floor":45,"damage_taken":0}],"boss_relics":[{"not_picked":["Eternal Feather","Philosopher\u0027s Stone"],"picked":"Lizard Tail"},{"not_picked":["Sozu","Astrolabe"],"picked":"Calling Bell"}],"items_purged_floors":[7,21],"potions_floor_spawned":[2,11,14,18,27,31,33,36,42,47],"seed_played":"3257010738945692672","killed_by":"2 Orb Walkers","ascension_level":0,"potions_obtained":[{"floor":2,"key":"Weak Potion"},{"floor":11,"key":"Dexterity Potion"},{"floor":14,"key":"Swift Potion"},{"floor":18,"key":"GhostInAJar"},{"floor":31,"key":"Weak Potion"},{"floor":33,"key":"Poison Potion"},{"floor":36,"key":"Block Potion"},{"floor":42,"key":"AttackPotion"},{"floor":47,"key":"EssenceOfSteel"}],"is_trial":false}