{"gold_per_floor":[365,377,13,26,36,71,85,110,110,110,187,198,210,50,50,155,155,174,194,205,221,221,246,246,273,273,302,315,315,315,335,335,436,486,503,521,521,521,536,536,554,554,554],"floor_reached":43,"playtime":1295,"items_purged":["Regret"],"score":624,"play_id":"b91dd3cd-0c25-4462-9994-b765775ca2ba","local_time":"20180906000749","is_ascension_mode":true,"campfire_choices":[{"data":"Shockwave","floor":15,"key":"SMITH"},{"data":"Shrug It Off","floor":24,"key":"SMITH"},{"data":"Flame Barrier","floor":30,"key":"SMITH"},{"data":"Shrug It Off","floor":32,"key":"SMITH"},{"data":"Berserk","floor":40,"key":"SMITH"}],"neow_cost":"CURSE","seed_source_timestamp":451291564911900,"circlet_count":0,"master_deck":["Strike_R","Strike_R+1","Strike_R","Strike_R","Strike_R","Defend_R","Defend_R","Defend_R","Defend_R","Shockwave+1","Twin Strike","Pommel Strike+1","Shrug It Off+1","Thunderclap+1","Perfected Strike+1","Perfected Strike+1","Shrug It Off+1","Sentinel","Shrug It Off+1","Pommel Strike+1","Immolate+1","Reaper+1","Pommel Strike+1","Battle Trance","Twin Strike+1","Twin Strike+1","Perfected Strike+1","Flame Barrier+1","Berserk+1","Seeing Red","Pommel Strike+1"],"relics":["Burning Blood","Molten Egg 2","Vajra","Regal Pillow","Meat on the Bone","Runic Dome","Dodecahedron","Question Card","The Courier","Mummified Hand","MutagenicStrength","Tiny House","Sundial"],"potions_floor_usage":[6,8,23,27,33,33,43,43],"damage_taken":[{"damage":20,"enemies":"Jaw Worm","floor":1,"turns":4},{"damage":4,"enemies":"Cultist","floor":2,"turns":4},{"damage":5,"enemies":"Small Slimes","floor":4,"turns":3},{"damage":10,"enemies":"3 Louse","floor":5,"turns":3},{"damage":40,"enemies":"Lagavulin","floor":6,"turns":5},{"damage":13,"enemies":"Exordium Thugs","floor":7,"turns":4},{"damage":13,"enemies":"Gremlin Nob","floor":8,"turns":3},{"damage":5,"enemies":"Large Slime","floor":12,"turns":4},{"damage":2,"enemies":"Red Slaver","floor":13,"turns":2},{"damage":11,"enemies":"The Guardian","floor":16,"turns":8},{"damage":0,"enemies":"3 Byrds","floor":18,"turns":3},{"damage":0,"enemies":"Spheric Guardian","floor":19,"turns":1},{"damage":0,"enemies":"Snecko","floor":20,"turns":3},{"damage":3,"enemies":"Sentry and Sphere","floor":21,"turns":3},{"damage":23,"enemies":"Book of Stabbing","floor":23,"turns":3},{"damage":13,"enemies":"Gremlin Leader","floor":25,"turns":3},{"damage":49,"enemies":"Book of Stabbing","floor":27,"turns":4},{"damage":9,"enemies":"Centurion and Healer","floor":28,"turns":2},{"damage":24,"enemies":"Snake Plant","floor":31,"turns":2},{"damage":48,"enemies":"Collector","floor":33,"turns":6},{"damage":0,"enemies":"Orb Walker","floor":35,"turns":2},{"damage":26,"enemies":"3 Darklings","floor":36,"turns":3},{"damage":15,"enemies":"4 Shapes","floor":39,"turns":5},{"damage":23,"enemies":"Transient","floor":41,"turns":5},{"damage":72,"enemies":"Awakened One","floor":43,"turns":4}],"seed_played":"6791663220641543983","potions_obtained":[{"floor":2,"key":"FearPotion"},{"floor":6,"key":"Strength Potion"},{"floor":7,"key":"Explosive Potion"},{"floor":13,"key":"PowerPotion"},{"floor":16,"key":"Block Potion"},{"floor":23,"key":"GamblersBrew"},{"floor":28,"key":"SkillPotion"},{"floor":33,"key":"EssenceOfSteel"},{"floor":34,"key":"FairyPotion"},{"floor":39,"key":"Dexterity Potion"}],"is_trial":false,"path_per_floor":["M","M","$","M","M","E","M","E","T","?","?","M","M","$","R","B",null,"M","M","M","M","?","E","R","E","T","E","M","?","R","M","R","B",null,"M","M","?","?","M","R","M","?"],"character_chosen":"IRONCLAD","items_purchased":["Molten Egg 2","Pommel Strike+1","Immolate+1"],"campfire_rested":0,"item_purchase_floors":[3,3,14],"current_hp_per_floor":[66,68,68,69,65,31,24,17,17,17,17,30,46,46,46,53,73,79,80,80,80,80,63,63,62,62,37,46,46,46,49,49,19,70,76,56,56,56,59,59,51,51,0],"gold":554,"neow_bonus":"TWO_FIFTY_GOLD","is_prod":false,"is_daily":false,"chose_seed":false,"campfire_upgraded":5,"win_rate":0,"timestamp":1536217669,"path_taken":["M","M","$","M","M","E","M","E","T","?","?","M","?","?","R","BOSS","M","M","M","?","?","E","R","E","T","E","M","?","R","?","R","BOSS","M","M","?","?","M","R","M","?","BOSS"],"build_version":"2018-09-04-v2","purchased_purges":1,"victory":false,"max_hp_per_floor":[80,80,80,80,80,80,80,80,80,80,80,80,80,80,80,80,80,80,80,80,80,80,80,80,80,80,80,80,80,80,80,80,80,85,85,85,85,85,85,85,85,85,85],"card_choices":[{"not_picked":["Intimidate","Pummel"],"picked":"Shockwave","floor":1},{"not_picked":["Clothesline","Perfected Strike"],"picked":"Twin Strike","floor":2},{"not_picked":["Flex","Juggernaut"],"picked":"Shrug It Off","floor":4},{"not_picked":["Armaments","Entrench"],"picked":"Thunderclap+1","floor":5},{"not_picked":["Body Slam+1","Headbutt+1"],"picked":"Perfected Strike+1","floor":6},{"not_picked":["Rampage+1","Dark Embrace"],"picked":"Perfected Strike+1","floor":7},{"not_picked":["Rupture","Bloodletting"],"picked":"Shrug It Off","floor":8},{"not_picked":["Shockwave","Armaments"],"picked":"Shrug It Off","floor":12},{"not_picked":["Blood for Blood+1","Dropkick+1"],"picked":"Pommel Strike+1","floor":13},{"not_picked":["Immolate+1","Berserk"],"picked":"Reaper+1","floor":16},{"not_picked":["Cleave+1","Clothesline+1"],"picked":"Pommel Strike+1","floor":18},{"not_picked":["Havoc","Spot Weakness"],"picked":"Battle Trance","floor":19},{"not_picked":["Dual Wield","Wild Strike+1"],"picked":"Twin Strike+1","floor":20},{"not_picked":["Heavy Blade+1","Wild Strike+1"],"picked":"Twin Strike+1","floor":21},{"not_picked":["Whirlwind+1","Searing Blow+1"],"picked":"Perfected Strike+1","floor":23},{"not_picked":["Body Slam+1","Clothesline+1","Clash+1"],"picked":"SKIP","floor":25},{"not_picked":["Flex+1","Heavy Blade+1","Thunderclap+1","Evolve+1"],"picked":"SKIP","floor":27},{"not_picked":["Spot Weakness","Entrench","Shockwave"],"picked":"Flame Barrier","floor":28},{"not_picked":["Flex","Feel No Pain","Body Slam+1","Iron Wave+1"],"picked":"SKIP","floor":31},{"not_picked":["Demon Form","Fiend Fire+1","Immolate+1"],"picked":"Berserk","floor":33},{"not_picked":["Clothesline+1","Havoc","Body Slam+1"],"picked":"Seeing Red","floor":35},{"not_picked":["Body Slam+1","Inflame","Sword Boomerang+1"],"picked":"Pommel Strike+1","floor":36},{"not_picked":["Second Wind","Demon Form","Cleave+1","Havoc"],"picked":"SKIP","floor":39},{"not_picked":["Feel No Pain","Warcry+1","Clothesline+1","Rampage+1"],"picked":"SKIP","floor":41}],"player_experience":252124,"relics_obtained":[{"floor":6,"key":"Vajra"},{"floor":8,"key":"Regal Pillow"},{"floor":9,"key":"Meat on the Bone"},{"floor":23,"key":"Dodecahedron"},{"floor":25,"key":"Question Card"},{"floor":26,"key":"The Courier"},{"floor":27,"key":"Mummified Hand"}],"event_choices":[{"event_name":"Transmorgrifier","player_choice":"Transform","floor":10,"damage_taken":0},{"event_name":"Golden Wing","player_choice":"Gained Gold","floor":11,"damage_taken":0},{"event_name":"Upgrade Shrine","player_choice":"Upgraded","floor":22,"damage_taken":0},{"event_name":"Drug Dealer","player_choice":"Inject Mutagens","floor":29,"damage_taken":0},{"event_name":"Tomb of Lord Red Mask","player_choice":"Ignored","floor":37,"damage_taken":0},{"event_name":"WeMeetAgain","player_choice":"Potion","floor":38,"damage_taken":0},{"event_name":"SecretPortal","player_choice":"Took Portal.","floor":42,"damage_taken":0}],"is_beta":true,"boss_relics":[{"not_picked":["Empty Cage","Astrolabe"],"picked":"Runic Dome"},{"not_picked":["Orrery","Runic Pyramid"],"picked":"Tiny House"}],"items_purged_floors":[3],"is_endless":false,"potions_floor_spawned":[2,6,7,13,16,21,23,25,28,33,39,41],"killed_by":"Awakened One","ascension_level":5}