{"gold_per_floor":[113,128,142,162,180,180,215,231,257,257,286,59,72,90,90,169,169,189,207,223,243,20,20,20,54,131,131,131,131,131,144,144,144],"floor_reached":33,"playtime":2803,"items_purged":["Strike_R"],"score":464,"play_id":"b9172db5-e12b-4154-bf4e-057f4e712746","local_time":"20190423134931","is_ascension_mode":true,"campfire_choices":[{"data":"Bash","floor":6,"key":"SMITH"},{"data":"Spot Weakness","floor":10,"key":"SMITH"},{"data":"Sword Boomerang","floor":15,"key":"SMITH"},{"floor":23,"key":"REST"},{"data":"Immolate","floor":28,"key":"SMITH"},{"floor":30,"key":"REST"},{"data":"Shrug It Off","floor":32,"key":"SMITH"}],"neow_cost":"NONE","seed_source_timestamp":1911376928793828,"circlet_count":0,"master_deck":["AscendersBane","Strike_R+1","Strike_R+1","Strike_R+1","Strike_R+1","Defend_R+1","Defend_R+1","Defend_R+1","Defend_R+1","Bash+1","Twin Strike+1","Headbutt","Wild Strike","Sword Boomerang+1","Headbutt","Spot Weakness+1","Power Through","Immolate+1","Wild Strike","Dropkick","Metallicize","Shockwave","Shrug It Off+1"],"special_seed":0,"relics":["Burning Blood","Bag of Marbles","Whetstone","Bronze Scales","Strawberry","Regal Pillow","Lizard Tail","Medical Kit","PreservedInsect","Kunai"],"potions_floor_usage":[20,25,31,31],"damage_taken":[{"damage":6.0,"enemies":"Cultist","floor":1.0,"turns":3.0},{"damage":0.0,"enemies":"Small Slimes","floor":2.0,"turns":3.0},{"damage":4.0,"enemies":"2 Louse","floor":3.0,"turns":3.0},{"damage":9.0,"enemies":"2 Fungi Beasts","floor":4.0,"turns":2.0},{"damage":7.0,"enemies":"Looter","floor":5.0,"turns":3.0},{"damage":5,"enemies":"Gremlin Nob","floor":7,"turns":3},{"damage":28,"enemies":"Large Slime","floor":8,"turns":5},{"damage":30,"enemies":"Lagavulin","floor":11,"turns":4},{"damage":18,"enemies":"3 Louse","floor":13,"turns":3},{"damage":7,"enemies":"Exordium Wildlife","floor":14,"turns":3},{"damage":23,"enemies":"The Guardian","floor":16,"turns":7},{"damage":33,"enemies":"Shell Parasite","floor":18,"turns":5},{"damage":0,"enemies":"Chosen","floor":19,"turns":4},{"damage":16,"enemies":"Centurion and Healer","floor":20,"turns":4},{"damage":16,"enemies":"Cultist and Chosen","floor":21,"turns":8},{"damage":37,"enemies":"Book of Stabbing","floor":25,"turns":5},{"damage":20,"enemies":"Shelled Parasite and Fungi","floor":31,"turns":6},{"damage":134,"enemies":"Automaton","floor":33,"turns":12}],"seed_played":"-2776139703896586381","potions_obtained":[{"floor":2.0,"key":"Strength Potion"},{"floor":4.0,"key":"Fire Potion"},{"floor":21,"key":"Strength Potion"},{"floor":25,"key":"LiquidBronze"}],"is_trial":false,"path_per_floor":["M","M","M","M","M","R","E","M","T","R","E","$","M","M","R","B",null,"M","M","M","M","$","R","$","E","T","?","R","?","R","M","R","B"],"character_chosen":"IRONCLAD","items_purchased":["Regal Pillow","Medical Kit","Shrug It Off"],"campfire_rested":2,"item_purchase_floors":[12,22,22],"current_hp_per_floor":[72,78,80,77,76,76,77,55,55,55,38,38,26,25,25,8,67,40,46,36,26,26,67,67,36,36,19,19,19,61,47,47,0],"gold":144,"neow_bonus":"RANDOM_COMMON_RELIC","is_prod":false,"is_daily":false,"chose_seed":false,"campfire_upgraded":5,"win_rate":0,"timestamp":1556005771,"path_taken":["M","M","M","M","M","R","E","M","T","R","E","$","?","M","R","BOSS","M","M","M","M","$","R","?","E","T","?","R","?","R","M","R","BOSS"],"build_version":"2019-01-23","purchased_purges":1,"victory":false,"max_hp_per_floor":[80,80,80,80,80,80,80,80,80,80,87,87,87,87,87,87,87,87,87,87,87,87,87,87,87,87,92,92,92,92,92,92,92],"card_choices":[{"not_picked":["Seeing Red","Body Slam"],"picked":"Twin Strike","floor":1.0},{"not_picked":["Rampage","Heavy Blade"],"picked":"Headbutt","floor":2.0},{"not_picked":["Clash","Iron Wave"],"picked":"Wild Strike","floor":3.0},{"not_picked":["Berserk","Clash"],"picked":"Sword Boomerang","floor":4.0},{"not_picked":["Twin Strike","Clash"],"picked":"Headbutt","floor":5},{"not_picked":["Armaments","Berserk","Evolve"],"picked":"SKIP","floor":7},{"not_picked":["Cleave","Dropkick"],"picked":"Spot Weakness","floor":8},{"not_picked":["Sword Boomerang","Wild Strike","Intimidate"],"picked":"SKIP","floor":11},{"not_picked":["Clothesline","Bloodletting","Cleave"],"picked":"SKIP","floor":13},{"not_picked":["Clash","Seeing Red"],"picked":"Power Through","floor":14},{"not_picked":["Barricade","Brutality"],"picked":"Immolate","floor":16},{"not_picked":["Cleave","Rampage"],"picked":"Wild Strike","floor":18},{"not_picked":["Bloodletting","Rage"],"picked":"Dropkick","floor":19},{"not_picked":["Havoc","Warcry"],"picked":"Metallicize","floor":20},{"not_picked":["Perfected Strike","Ghostly Armor"],"picked":"Shockwave","floor":21},{"not_picked":["Reckless Charge","Perfected Strike","Pommel Strike"],"picked":"SKIP","floor":25},{"not_picked":["Shockwave","Thunderclap","Wild Strike+1"],"picked":"SKIP","floor":31}],"player_experience":1185275,"relics_obtained":[{"floor":7,"key":"Whetstone"},{"floor":9,"key":"Bronze Scales"},{"floor":11,"key":"Strawberry"},{"floor":25,"key":"PreservedInsect"},{"floor":26,"key":"Kunai"}],"event_choices":[{"damage_healed":0,"gold_gain":0,"player_choice":"Shed Blood","damage_taken":22,"max_hp_gain":5,"max_hp_loss":0,"event_name":"Forgotten Altar","floor":27,"gold_loss":0},{"damage_healed":0,"gold_gain":0,"player_choice":"Simplicity","damage_taken":0,"max_hp_gain":0,"max_hp_loss":0,"event_name":"Back to Basics","floor":29,"gold_loss":0,"cards_upgraded":["Strike_R","Strike_R","Strike_R","Defend_R","Defend_R","Defend_R","Defend_R"]}],"is_beta":false,"boss_relics":[{"not_picked":["Eternal Feather","Sozu"],"picked":"Lizard Tail"}],"items_purged_floors":[12],"is_endless":false,"potions_floor_spawned":[2,4,5,13,14,16,19,21,25],"killed_by":"Automaton","ascension_level":13}