{"gold_per_floor":[109,184,239,414,429,429,429,399,451,377,405,416,433,44,44,144,144,163,163,163,177,196,196,216,236,236,136,156,175,175,195,195,195],"floor_reached":33,"playtime":1837,"items_purged":["Strike_R"],"score":423,"play_id":"3998319c-50f2-4c48-94bd-f792ab6543d0","local_time":"20190408175916","is_ascension_mode":true,"campfire_choices":[{"data":"Bash","floor":6.0,"key":"SMITH"},{"data":"Pommel Strike","floor":15.0,"key":"SMITH"},{"floor":23.0,"key":"REST"},{"floor":30.0,"key":"REST"},{"floor":32.0,"key":"REST"}],"neow_cost":"CURSE","seed_source_timestamp":631383066537318,"circlet_count":0,"master_deck":["AscendersBane","Strike_R+1","Strike_R+1","Strike_R+1","Strike_R+1","Defend_R+1","Defend_R+1","Defend_R+1","Defend_R+1","Bash+1","Injury","Pommel Strike","Doubt","Corruption","Twin Strike","Pommel Strike+1","Warcry+1","Blood for Blood","Dropkick","Exhume+1","Burning Pact+1","True Grit+1","Thunderclap"],"special_seed":0,"relics":["Burning Blood","Anchor","Toxic Egg 2","Strawberry","Ancient Tea Set","Shuriken","Busted Crown","Nilry\u0027s Codex","Gremlin Horn"],"potions_floor_usage":[],"damage_taken":[{"damage":0.0,"enemies":"2 Louse","floor":1.0,"turns":3.0},{"damage":0.0,"enemies":"Jaw Worm","floor":5.0,"turns":3.0},{"damage":18.0,"enemies":"Gremlin Nob","floor":11.0,"turns":4.0},{"damage":8.0,"enemies":"Small Slimes","floor":12.0,"turns":5.0},{"damage":23.0,"enemies":"3 Louse","floor":13.0,"turns":4.0},{"damage":57.0,"enemies":"Hexaghost","floor":16.0,"turns":8.0},{"damage":17.0,"enemies":"Spheric Guardian","floor":18.0,"turns":4.0},{"damage":35.0,"enemies":"Chosen","floor":21.0,"turns":6.0},{"damage":20.0,"enemies":"Centurion and Healer","floor":22.0,"turns":7.0},{"damage":24.0,"enemies":"Snake Plant","floor":24.0,"turns":4.0},{"damage":12.0,"enemies":"3 Cultists","floor":25.0,"turns":5.0},{"damage":7.0,"enemies":"Centurion and Healer","floor":28.0,"turns":6.0},{"damage":16.0,"enemies":"Snake Plant","floor":29.0,"turns":5.0},{"damage":12.0,"enemies":"Snecko","floor":31.0,"turns":2.0},{"damage":86,"enemies":"Collector","floor":33,"turns":6}],"seed_played":"-119262609353898802","potions_obtained":[{"floor":8.0,"key":"Strength Potion"},{"floor":8.0,"key":"Energy Potion"},{"floor":11.0,"key":"Dexterity Potion"},{"floor":13.0,"key":"SteroidPotion"},{"floor":21.0,"key":"Weak Potion"},{"floor":28.0,"key":"BloodPotion"},{"floor":29.0,"key":"SkillPotion"}],"is_trial":false,"path_per_floor":["M","?","T","?","M","R","?","?","T","$","E","M","M","$","R","B",null,"M","?","?","M","M","R","M","M","T","$","M","M","R","M","R","B"],"character_chosen":"IRONCLAD","items_purchased":["Twin Strike","Pommel Strike","Shuriken","Dropkick","Fruit Juice"],"campfire_rested":3,"item_purchase_floors":[10,10,14,14,27],"current_hp_per_floor":[94,83,83,83,89,89,86,86,93,93,81,79,62,62,62,11,80,69,69,53,24,10,40,22,16,16,16,20,20,52,46,78,0],"gold":195,"neow_bonus":"TWENTY_PERCENT_HP_BONUS","is_prod":false,"is_daily":false,"chose_seed":false,"campfire_upgraded":2,"win_rate":0,"timestamp":1554724756,"path_taken":["M","?","?","?","M","R","?","?","T","$","E","?","M","$","R","BOSS","M","?","?","M","M","R","M","M","T","?","M","M","R","M","R","BOSS"],"build_version":"2019-01-23","purchased_purges":1,"victory":false,"max_hp_per_floor":[96,96,96,96,96,96,96,96,103,103,103,103,103,103,103,103,103,103,103,103,103,103,103,103,103,103,103,108,108,108,108,108,108],"card_choices":[{"not_picked":["Warcry","Spot Weakness"],"picked":"Pommel Strike","floor":1.0},{"not_picked":["Pommel Strike","Headbutt"],"picked":"Corruption","floor":5.0},{"not_picked":["Perfected Strike","Juggernaut"],"picked":"Warcry+1","floor":11.0},{"not_picked":["Thunderclap","Whirlwind","Cleave"],"picked":"SKIP","floor":12.0},{"not_picked":["Anger","Bloodletting+1"],"picked":"Blood for Blood","floor":13.0},{"not_picked":["Reaper","Barricade"],"picked":"Exhume+1","floor":16.0},{"not_picked":["Blood for Blood"],"picked":"SKIP","floor":18.0},{"not_picked":["Thunderclap"],"picked":"SKIP","floor":21.0},{"not_picked":[],"picked":"Burning Pact+1","floor":22.0},{"not_picked":["Headbutt"],"picked":"SKIP","floor":24.0},{"not_picked":[],"picked":"True Grit+1","floor":25.0},{"not_picked":[],"picked":"Thunderclap","floor":28.0},{"not_picked":["Iron Wave"],"picked":"SKIP","floor":29.0},{"not_picked":["Clash"],"picked":"SKIP","floor":31.0}],"player_experience":1123372,"relics_obtained":[{"floor":3.0,"key":"Anchor"},{"floor":9.0,"key":"Strawberry"},{"floor":11.0,"key":"Ancient Tea Set"},{"floor":20.0,"key":"Nilry\u0027s Codex"},{"floor":26.0,"key":"Gremlin Horn"}],"event_choices":[{"damage_healed":0.0,"max_hp_gain":0.0,"max_hp_loss":0.0,"gold_gain":75.0,"event_name":"World of Goop","player_choice":"Gather Gold","floor":2.0,"gold_loss":0.0,"damage_taken":11.0},{"damage_healed":0.0,"max_hp_gain":0.0,"max_hp_loss":0.0,"gold_gain":175.0,"event_name":"Liars Game","player_choice":"AGREE","floor":4.0,"gold_loss":0.0,"damage_taken":0.0,"cards_obtained":["Doubt"]},{"damage_healed":0.0,"max_hp_gain":0.0,"max_hp_loss":0.0,"gold_gain":0.0,"event_name":"Scrap Ooze","player_choice":"Success","floor":7.0,"gold_loss":0.0,"damage_taken":3.0,"relics_obtained":["Toxic Egg 2"]},{"damage_healed":0.0,"max_hp_gain":0.0,"max_hp_loss":0.0,"gold_gain":0.0,"event_name":"The Woman in Blue","player_choice":"Bought 2 Potions","floor":8.0,"gold_loss":0.0,"damage_taken":0.0},{"damage_healed":0.0,"max_hp_gain":0.0,"max_hp_loss":0.0,"gold_gain":0.0,"event_name":"Back to Basics","player_choice":"Simplicity","floor":19.0,"gold_loss":0.0,"damage_taken":0.0,"cards_upgraded":["Strike_R","Strike_R","Strike_R","Strike_R","Defend_R","Defend_R","Defend_R","Defend_R"]},{"damage_healed":0.0,"max_hp_gain":0.0,"max_hp_loss":0.0,"gold_gain":0.0,"event_name":"Cursed Tome","player_choice":"Obtained Book","floor":20.0,"gold_loss":0.0,"damage_taken":16.0}],"is_beta":false,"boss_relics":[{"not_picked":["Mark of Pain","Ectoplasm"],"picked":"Busted Crown"}],"items_purged_floors":[14],"is_endless":false,"potions_floor_spawned":[11,13,21,28,29],"killed_by":"Collector","ascension_level":12}