{"gold_per_floor":[114,189,189,206,206,232,252,252],"floor_reached":8,"playtime":151,"items_purged":[],"score":112,"play_id":"f5f3bedc-0649-4748-be16-9cbfe3acca99","local_time":"20190410223539","is_ascension_mode":true,"campfire_choices":[],"neow_cost":"TEN_PERCENT_HP_LOSS","seed_source_timestamp":0,"circlet_count":0,"master_deck":["AscendersBane","Strike_R","Strike_R","Strike_R","Strike_R","Strike_R","Defend_R","Defend_R","Defend_R","Bash","Double Tap","Pummel","Whirlwind","Heavy Blade","Shrug It Off"],"special_seed":0,"relics":["Burning Blood","Dodecahedron"],"potions_floor_usage":[],"damage_taken":[{"damage":12.0,"enemies":"Jaw Worm","floor":1.0,"turns":3.0},{"damage":9.0,"enemies":"2 Louse","floor":4.0,"turns":4.0},{"damage":56,"enemies":"Gremlin Nob","floor":6,"turns":5},{"damage":8,"enemies":"Small Slimes","floor":7,"turns":2},{"damage":10,"enemies":"Gremlin Gang","floor":8,"turns":2}],"seed_played":"-5891604317479209437","potions_obtained":[],"is_trial":false,"path_per_floor":["M","?","?","M","?","E","M","M"],"character_chosen":"IRONCLAD","items_purchased":[],"campfire_rested":0,"item_purchase_floors":[],"current_hp_per_floor":[62,51,68,65,65,15,13,3],"gold":252,"neow_bonus":"THREE_RARE_CARDS","is_prod":false,"is_daily":false,"chose_seed":false,"campfire_upgraded":0,"win_rate":0,"timestamp":1554928539,"path_taken":["M","?","?","M","?","E","M","?"],"build_version":"2019-04-04","purchased_purges":0,"victory":false,"max_hp_per_floor":[68,68,68,68,68,68,68,68],"card_choices":[{"not_picked":["Juggernaut","Impervious"],"picked":"Double Tap","floor":0.0},{"not_picked":["Clothesline","Anger","Cleave"],"picked":"SKIP","floor":1.0},{"not_picked":["Bloodletting","Headbutt"],"picked":"Pummel","floor":4.0},{"not_picked":["Perfected Strike","Combust"],"picked":"Heavy Blade","floor":6},{"not_picked":["Sword Boomerang","Wild Strike"],"picked":"Shrug It Off","floor":7}],"player_experience":1356286,"relics_obtained":[{"floor":6,"key":"Dodecahedron"}],"event_choices":[{"damage_healed":0.0,"max_hp_gain":0.0,"max_hp_loss":0.0,"gold_gain":75.0,"event_name":"World of Goop","player_choice":"Gather Gold","floor":2.0,"gold_loss":0.0,"damage_taken":11.0},{"damage_healed":22.0,"max_hp_gain":0.0,"max_hp_loss":0.0,"gold_gain":0.0,"event_name":"Big Fish","player_choice":"Banana","floor":3.0,"gold_loss":0.0,"damage_taken":0.0},{"damage_healed":0.0,"max_hp_gain":0.0,"max_hp_loss":0.0,"gold_gain":0.0,"cards_transformed":["Defend_R"],"event_name":"Transmorgrifier","player_choice":"Transformed","floor":5.0,"gold_loss":0.0,"damage_taken":0.0,"cards_obtained":["Whirlwind"]}],"is_beta":true,"boss_relics":[],"items_purged_floors":[],"is_endless":false,"potions_floor_spawned":[],"killed_by":"Gremlin Gang","ascension_level":20}