{"gold_per_floor":[116,130,47,47,12,12,46,46,71,92,130,151,172,191,191,284,284,308,43,0,0,23,23,23],"floor_reached":24,"playtime":1832,"items_purged":[],"score":391,"play_id":"60ede650-504a-4364-bca5-291897e581bd","local_time":"20190412181401","is_ascension_mode":true,"campfire_choices":[{"data":"Dualcast","floor":6,"key":"SMITH"},{"data":"Hologram","floor":15,"key":"SMITH"},{"floor":23,"key":"REST"}],"neow_cost":"NONE","seed_source_timestamp":977938295695323,"circlet_count":0,"master_deck":["AscendersBane","Strike_B","Strike_B","Defend_B","Defend_B","Defend_B","Defend_B","Zap","Dualcast+1","Glacier","Rebound","Steam","Cold Snap","Sweeping Beam","Lockon","Coolheaded","Loop","Darkness","Hologram+1","Multi-Cast","Redo","Genetic Algorithm+1"],"relics":["Cracked Core","Oddly Smooth Stone","Golden Idol","Darkstone Periapt","Dream Catcher","Pear","Empty Cage","Toxic Egg 2"],"potions_floor_usage":[11,11,13,18,20,24],"damage_taken":[{"damage":1,"enemies":"Jaw Worm","floor":1,"turns":3},{"damage":3,"enemies":"2 Louse","floor":2,"turns":4},{"damage":21,"enemies":"Lagavulin","floor":7,"turns":11},{"damage":0,"enemies":"Small Slimes","floor":10,"turns":4},{"damage":8,"enemies":"Gremlin Nob","floor":11,"turns":3},{"damage":2,"enemies":"Looter","floor":12,"turns":2},{"damage":12,"enemies":"Exordium Wildlife","floor":13,"turns":3},{"damage":8,"enemies":"2 Fungi Beasts","floor":14,"turns":4},{"damage":19,"enemies":"Hexaghost","floor":16,"turns":12},{"damage":20,"enemies":"Shell Parasite","floor":18,"turns":6},{"damage":2,"enemies":"2 Thieves","floor":20,"turns":4},{"damage":17,"enemies":"Snake Plant","floor":22,"turns":5},{"damage":43,"enemies":"Masked Bandits","floor":24,"turns":3}],"seed_played":"-2753628346505766096","potions_obtained":[{"floor":8,"key":"FearPotion"},{"floor":8,"key":"AttackPotion"},{"floor":11,"key":"AttackPotion"},{"floor":13,"key":"FocusPotion"},{"floor":14,"key":"PowerPotion"},{"floor":22,"key":"Strength Potion"}],"is_trial":false,"path_per_floor":["M","M","$","?","?","R","E","?","T","M","E","M","M","M","R","B",null,"M","$","M","$","M","R","?"],"character_chosen":"DEFECT","items_purchased":["Steam","Cold Snap","Toxic Egg 2"],"campfire_rested":1,"item_purchase_floors":[3,3,19],"current_hp_per_floor":[63,60,60,60,64,64,43,43,43,43,45,43,31,23,23,4,57,37,37,35,35,18,40,0],"gold":23,"neow_bonus":"RANDOM_COMMON_RELIC","is_prod":false,"is_daily":false,"chose_seed":false,"campfire_upgraded":2,"win_rate":0,"timestamp":1555071241,"path_taken":["M","M","$","?","?","R","E","?","T","M","E","M","?","M","R","BOSS","M","$","M","$","M","R","?"],"build_version":"2019-01-23","purchased_purges":0,"victory":false,"max_hp_per_floor":[71,71,71,64,64,64,64,64,64,64,74,74,74,74,74,74,74,74,74,74,74,74,74,74],"card_choices":[{"not_picked":["Beam Cell","Melter"],"picked":"Glacier","floor":1},{"not_picked":["Auto Shields","BootSequence"],"picked":"Rebound","floor":2},{"not_picked":["Hologram","Compile Driver"],"picked":"Sweeping Beam","floor":7},{"not_picked":["Skim","Steam Power"],"picked":"Lockon","floor":10},{"not_picked":["Redo","Scrape"],"picked":"Coolheaded","floor":11},{"not_picked":["Melter","Beam Cell"],"picked":"Loop","floor":12},{"not_picked":["Undo","Steam Power"],"picked":"Darkness","floor":13},{"not_picked":["Sweeping Beam","Leap"],"picked":"Hologram","floor":14},{"not_picked":["Reboot","Thunder Strike"],"picked":"Multi-Cast","floor":16},{"not_picked":["Rebound","Go for the Eyes"],"picked":"Redo","floor":18},{"not_picked":["Gash","Static Discharge","Rebound"],"picked":"SKIP","floor":20},{"not_picked":["Rebound+1","Storm","Fusion+1"],"picked":"SKIP","floor":22},{"not_picked":["Barrage","Compile Driver+1"],"picked":"Genetic Algorithm+1","floor":23}],"player_experience":1138518,"relics_obtained":[{"floor":7,"key":"Darkstone Periapt"},{"floor":9,"key":"Dream Catcher"},{"floor":11,"key":"Pear"}],"event_choices":[{"damage_healed":0,"gold_gain":0,"player_choice":"Lose Max HP","damage_taken":0,"relics_obtained":["Golden Idol"],"max_hp_gain":0,"max_hp_loss":7,"event_name":"Golden Idol","floor":4,"gold_loss":0},{"damage_healed":16,"gold_gain":0,"player_choice":"Healed","damage_taken":0,"max_hp_gain":0,"max_hp_loss":0,"event_name":"The Cleric","floor":5,"gold_loss":35},{"damage_healed":0,"gold_gain":0,"player_choice":"Got Potions","damage_taken":0,"max_hp_gain":0,"max_hp_loss":0,"event_name":"Lab","floor":8,"gold_loss":0},{"damage_healed":0,"gold_gain":0,"player_choice":"Fought Bandits","damage_taken":0,"max_hp_gain":0,"max_hp_loss":0,"event_name":"Masked Bandits","floor":24,"gold_loss":0}],"is_beta":false,"boss_relics":[{"not_picked":["Sozu","Cursed Key"],"picked":"Empty Cage"}],"items_purged_floors":[],"is_endless":false,"potions_floor_spawned":[11,13,14,22],"killed_by":"Masked Bandits","ascension_level":18}