{"gold_per_floor":[365,365,376,14,14,44,55,55,82,82,93,108,123,182,182,280,280,295,295,395,395,413,413,413],"floor_reached":24,"playtime":972,"items_purged":["Regret"],"score":231,"play_id":"f7279eb7-8c8c-4356-9dc7-1f73902c1d0b","local_time":"20190315230006","is_ascension_mode":false,"campfire_choices":[{"data":"Bash","floor":15,"key":"SMITH"},{"floor":23,"key":"REST"}],"neow_cost":"CURSE","seed_source_timestamp":173598986700200,"circlet_count":0,"master_deck":["Strike_R","Strike_R","Strike_R","Strike_R","Defend_R","Defend_R","Bash+1","Sword Boomerang","Shrug It Off","Feed","Disarm+1","Second Wind+1","Evolve+1","Writhe"],"relics":["Burning Blood","Strawberry","Pocketwatch","Potion Belt","Pen Nib","Tiny Chest","Astrolabe","Ice Cream","Charon\u0027s Ashes","Ornamental Fan","Dream Catcher"],"potions_floor_usage":[16,16,20,20,24],"damage_taken":[{"damage":1,"enemies":"2 Louse","floor":1,"turns":2},{"damage":5,"enemies":"Small Slimes","floor":3,"turns":4},{"damage":54,"enemies":"Lagavulin","floor":6,"turns":7},{"damage":0,"enemies":"Jaw Worm","floor":7,"turns":3},{"damage":2,"enemies":"Blue Slaver","floor":11,"turns":5},{"damage":0,"enemies":"Red Slaver","floor":12,"turns":3},{"damage":5,"enemies":"3 Louse","floor":13,"turns":3},{"damage":28,"enemies":"Gremlin Nob","floor":14,"turns":4},{"damage":30,"enemies":"The Guardian","floor":16,"turns":13},{"damage":19,"enemies":"Shell Parasite","floor":18,"turns":6},{"damage":33,"enemies":"Colosseum Slavers","floor":20,"turns":5},{"damage":37,"enemies":"Colosseum Nobs","floor":20,"turns":5},{"damage":4,"enemies":"Chosen","floor":22,"turns":8},{"damage":59,"enemies":"Gremlin Leader","floor":24,"turns":9}],"seed_played":"4637319429137170539","potions_obtained":[{"floor":1,"key":"GamblersBrew"},{"floor":11,"key":"SteroidPotion"},{"floor":14,"key":"Fire Potion"},{"floor":16,"key":"FearPotion"},{"floor":18,"key":"PowerPotion"}],"is_trial":false,"path_per_floor":["M","?","M","$","?","E","M","$","T","$","M","M","M","E","R","B",null,"M","T","?","?","M","R","E"],"character_chosen":"IRONCLAD","items_purchased":["Pocketwatch"],"campfire_rested":1,"item_purchase_floors":[4],"current_hp_per_floor":[80,87,87,87,87,39,45,45,45,45,49,55,56,34,34,10,87,77,77,25,25,30,59,0],"gold":413,"neow_bonus":"TWO_FIFTY_GOLD","is_prod":false,"is_daily":false,"chose_seed":false,"campfire_upgraded":1,"win_rate":0,"timestamp":1552687206,"path_taken":["M","?","M","$","?","E","M","?","T","?","M","?","M","E","R","BOSS","M","?","?","?","M","R","E"],"build_version":"2019-02-06","purchased_purges":1,"victory":false,"max_hp_per_floor":[80,87,87,87,87,87,87,87,87,87,87,87,87,87,87,87,87,90,90,96,96,99,99,99],"card_choices":[{"not_picked":["Pommel Strike","Infernal Blade"],"picked":"Sword Boomerang","floor":1},{"not_picked":["Infernal Blade","Wild Strike","Fire Breathing"],"picked":"SKIP","floor":3},{"not_picked":["Brutality","Blood for Blood"],"picked":"Shrug It Off","floor":6},{"not_picked":["Warcry","Wild Strike","True Grit"],"picked":"SKIP","floor":7},{"not_picked":["Body Slam","Perfected Strike","Wild Strike"],"picked":"SKIP","floor":11},{"not_picked":["True Grit","Body Slam","Perfected Strike"],"picked":"SKIP","floor":12},{"not_picked":["Sever Soul","Havoc","Armaments"],"picked":"SKIP","floor":13},{"not_picked":["Warcry","Headbutt","Flex"],"picked":"SKIP","floor":14},{"not_picked":["Double Tap","Brutality"],"picked":"Feed","floor":16},{"not_picked":["Clash","Heavy Blade","True Grit+1"],"picked":"SKIP","floor":18},{"not_picked":["True Grit+1","Ghostly Armor","Infernal Blade"],"picked":"SKIP","floor":22}],"player_experience":1260402,"relics_obtained":[{"floor":6,"key":"Potion Belt"},{"floor":9,"key":"Pen Nib"},{"floor":14,"key":"Tiny Chest"},{"floor":19,"key":"Ice Cream"},{"floor":20,"key":"Charon\u0027s Ashes"},{"floor":20,"key":"Ornamental Fan"}],"event_choices":[{"damage_healed":0,"gold_gain":0,"player_choice":"Box","damage_taken":0,"relics_obtained":["Strawberry"],"max_hp_gain":0,"max_hp_loss":0,"event_name":"Big Fish","floor":2,"gold_loss":0,"cards_obtained":["Regret"]},{"cards_removed":["Regret"],"damage_healed":0,"gold_gain":0,"player_choice":"Forget","damage_taken":0,"max_hp_gain":0,"max_hp_loss":0,"event_name":"Living Wall","floor":5,"gold_loss":0},{"damage_healed":0,"gold_gain":0,"player_choice":"Fight","damage_taken":0,"max_hp_gain":0,"max_hp_loss":0,"event_name":"Colosseum","floor":20,"gold_loss":0},{"damage_healed":0,"gold_gain":0,"player_choice":"Fought Nobs","damage_taken":0,"max_hp_gain":0,"max_hp_loss":0,"event_name":"Colosseum","floor":20,"gold_loss":0},{"damage_healed":0,"gold_gain":0,"player_choice":"Opened","damage_taken":0,"relics_obtained":["Dream Catcher"],"max_hp_gain":0,"max_hp_loss":0,"event_name":"The Mausoleum","floor":21,"gold_loss":0,"cards_obtained":["Writhe"]}],"is_beta":true,"boss_relics":[{"not_picked":["Sozu","Busted Crown"],"picked":"Astrolabe"}],"items_purged_floors":[4],"is_endless":false,"potions_floor_spawned":[1,11,14,16,18,20],"killed_by":"Gremlin Leader","ascension_level":0}