{"gold_per_floor":[114,127,14,30,43,43,70,84,110,110,124,155,167,212,224,236],"floor_reached":16,"playtime":1143,"items_purged":[],"score":226,"play_id":"e520bda4-d715-426f-b291-296d25682df9","local_time":"20190502141220","is_ascension_mode":true,"campfire_choices":[{"data":"Acrobatics","floor":6.0,"key":"SMITH"},{"floor":10,"key":"REST"},{"floor":15,"key":"REST"}],"neow_cost":"TEN_PERCENT_HP_LOSS","seed_source_timestamp":15389746196717,"circlet_count":0,"master_deck":["AscendersBane","Defend_G","Defend_G","Defend_G","Defend_G","Defend_G","Strike_G","Strike_G","Strike_G","Strike_G","Survivor","Neutralize","Grand Finale","Cloak And Dagger","Acrobatics","Acrobatics+1","Dagger Throw","Well Laid Plans","Reflex"],"special_seed":0,"relics":["Ring of the Snake","Regal Pillow","Bag of Marbles","MawBank","Dream Catcher"],"potions_floor_usage":[],"damage_taken":[{"damage":8.0,"enemies":"Cultist","floor":1.0,"turns":5.0},{"damage":8.0,"enemies":"Small Slimes","floor":2.0,"turns":6.0},{"damage":2.0,"enemies":"Jaw Worm","floor":4.0,"turns":5.0},{"damage":19.0,"enemies":"Lots of Slimes","floor":5.0,"turns":7.0},{"damage":3.0,"enemies":"Gremlin Nob","floor":7.0,"turns":3.0},{"damage":31,"enemies":"2 Fungi Beasts","floor":8,"turns":7},{"damage":0,"enemies":"Looter","floor":11,"turns":4},{"damage":17,"enemies":"3 Sentries","floor":12,"turns":5},{"damage":9,"enemies":"Lagavulin","floor":14,"turns":4},{"damage":44,"enemies":"Hexaghost","floor":16,"turns":12}],"seed_played":"-2474165710455890925","potions_obtained":[{"floor":4.0,"key":"FairyPotion"},{"floor":5.0,"key":"GamblersBrew"},{"floor":14,"key":"SteroidPotion"}],"is_trial":false,"path_per_floor":["M","M","$","M","M","R","E","M","T","R","M","E","?","E","R","B"],"character_chosen":"THE_SILENT","items_purchased":["Acrobatics","Block Potion"],"campfire_rested":2,"item_purchase_floors":[3,3],"current_hp_per_floor":[51,43,43,41,22,22,19,6,6,39,39,22,22,13,46,2],"gold":236,"neow_bonus":"THREE_RARE_CARDS","is_prod":false,"is_daily":false,"chose_seed":false,"campfire_upgraded":1,"win_rate":0,"timestamp":1556773940,"path_taken":["M","M","$","M","?","R","E","M","T","R","M","E","?","E","R","BOSS"],"build_version":"2019-01-23","purchased_purges":0,"victory":false,"max_hp_per_floor":[60,60,60,60,60,60,60,60,60,60,60,60,60,60,60,60],"card_choices":[{"not_picked":["Doppelganger","Wraith Form v2"],"picked":"Grand Finale","floor":0.0},{"not_picked":["Slice","Finisher","Outmaneuver"],"picked":"SKIP","floor":1.0},{"not_picked":["Skewer","Bane"],"picked":"Cloak And Dagger","floor":2.0},{"not_picked":["Quick Slash","Dagger Throw"],"picked":"Acrobatics","floor":4.0},{"not_picked":["Acrobatics","Deadly Poison","Leg Sweep"],"picked":"SKIP","floor":5.0},{"not_picked":["Masterful Stab","Storm of Steel","Catalyst"],"picked":"SKIP","floor":7.0},{"not_picked":["Underhanded Strike","Slice"],"picked":"Dagger Throw","floor":8},{"not_picked":["Prepared","Predator"],"picked":"Well Laid Plans","floor":11},{"not_picked":["Endless Agony","Blur","Bane"],"picked":"SKIP","floor":12},{"not_picked":["Bouncing Flask","Outmaneuver","Bane"],"picked":"SKIP","floor":14}],"player_experience":734435,"relics_obtained":[{"floor":7.0,"key":"Regal Pillow"},{"floor":9,"key":"Bag of Marbles"},{"floor":12,"key":"MawBank"},{"floor":14,"key":"Dream Catcher"}],"event_choices":[{"damage_healed":0,"gold_gain":0,"cards_transformed":["Strike_G"],"player_choice":"Transformed","damage_taken":0,"max_hp_gain":0,"max_hp_loss":0,"event_name":"Transmorgrifier","floor":13,"gold_loss":0,"cards_obtained":["Reflex"]}],"is_beta":false,"boss_relics":[],"items_purged_floors":[],"is_endless":false,"potions_floor_spawned":[4,5,14],"killed_by":"Hexaghost","ascension_level":17}