{"gold_per_floor":[119,99,115,190,30,30,94,106,132,157,174,193,193,211,211,211],"floor_reached":16,"playtime":394,"items_purged":[],"score":274,"play_id":"5503d613-2ec3-4f6b-b383-f32c7450e7d6","local_time":"20190401232938","is_ascension_mode":true,"campfire_choices":[{"data":"Bash","floor":6,"key":"SMITH"},{"data":"Flame Barrier","floor":15,"key":"SMITH"}],"neow_cost":"NONE","seed_source_timestamp":1030514406859800,"circlet_count":0,"master_deck":["AscendersBane","Strike_R","Strike_R","Strike_R","Strike_R","Strike_R","Defend_R","Defend_R","Defend_R","Defend_R","Bash+1","Flame Barrier+1","Offering","Sword Boomerang+1","Dropkick"],"relics":["Burning Blood","NeowsBlessing","Bag of Marbles","Tiny Chest","Matryoshka"],"potions_floor_usage":[10,11,12,16,16],"damage_taken":[{"damage":0,"enemies":"Jaw Worm","floor":1,"turns":1},{"damage":0,"enemies":"Cultist","floor":3,"turns":1},{"damage":0,"enemies":"3 Sentries","floor":7,"turns":2},{"damage":0,"enemies":"Small Slimes","floor":8,"turns":4},{"damage":17,"enemies":"Gremlin Nob","floor":10,"turns":3},{"damage":9,"enemies":"Exordium Wildlife","floor":11,"turns":4},{"damage":13,"enemies":"Red Slaver","floor":12,"turns":5},{"damage":1,"enemies":"Looter","floor":14,"turns":4},{"damage":74,"enemies":"Slime Boss","floor":16,"turns":9}],"seed_played":"1706783793977365888","potions_obtained":[{"floor":2,"key":"FearPotion"},{"floor":8,"key":"EssenceOfSteel"},{"floor":10,"key":"GamblersBrew"},{"floor":11,"key":"Regen Potion"},{"floor":12,"key":"Ancient Potion"},{"floor":14,"key":"Block Potion"}],"is_trial":false,"path_per_floor":["M","?","M","?","$","R","E","M","T","E","M","M","?","M","R","B"],"character_chosen":"IRONCLAD","items_purchased":["Bag of Marbles"],"campfire_rested":0,"item_purchase_floors":[5],"current_hp_per_floor":[74,74,75,64,64,64,70,75,75,64,61,54,54,59,59,0],"gold":211,"neow_bonus":"THREE_ENEMY_KILL","is_prod":false,"is_daily":false,"chose_seed":false,"campfire_upgraded":2,"win_rate":0,"timestamp":1554154178,"path_taken":["M","?","?","?","?","R","E","M","T","E","M","?","?","M","R","BOSS"],"build_version":"2019-03-15","purchased_purges":0,"victory":false,"max_hp_per_floor":[75,75,75,75,75,75,75,75,75,75,75,75,75,75,75,75],"card_choices":[{"not_picked":["True Grit","Body Slam"],"picked":"Flame Barrier","floor":1},{"not_picked":["Rage","Pommel Strike","Body Slam"],"picked":"SKIP","floor":3},{"not_picked":["Searing Blow","Seeing Red","Iron Wave"],"picked":"SKIP","floor":7},{"not_picked":["Sever Soul","Flex"],"picked":"Offering","floor":8},{"not_picked":["Uppercut","Wild Strike","Iron Wave"],"picked":"SKIP","floor":10},{"not_picked":["True Grit","Anger"],"picked":"Sword Boomerang","floor":11},{"not_picked":["Burning Pact","True Grit"],"picked":"Dropkick","floor":12},{"not_picked":["Disarm","Intimidate","Flex"],"picked":"SKIP","floor":14}],"player_experience":1319890,"relics_obtained":[{"floor":7,"key":"Tiny Chest"},{"floor":10,"key":"Matryoshka"}],"event_choices":[{"damage_healed":0,"gold_gain":0,"player_choice":"Bought 1 Potion","damage_taken":0,"max_hp_gain":0,"max_hp_loss":0,"event_name":"The Woman in Blue","floor":2,"gold_loss":0},{"damage_healed":0,"gold_gain":75,"player_choice":"Gather Gold","damage_taken":11,"max_hp_gain":0,"max_hp_loss":0,"event_name":"World of Goop","floor":4,"gold_loss":0},{"damage_healed":0,"gold_gain":0,"player_choice":"Grow","damage_taken":0,"max_hp_gain":0,"max_hp_loss":0,"event_name":"Living Wall","floor":13,"gold_loss":0,"cards_upgraded":["Sword Boomerang"]}],"is_beta":true,"boss_relics":[],"items_purged_floors":[],"is_endless":false,"potions_floor_spawned":[8,10,11,12,14],"killed_by":"Slime Boss","ascension_level":20}