{"gold_per_floor":[116,3,3,22,38,38,52,84,84,111,123,123,138,168,168,168],"floor_reached":16,"playtime":1325,"items_purged":[],"score":183,"play_id":"ae5bcfb1-d8ca-4bec-b48c-14f6787b9b55","local_time":"20190501153950","is_ascension_mode":true,"campfire_choices":[{"data":"True Grit","floor":6,"key":"SMITH"},{"data":"Flame Barrier","floor":15,"key":"SMITH"}],"neow_cost":"NONE","seed_source_timestamp":285727686651827,"circlet_count":0,"master_deck":["AscendersBane","Strike_R","Strike_R","Strike_R","Strike_R","Strike_R","Defend_R","Defend_R","Defend_R","Defend_R","Bash","Rage","Flame Barrier+1","Feel No Pain","Inflame","True Grit+1","Flame Barrier+1","Disarm+1","Reaper"],"relics":["Burning Blood","NeowsBlessing","Regal Pillow","Frozen Egg 2","Thread and Needle","Gambling Chip"],"potions_floor_usage":[8,10,11,14,14],"damage_taken":[{"damage":0,"enemies":"2 Louse","floor":1,"turns":1},{"damage":0,"enemies":"Cultist","floor":4,"turns":1},{"damage":0,"enemies":"Small Slimes","floor":5,"turns":1},{"damage":3,"enemies":"3 Louse","floor":7,"turns":5},{"damage":27,"enemies":"Gremlin Nob","floor":8,"turns":6},{"damage":28,"enemies":"Lagavulin","floor":10,"turns":10},{"damage":8,"enemies":"Lots of Slimes","floor":11,"turns":6},{"damage":0,"enemies":"Exordium Wildlife","floor":13,"turns":8},{"damage":4,"enemies":"Gremlin Nob","floor":14,"turns":5},{"damage":37,"enemies":"Hexaghost","floor":16,"turns":21}],"seed_played":"-1554781026098137558","potions_obtained":[{"floor":1,"key":"Energy Potion"},{"floor":4,"key":"Strength Potion"},{"floor":7,"key":"Weak Potion"},{"floor":11,"key":"Fire Potion"},{"floor":13,"key":"Explosive Potion"}],"is_trial":false,"path_per_floor":["M","$","?","M","M","R","M","E","T","E","M","?","M","E","R","B"],"character_chosen":"IRONCLAD","items_purchased":["Flame Barrier","Feel No Pain"],"campfire_rested":0,"item_purchase_floors":[2,2],"current_hp_per_floor":[78,78,78,80,80,80,80,59,59,37,35,35,41,43,43,6],"gold":168,"neow_bonus":"THREE_ENEMY_KILL","is_prod":false,"is_daily":false,"chose_seed":false,"campfire_upgraded":2,"win_rate":0,"timestamp":1556761190,"path_taken":["M","$","?","M","?","R","M","E","T","E","M","?","M","E","R","BOSS"],"build_version":"2019-01-23","purchased_purges":0,"victory":false,"max_hp_per_floor":[80,80,80,80,80,80,80,80,80,80,80,80,80,80,80,80],"card_choices":[{"not_picked":["Hemokinesis","Warcry"],"picked":"Rage","floor":1},{"not_picked":["Seeing Red","Reckless Charge"],"picked":"Inflame","floor":4},{"not_picked":["Havoc","Perfected Strike"],"picked":"True Grit","floor":5},{"not_picked":["Pommel Strike","Dropkick"],"picked":"Flame Barrier","floor":7},{"not_picked":["Perfected Strike","Searing Blow","Thunderclap"],"picked":"SKIP","floor":8},{"not_picked":["Shrug It Off","Heavy Blade"],"picked":"Disarm","floor":10},{"not_picked":["Blood for Blood","Fire Breathing+1","Sever Soul"],"picked":"SKIP","floor":11},{"not_picked":["Rupture+1","Headbutt","Infernal Blade"],"picked":"SKIP","floor":13},{"not_picked":["Uppercut","Headbutt"],"picked":"Reaper","floor":14}],"player_experience":364436,"relics_obtained":[{"floor":8,"key":"Regal Pillow"},{"floor":9,"key":"Frozen Egg 2"},{"floor":10,"key":"Thread and Needle"},{"floor":14,"key":"Gambling Chip"}],"event_choices":[{"damage_healed":0,"gold_gain":0,"player_choice":"Forge","damage_taken":0,"max_hp_gain":0,"max_hp_loss":0,"event_name":"Accursed Blacksmith","floor":3,"gold_loss":0,"cards_upgraded":["Flame Barrier"]},{"damage_healed":0,"gold_gain":0,"player_choice":"Grow","damage_taken":0,"max_hp_gain":0,"max_hp_loss":0,"event_name":"Living Wall","floor":12,"gold_loss":0,"cards_upgraded":["Disarm"]}],"is_beta":false,"boss_relics":[],"items_purged_floors":[],"is_endless":false,"potions_floor_spawned":[1,4,7,11,13],"killed_by":"Hexaghost","ascension_level":10}