{"gold_per_floor":[119,119,119,44,58,85,85,7,33,33,33,62,89,99,99,176,176,193,193,203,230,130,161,36,36,89,103,103,119,119],"floor_reached":30,"playtime":771,"items_purged":["Pain","Bite","Defend_R"],"score":583,"play_id":"f30e63d7-5c3d-4c76-a437-4c8477e1d874","local_time":"20190408230923","is_ascension_mode":true,"campfire_choices":[{"data":"Bash","floor":7,"key":"SMITH"},{"data":"Sword Boomerang","floor":11,"key":"SMITH"},{"floor":15,"key":"REST"},{"floor":25,"key":"REST"},{"data":"Flame Barrier","floor":28,"key":"SMITH"}],"neow_cost":"NONE","seed_source_timestamp":115496026676600,"circlet_count":0,"master_deck":["AscendersBane","Defend_R+1","Defend_R","Bash+1","Sword Boomerang+1","Heavy Blade","Pummel+1","Shrug It Off","Bludgeon","Bite","Bite","Bite","Bite","Flame Barrier+1","Twin Strike","Shrug It Off+1"],"relics":["Black Blood","NeowsBlessing","WarpedTongs","Prayer Wheel","Strawberry","Odd Mushroom","Incense Burner","Ancient Tea Set","PreservedInsect"],"potions_floor_usage":[13,16,18,23,30],"damage_taken":[{"damage":0,"enemies":"Jaw Worm","floor":1,"turns":1},{"damage":0,"enemies":"Small Slimes","floor":5,"turns":1},{"damage":0,"enemies":"3 Sentries","floor":6,"turns":1},{"damage":25,"enemies":"The Mushroom Lair","floor":12,"turns":4},{"damage":24,"enemies":"Gremlin Nob","floor":13,"turns":4},{"damage":0,"enemies":"Cultist","floor":14,"turns":3},{"damage":28,"enemies":"The Guardian","floor":16,"turns":12},{"damage":25,"enemies":"2 Thieves","floor":18,"turns":4},{"damage":45,"enemies":"3 Byrds","floor":20,"turns":8},{"damage":52,"enemies":"Slavers","floor":23,"turns":8},{"damage":13,"enemies":"Snecko","floor":27,"turns":3},{"damage":28,"enemies":"Shelled Parasite and Fungi","floor":29,"turns":4},{"damage":33,"enemies":"Book of Stabbing","floor":30,"turns":4}],"seed_played":"-589483235461820787","potions_obtained":[{"floor":1,"key":"Ancient Potion"},{"floor":12,"key":"PowerPotion"},{"floor":16,"key":"AttackPotion"},{"floor":20,"key":"SkillPotion"},{"floor":27,"key":"LiquidBronze"}],"is_trial":false,"path_per_floor":["M","?","?","$","M","E","R","$","T","?","R","?","E","M","R","B",null,"M","?","M","T","$","E","$","R","T","M","R","M","E"],"character_chosen":"IRONCLAD","items_purchased":["Pummel"],"campfire_rested":2,"item_purchase_floors":[8],"current_hp_per_floor":[74,67,67,67,73,75,75,75,82,57,57,38,20,26,50,28,69,54,54,45,45,45,16,16,33,33,38,38,25,0],"gold":119,"neow_bonus":"THREE_ENEMY_KILL","is_prod":false,"is_daily":false,"chose_seed":false,"campfire_upgraded":3,"win_rate":0,"timestamp":1554757763,"path_taken":["M","?","?","$","?","E","R","?","T","?","R","?","E","M","R","BOSS","M","?","M","?","$","E","$","R","T","M","R","M","E"],"build_version":"2019-04-04","purchased_purges":3,"victory":false,"max_hp_per_floor":[75,75,75,75,75,75,75,75,82,82,82,82,82,82,82,82,82,82,57,57,57,57,57,57,57,57,57,57,57,57],"card_choices":[{"not_picked":["Rage","Pommel Strike"],"picked":"Sword Boomerang","floor":1},{"not_picked":["Wild Strike","Combust"],"picked":"Heavy Blade","floor":5},{"not_picked":["Heavy Blade","Dual Wield","True Grit"],"picked":"SKIP","floor":6},{"not_picked":["Thunderclap","Wild Strike"],"picked":"Shrug It Off","floor":12},{"not_picked":["Sentinel","Evolve","Reckless Charge"],"picked":"SKIP","floor":13},{"not_picked":["Anger","Whirlwind","Thunderclap"],"picked":"SKIP","floor":14},{"not_picked":["Clash","Reaper","Clothesline"],"picked":"SKIP","floor":14},{"not_picked":["Juggernaut","Brutality"],"picked":"Bludgeon","floor":16},{"not_picked":["Iron Wave","Body Slam+1","Warcry"],"picked":"SKIP","floor":18},{"not_picked":["Dual Wield","Clothesline","Shockwave"],"picked":"SKIP","floor":18},{"not_picked":["Shockwave","Perfected Strike"],"picked":"Flame Barrier","floor":20},{"not_picked":["Impervious","Cleave"],"picked":"Twin Strike","floor":20},{"not_picked":["Headbutt","Armaments","Anger"],"picked":"SKIP","floor":23},{"not_picked":["Exhume","Second Wind"],"picked":"Shrug It Off+1","floor":27},{"not_picked":["Ghostly Armor","Headbutt","Pommel Strike+1"],"picked":"SKIP","floor":27},{"not_picked":["Pommel Strike","Wild Strike","Twin Strike"],"picked":"SKIP","floor":29},{"not_picked":["Heavy Blade","Pommel Strike","Dropkick"],"picked":"SKIP","floor":29}],"player_experience":1345253,"relics_obtained":[{"floor":6,"key":"Prayer Wheel"},{"floor":9,"key":"Strawberry"},{"floor":12,"key":"Odd Mushroom"},{"floor":13,"key":"Incense Burner"},{"floor":23,"key":"Ancient Tea Set"},{"floor":26,"key":"PreservedInsect"}],"event_choices":[{"cards_removed":["Defend_R"],"damage_healed":0,"gold_gain":0,"player_choice":"Card Removal","damage_taken":7,"max_hp_gain":0,"max_hp_loss":0,"event_name":"Golden Wing","floor":2,"gold_loss":0},{"damage_healed":0,"gold_gain":0,"player_choice":"Rummage","damage_taken":0,"relics_obtained":["WarpedTongs"],"max_hp_gain":0,"max_hp_loss":0,"event_name":"Accursed Blacksmith","floor":3,"gold_loss":0,"cards_obtained":["Pain"]},{"damage_healed":0,"gold_gain":0,"player_choice":"Entered Light","damage_taken":25,"max_hp_gain":0,"max_hp_loss":0,"event_name":"Shining Light","floor":10,"gold_loss":0,"cards_upgraded":["Defend_R","Pummel"]},{"damage_healed":0,"gold_gain":0,"player_choice":"Fought Mushrooms","damage_taken":0,"max_hp_gain":0,"max_hp_loss":0,"event_name":"Mushrooms","floor":12,"gold_loss":0},{"damage_healed":0,"gold_gain":0,"player_choice":"Became a vampire","damage_taken":0,"max_hp_gain":0,"max_hp_loss":25,"event_name":"Vampires","floor":19,"gold_loss":0,"cards_obtained":["Bite","Bite","Bite","Bite","Bite"]}],"is_beta":true,"boss_relics":[{"not_picked":["Coffee Dripper","White Beast Statue"],"picked":"Black Blood"}],"items_purged_floors":[4,22,24],"is_endless":false,"potions_floor_spawned":[1,12,16,20,27],"killed_by":"Book of Stabbing","ascension_level":20}