{"gold_per_floor":[12,12,23,41,41,41,61,61,61,75,93,123,123,143,143,222,222,238,218,229,154,165,165,184,184,184,184,194,194,109,129,129,203,203,219,233,246,246,246],"floor_reached":39,"playtime":1947,"items_purged":["Accuracy"],"score":774,"play_id":"8333b0d2-1d3c-4adc-bc1c-d5e1783ceb2f","local_time":"20190126212919","is_ascension_mode":true,"campfire_choices":[{"data":"Neutralize","floor":6,"key":"SMITH"},{"floor":13,"key":"REST"},{"data":"Poisoned Stab","floor":15,"key":"SMITH"},{"data":"Venomology","floor":23,"key":"SMITH"},{"floor":25,"key":"REST"},{"data":"Setup","floor":27,"key":"SMITH"},{"floor":32,"key":"REST"}],"neow_cost":"NO_GOLD","seed_source_timestamp":635312048802200,"circlet_count":0,"master_deck":["AscendersBane","Survivor","Neutralize+1","Deadly Poison","Poisoned Stab+1","Adrenaline","Dash","Venomology+1","Well Laid Plans","Reflex","Die Die Die","Escape Plan","Heel Hook","Footwork","Well Laid Plans","Setup+1","Dagger Spray","Backflip+1","Backstab","Die Die Die","Dodge and Roll","Backstab"],"relics":["Ring of the Snake","StoneCalendar","Ornamental Fan","Art of War","Sundial","Pandora\u0027s Box","Anchor","Vajra","Eternal Feather"],"potions_floor_usage":[12,16,20,20,22,28,31,33,35,37,39],"damage_taken":[{"damage":4,"enemies":"Jaw Worm","floor":1,"turns":7},{"damage":0,"enemies":"Cultist","floor":3,"turns":4},{"damage":0,"enemies":"Small Slimes","floor":4,"turns":3},{"damage":0,"enemies":"2 Fungi Beasts","floor":7,"turns":4},{"damage":8,"enemies":"Large Slime","floor":10,"turns":5},{"damage":0,"enemies":"Blue Slaver","floor":11,"turns":4},{"damage":17,"enemies":"3 Sentries","floor":12,"turns":7},{"damage":0,"enemies":"2 Fungi Beasts","floor":14,"turns":4},{"damage":29,"enemies":"Slime Boss","floor":16,"turns":7},{"damage":14,"enemies":"Spheric Guardian","floor":18,"turns":6},{"damage":17,"enemies":"3 Byrds","floor":20,"turns":4},{"damage":6,"enemies":"Centurion and Healer","floor":22,"turns":5},{"damage":12,"enemies":"Shelled Parasite and Fungi","floor":24,"turns":5},{"damage":9,"enemies":"Sentry and Sphere","floor":28,"turns":6},{"damage":18,"enemies":"Snecko","floor":31,"turns":5},{"damage":11,"enemies":"Champ","floor":33,"turns":11},{"damage":2,"enemies":"3 Darklings","floor":35,"turns":4},{"damage":12,"enemies":"Orb Walker","floor":36,"turns":3},{"damage":3,"enemies":"Maw","floor":37,"turns":7},{"damage":34,"enemies":"Sphere and 2 Shapes","floor":39,"turns":6}],"seed_played":"8846529283223631320","potions_obtained":[{"floor":1,"key":"SpeedPotion"},{"floor":7,"key":"Explosive Potion"},{"floor":14,"key":"Energy Potion"},{"floor":19,"key":"Dexterity Potion"},{"floor":28,"key":"Regen Potion"},{"floor":36,"key":"Block Potion"}],"is_trial":false,"path_per_floor":["M","?","M","M","?","R","M","$","T","M","M","E","R","M","R","B",null,"M","?","M","$","M","R","M","R","T","R","M","?","?","M","R","B",null,"M","M","M","?","M"],"character_chosen":"THE_SILENT","items_purchased":[],"campfire_rested":3,"item_purchase_floors":[],"current_hp_per_floor":[55,48,48,48,48,48,48,48,48,40,40,23,42,42,42,13,53,39,39,36,36,30,30,18,37,37,37,28,28,28,24,43,32,58,56,44,41,41,7],"gold":246,"neow_bonus":"ONE_RARE_RELIC","is_prod":false,"is_daily":false,"chose_seed":false,"campfire_upgraded":4,"win_rate":0,"timestamp":1548534559,"path_taken":["M","?","M","M","?","R","?","$","T","M","M","E","R","M","R","BOSS","M","?","?","$","M","R","M","R","T","R","M","?","?","M","R","BOSS","M","M","M","?","M"],"build_version":"2019-01-23","purchased_purges":1,"victory":false,"max_hp_per_floor":[66,66,66,66,66,66,66,66,66,66,66,66,66,66,66,66,66,66,66,66,66,66,66,66,66,66,66,66,66,66,66,66,66,66,66,66,66,66,66],"card_choices":[{"not_picked":["Underhanded Strike","Heel Hook"],"picked":"Deadly Poison","floor":1},{"not_picked":["Bane","Dodge and Roll","PiercingWail"],"picked":"SKIP","floor":3},{"not_picked":["Bane","Backflip"],"picked":"Poisoned Stab","floor":4},{"not_picked":["Underhanded Strike","Sucker Punch","Slice"],"picked":"SKIP","floor":7},{"not_picked":["Endless Agony","Choke"],"picked":"Adrenaline","floor":10},{"not_picked":["Bane","Terror","All Out Attack"],"picked":"SKIP","floor":11},{"not_picked":["Quick Slash","Calculated Gamble","Caltrops"],"picked":"SKIP","floor":12},{"not_picked":["Bane","Dagger Throw"],"picked":"Dash","floor":14},{"not_picked":["A Thousand Cuts","Bullet Time"],"picked":"Venomology","floor":16},{"not_picked":["Quick Slash","Dodge and Roll"],"picked":"Dagger Spray","floor":18},{"not_picked":["Outmaneuver","Predator","Concentrate"],"picked":"SKIP","floor":20},{"not_picked":["Flying Knee","Acrobatics"],"picked":"Backflip+1","floor":22},{"not_picked":["Deadly Poison","PiercingWail","Prepared"],"picked":"SKIP","floor":24},{"not_picked":["Outmaneuver","Flying Knee","Terror"],"picked":"SKIP","floor":28},{"not_picked":["Underhanded Strike","Footwork"],"picked":"Backstab","floor":31},{"not_picked":["Wraith Form v2","Doppelganger"],"picked":"Die Die Die","floor":33},{"not_picked":["Deflect","Quick Slash"],"picked":"Dodge and Roll","floor":35},{"not_picked":["Flying Knee+1","Crippling Poison"],"picked":"Backstab","floor":36},{"not_picked":["Distraction","Outmaneuver+1","Prepared+1"],"picked":"SKIP","floor":37}],"player_experience":1083953,"relics_obtained":[{"floor":9,"key":"Art of War"},{"floor":12,"key":"Sundial"},{"floor":26,"key":"Anchor"}],"event_choices":[{"cards_removed":["Defend_G"],"damage_healed":0,"gold_gain":0,"player_choice":"Card Removal","damage_taken":7,"max_hp_gain":0,"max_hp_loss":0,"event_name":"Golden Wing","floor":2,"gold_loss":0},{"damage_healed":0,"gold_gain":0,"player_choice":"Gave Potion","damage_taken":0,"relics_obtained":["Ornamental Fan"],"max_hp_gain":0,"max_hp_loss":0,"event_name":"WeMeetAgain","floor":5,"gold_loss":0},{"damage_healed":0,"gold_gain":0,"player_choice":"Bought 1 Potion","damage_taken":0,"max_hp_gain":0,"max_hp_loss":0,"event_name":"The Woman in Blue","floor":19,"gold_loss":0},{"damage_healed":0,"gold_gain":0,"player_choice":"Ignored","damage_taken":0,"max_hp_gain":0,"max_hp_loss":0,"event_name":"Ghosts","floor":29,"gold_loss":0},{"damage_healed":0,"gold_gain":0,"player_choice":"Obtained Relic","damage_taken":0,"relics_obtained":["Vajra"],"max_hp_gain":0,"max_hp_loss":0,"event_name":"Addict","floor":30,"gold_loss":85},{"damage_healed":0,"gold_gain":0,"player_choice":"Ignored","damage_taken":0,"max_hp_gain":0,"max_hp_loss":0,"event_name":"Tomb of Lord Red Mask","floor":38,"gold_loss":0}],"is_beta":true,"boss_relics":[{"not_picked":["White Beast Statue","Fusion Hammer"],"picked":"Pandora\u0027s Box"},{"not_picked":["Empty Cage","Sozu"],"picked":"Eternal Feather"}],"items_purged_floors":[21],"is_endless":false,"potions_floor_spawned":[1,7,14,28,33,36],"killed_by":"Sphere and 2 Shapes","ascension_level":20}