{"gold_per_floor":[369,12,30,42,117,117,144,144,168,195,195,195,229,154,154,228,228,242,442,456,196,208,208,225,225,225,251,251,105,105,140,140,211,211,226,226,238,238,248,248,279,279,279,310,326,42,58,110,110,110,110],"floor_reached":51,"playtime":3206,"items_purged":["Normality","Strike_R","Strike_R","Strike_R"],"score":1543,"play_id":"e89b65e7-c16f-4e4a-924e-fe40fc40aab8","local_time":"20190417174626","is_ascension_mode":true,"campfire_choices":[{"data":"Whirlwind","floor":6.0,"key":"SMITH"},{"data":"Inflame","floor":8.0,"key":"SMITH"},{"data":"Disarm","floor":11.0,"key":"SMITH"},{"data":"Metallicize","floor":15.0,"key":"SMITH"},{"floor":23.0,"key":"REST"},{"floor":25.0,"key":"REST"},{"floor":28.0,"key":"RECALL"},{"floor":30.0,"key":"REST"},{"floor":32.0,"key":"REST"},{"floor":40.0,"key":"REST"},{"floor":42.0,"key":"REST"},{"floor":49.0,"key":"REST"}],"neow_cost":"CURSE","seed_source_timestamp":0,"circlet_count":0,"master_deck":["AscendersBane","Strike_R","Defend_R","Defend_R","Defend_R","Defend_R","Bash","Anger","Whirlwind+1","Metallicize+1","Shrug It Off","Inflame+1","Disarm+1","Thunderclap","Offering","Headbutt","Flame Barrier","Disarm","Corruption","Spot Weakness","Shockwave","Demon Form","Pummel+1","Apotheosis","Trip","Madness","Madness","Feel No Pain+1","Disarm","Battle Trance"],"special_seed":0,"relics":["Burning Blood","Membership Card","Vajra","PreservedInsect","Regal Pillow","Bottled Flame","Fusion Hammer","Kunai","Meat on the Bone","Happy Flower","Paper Frog","Mark of Pain","Bag of Preparation","Sundial","Art of War","Anchor","Lantern","FossilizedHelix"],"potions_floor_usage":[51],"damage_taken":[{"damage":2.0,"enemies":"Cultist","floor":1.0,"turns":4.0},{"damage":4.0,"enemies":"Jaw Worm","floor":3.0,"turns":3.0},{"damage":12.0,"enemies":"Small Slimes","floor":4.0,"turns":3.0},{"damage":0.0,"enemies":"3 Sentries","floor":7.0,"turns":2.0},{"damage":26.0,"enemies":"Gremlin Nob","floor":10.0,"turns":4.0},{"damage":0.0,"enemies":"3 Sentries","floor":13.0,"turns":1.0},{"damage":40.0,"enemies":"The Guardian","floor":16.0,"turns":10.0},{"damage":11.0,"enemies":"Shell Parasite","floor":18.0,"turns":6.0},{"damage":30.0,"enemies":"2 Thieves","floor":20.0,"turns":3.0},{"damage":22.0,"enemies":"Chosen and Byrds","floor":22.0,"turns":6.0},{"damage":12.0,"enemies":"Centurion and Healer","floor":24.0,"turns":6.0},{"damage":7.0,"enemies":"Book of Stabbing","floor":27.0,"turns":6.0},{"damage":7.0,"enemies":"Slavers","floor":31.0,"turns":2.0},{"damage":56.0,"enemies":"Champ","floor":33.0,"turns":13.0},{"damage":33.0,"enemies":"3 Shapes","floor":35.0,"turns":14.0},{"damage":0.0,"enemies":"3 Darklings","floor":37.0,"turns":1.0},{"damage":8.0,"enemies":"Spire Growth","floor":39.0,"turns":4.0},{"damage":38.0,"enemies":"Reptomancer","floor":41.0,"turns":3.0},{"damage":46.0,"enemies":"Giant Head","floor":44.0,"turns":6.0},{"damage":11.0,"enemies":"Writhing Mass","floor":45.0,"turns":7.0},{"damage":0.0,"enemies":"3 Darklings","floor":47.0,"turns":1.0},{"damage":16.0,"enemies":"2 Orb Walkers","floor":48.0,"turns":3.0},{"damage":42.0,"enemies":"Awakened One","floor":50.0,"turns":14.0},{"damage":89,"enemies":"Time Eater","floor":51,"turns":6}],"seed_played":"-5321668577819687095","potions_obtained":[{"floor":4.0,"key":"Energy Potion"},{"floor":7.0,"key":"Strength Potion"},{"floor":22.0,"key":"GamblersBrew"},{"floor":33.0,"key":"Poison Potion"},{"floor":37.0,"key":"Fruit Juice"},{"floor":39.0,"key":"GamblersBrew"},{"floor":44.0,"key":"EssenceOfSteel"},{"floor":45.0,"key":"Regen Potion"},{"floor":48.0,"key":"AttackPotion"}],"is_trial":false,"path_per_floor":["M","$","M","M","?","R","E","R","T","E","R","?","E","?","R","B",null,"M","?","M","$","M","R","M","R","T","E","R","$","R","E","R","B",null,"M","?","M","?","M","R","E","R","T","E","M","$","M","?","R","B","B"],"character_chosen":"IRONCLAD","items_purchased":["Membership Card","Whirlwind","Metallicize","Shrug It Off","Disarm","Kunai","Block Potion","Happy Flower","Anchor","Lantern","Disarm"],"campfire_rested":7,"item_purchase_floors":[2,2,2,2,21,21,21,29,46,46,46],"current_hp_per_floor":[72,72,74,68,57,57,63,63,63,43,43,43,49,49,49,15,60,55,55,31,31,15,52,46,75,75,74,74,74,75,74,75,37,66,51,46,52,38,48,75,55,75,75,52,47,47,53,55,80,56,0],"gold":110,"neow_bonus":"TWO_FIFTY_GOLD","is_prod":false,"is_daily":false,"chose_seed":false,"campfire_upgraded":4,"win_rate":0,"timestamp":1555544786,"path_taken":["M","$","M","M","?","R","E","R","T","E","R","?","E","?","R","BOSS","M","?","M","$","M","R","M","R","T","E","R","$","R","E","R","BOSS","M","?","M","?","M","R","E","R","T","E","M","$","?","?","R","BOSS","BOSS"],"build_version":"2019-04-04","purchased_purges":4,"victory":false,"max_hp_per_floor":[75,75,75,75,75,75,75,75,75,75,75,75,75,75,75,75,75,75,75,75,75,75,75,75,75,75,75,75,75,75,75,75,75,75,75,75,75,75,75,75,75,75,75,80,80,80,80,80,80,80,80],"card_choices":[{"not_picked":["Warcry","Second Wind"],"picked":"Anger","floor":1.0},{"not_picked":["Twin Strike","Sword Boomerang"],"picked":"Inflame","floor":3.0},{"not_picked":["Searing Blow","Power Through","Flex"],"picked":"SKIP","floor":4.0},{"not_picked":["Pommel Strike","Sword Boomerang"],"picked":"Disarm","floor":7.0},{"not_picked":["Berserk","Warcry"],"picked":"Thunderclap","floor":10.0},{"not_picked":["Rage","Dual Wield","Fire Breathing"],"picked":"SKIP","floor":13.0},{"not_picked":["Double Tap","Fiend Fire"],"picked":"Offering","floor":16.0},{"not_picked":["Anger","Body Slam+1"],"picked":"Headbutt","floor":18.0},{"not_picked":["Headbutt","Spot Weakness"],"picked":"Flame Barrier","floor":20.0},{"not_picked":["Shrug It Off","Sentinel"],"picked":"Corruption","floor":22.0},{"not_picked":["Seeing Red","Rage","Armaments"],"picked":"SKIP","floor":24.0},{"not_picked":["Warcry","Burning Pact"],"picked":"Spot Weakness","floor":27.0},{"not_picked":["Bloodletting","Fiend Fire"],"picked":"Shockwave","floor":31.0},{"not_picked":["Impervious","Bludgeon"],"picked":"Demon Form","floor":33.0},{"not_picked":["Clothesline","Thunderclap+1"],"picked":"Pummel+1","floor":35.0},{"not_picked":["Secret Technique","Madness"],"picked":"Apotheosis","floor":36.0},{"not_picked":["Metamorphosis","Purity"],"picked":"Trip","floor":36.0},{"not_picked":["Sword Boomerang","Carnage+1","Headbutt"],"picked":"SKIP","floor":37.0},{"not_picked":["Cleave+1","Intimidate","Wild Strike+1"],"picked":"SKIP","floor":39.0},{"not_picked":["Cleave","Sword Boomerang","Armaments"],"picked":"SKIP","floor":41.0},{"not_picked":["Headbutt","Body Slam","Sword Boomerang"],"picked":"SKIP","floor":44.0},{"not_picked":["Shrug It Off","Cleave+1"],"picked":"Feel No Pain+1","floor":45.0},{"not_picked":["Iron Wave","Brutality","Hemokinesis"],"picked":"SKIP","floor":47.0},{"not_picked":["Body Slam","Shrug It Off"],"picked":"Battle Trance","floor":48.0}],"player_experience":2908130,"relics_obtained":[{"floor":7.0,"key":"Vajra"},{"floor":9.0,"key":"PreservedInsect"},{"floor":10.0,"key":"Regal Pillow"},{"floor":13.0,"key":"Bottled Flame"},{"floor":27.0,"key":"Meat on the Bone"},{"floor":31.0,"key":"Paper Frog"},{"floor":41.0,"key":"Bag of Preparation"},{"floor":43.0,"key":"Sundial"},{"floor":44.0,"key":"Art of War"},{"floor":48.0,"key":"FossilizedHelix"}],"event_choices":[{"damage_healed":0.0,"max_hp_gain":0.0,"max_hp_loss":0.0,"gold_gain":75.0,"event_name":"World of Goop","player_choice":"Gather Gold","floor":5.0,"gold_loss":0.0,"damage_taken":11.0},{"damage_healed":0.0,"max_hp_gain":0.0,"max_hp_loss":0.0,"gold_gain":0.0,"event_name":"Liars Game","player_choice":"Ignored","floor":12.0,"gold_loss":0.0,"damage_taken":0.0},{"cards_removed":["Strike_R"],"damage_healed":0.0,"max_hp_gain":0.0,"max_hp_loss":0.0,"gold_gain":0.0,"event_name":"The Cleric","player_choice":"Card Removal","floor":14.0,"gold_loss":75.0,"damage_taken":0.0},{"damage_healed":0.0,"max_hp_gain":0.0,"max_hp_loss":0.0,"gold_gain":250.0,"event_name":"The Joust","player_choice":"Bet on Owner","floor":19.0,"gold_loss":50.0,"damage_taken":0.0},{"damage_healed":0.0,"max_hp_gain":0.0,"max_hp_loss":0.0,"gold_gain":0.0,"event_name":"SensoryStone","player_choice":"Memory 2","floor":36.0,"gold_loss":0.0,"damage_taken":5.0},{"damage_healed":0.0,"max_hp_gain":0.0,"max_hp_loss":0.0,"gold_gain":0.0,"event_name":"Winding Halls","player_choice":"Embrace Madness","floor":38.0,"gold_loss":0.0,"damage_taken":14.0,"cards_obtained":["Madness","Madness"]},{"damage_healed":0.0,"max_hp_gain":0.0,"max_hp_loss":0.0,"gold_gain":0.0,"event_name":"Mysterious Sphere","player_choice":"Fight","floor":48.0,"gold_loss":0.0,"damage_taken":0.0}],"is_beta":true,"boss_relics":[{"not_picked":["Calling Bell","Runic Cube"],"picked":"Fusion Hammer"},{"not_picked":["Pandora\u0027s Box","Lizard Tail"],"picked":"Mark of Pain"}],"items_purged_floors":[2,21,29,46],"is_endless":false,"potions_floor_spawned":[4,7,22,24,33,37,39,44,45,48],"killed_by":"Time Eater","ascension_level":20}