{"gold_per_floor":[117,117,134,75,75,75,95,95,95,115,115,132,162,189,189,268,268,287,337,337,0,19,19,19,19,19,32,32,32],"floor_reached":29,"playtime":743,"items_purged":[],"score":442,"play_id":"40e14816-3605-4f62-8e99-170ac5647573","local_time":"20190422100006","is_ascension_mode":true,"campfire_choices":[{"floor":6.0,"key":"REST"},{"data":"Bash","floor":8.0,"key":"SMITH"},{"floor":11.0,"key":"REST"},{"data":"Limit Break","floor":15.0,"key":"SMITH"},{"data":"Heavy Blade","floor":23,"key":"SMITH"},{"floor":25,"key":"REST"},{"floor":28,"key":"REST"}],"neow_cost":"PERCENT_DAMAGE","seed_source_timestamp":0,"circlet_count":0,"master_deck":["AscendersBane","Strike_R","Strike_R","Strike_R+1","Strike_R","Strike_R+1","Defend_R+1","Defend_R","Defend_R","Defend_R","Bash+1","Demon Form+1","Heavy Blade+1","Twin Strike+1","Whirlwind","Limit Break+1","Immolate","Sword Boomerang","Shrug It Off","Shrug It Off","Writhe"],"special_seed":0,"relics":["Burning Blood","Whetstone","Nunchaku","Odd Mushroom","Mark of Pain","Pantograph","Ancient Tea Set","Shuriken"],"potions_floor_usage":[22],"damage_taken":[{"damage":12.0,"enemies":"Jaw Worm","floor":1.0,"turns":3.0},{"damage":14.0,"enemies":"Small Slimes","floor":3.0,"turns":5.0},{"damage":0.0,"enemies":"2 Louse","floor":7.0,"turns":2.0},{"damage":8.0,"enemies":"Blue Slaver","floor":10.0,"turns":3.0},{"damage":6.0,"enemies":"Looter","floor":12.0,"turns":3.0},{"damage":25.0,"enemies":"Lagavulin","floor":13.0,"turns":6.0},{"damage":24.0,"enemies":"The Mushroom Lair","floor":14.0,"turns":5.0},{"damage":12.0,"enemies":"The Guardian","floor":16.0,"turns":6.0},{"damage":18,"enemies":"3 Byrds","floor":18,"turns":4},{"damage":37,"enemies":"Shell Parasite","floor":22,"turns":4},{"damage":29,"enemies":"Shelled Parasite and Fungi","floor":27,"turns":3},{"damage":53,"enemies":"Centurion and Healer","floor":29,"turns":4}],"seed_played":"-6338690791413106447","potions_obtained":[{"floor":3.0,"key":"BloodPotion"},{"floor":10.0,"key":"FairyPotion"},{"floor":16.0,"key":"GamblersBrew"},{"floor":18,"key":"EssenceOfSteel"}],"is_trial":false,"path_per_floor":["M","?","M","?","?","R","M","R","T","M","R","M","E","?","R","B",null,"M","?","?","$","M","R","?","R","T","M","R","M"],"character_chosen":"IRONCLAD","items_purchased":["Pantograph","Shrug It Off"],"campfire_rested":4,"item_purchase_floors":[21,21],"current_hp_per_floor":[44,21,13,13,13,35,48,48,48,46,68,68,49,31,31,25,63,51,51,51,51,20,20,20,42,42,19,41,0],"gold":32,"neow_bonus":"THREE_RARE_CARDS","is_prod":false,"is_daily":false,"chose_seed":false,"campfire_upgraded":3,"win_rate":0,"timestamp":1555920006,"path_taken":["M","?","M","?","?","R","M","R","T","M","R","?","E","?","R","BOSS","M","?","?","$","M","R","?","R","T","M","R","M"],"build_version":"2019-01-23","purchased_purges":0,"victory":false,"max_hp_per_floor":[75,75,75,75,75,75,75,75,75,75,75,75,75,75,75,75,75,75,75,75,75,75,75,75,75,75,75,75,75],"card_choices":[{"not_picked":["Bludgeon","Immolate"],"picked":"Demon Form","floor":0.0},{"not_picked":["Cleave","Clothesline"],"picked":"Heavy Blade","floor":1.0},{"not_picked":["Iron Wave","Headbutt","Dropkick"],"picked":"SKIP","floor":3.0},{"not_picked":["True Grit","Warcry"],"picked":"Twin Strike","floor":7.0},{"not_picked":["Flex","Pommel Strike"],"picked":"Whirlwind","floor":10.0},{"not_picked":["Twin Strike","Armaments"],"picked":"Limit Break","floor":12.0},{"not_picked":["Pommel Strike","Anger","Heavy Blade"],"picked":"SKIP","floor":13.0},{"not_picked":["Juggernaut","Offering"],"picked":"Immolate","floor":16.0},{"not_picked":["Clash","Entrench+1","Shockwave"],"picked":"SKIP","floor":18},{"not_picked":["Heavy Blade","Sever Soul"],"picked":"Shrug It Off","floor":22},{"not_picked":["Flex","Armaments","Perfected Strike"],"picked":"SKIP","floor":27}],"player_experience":396527,"relics_obtained":[{"floor":9.0,"key":"Whetstone"},{"floor":13.0,"key":"Nunchaku"},{"floor":14.0,"key":"Odd Mushroom"},{"floor":26,"key":"Shuriken"}],"event_choices":[{"damage_healed":0.0,"max_hp_gain":0.0,"max_hp_loss":0.0,"gold_gain":0.0,"event_name":"Shining Light","player_choice":"Entered Light","floor":2.0,"gold_loss":0.0,"damage_taken":23.0,"cards_upgraded":["Strike_R","Defend_R"]},{"damage_healed":0.0,"max_hp_gain":0.0,"max_hp_loss":0.0,"gold_gain":0.0,"event_name":"World of Goop","player_choice":"Left Gold","floor":4.0,"gold_loss":59.0,"damage_taken":0.0},{"damage_healed":0.0,"max_hp_gain":0.0,"max_hp_loss":0.0,"gold_gain":0.0,"event_name":"Living Wall","player_choice":"Grow","floor":5.0,"gold_loss":0.0,"damage_taken":0.0,"cards_upgraded":["Demon Form"]},{"damage_healed":0.0,"max_hp_gain":0.0,"max_hp_loss":0.0,"gold_gain":0.0,"event_name":"Mushrooms","player_choice":"Fought Mushrooms","floor":14.0,"gold_loss":0.0,"damage_taken":0.0},{"damage_healed":0,"gold_gain":50,"player_choice":"Stole From Cult","damage_taken":0,"max_hp_gain":0,"max_hp_loss":0,"event_name":"Nest","floor":19,"gold_loss":0},{"damage_healed":0,"gold_gain":0,"player_choice":"Read","damage_taken":0,"max_hp_gain":0,"max_hp_loss":0,"event_name":"The Library","floor":20,"gold_loss":0,"cards_obtained":["Sword Boomerang"]},{"damage_healed":0,"gold_gain":0,"player_choice":"Opened","damage_taken":0,"relics_obtained":["Ancient Tea Set"],"max_hp_gain":0,"max_hp_loss":0,"event_name":"The Mausoleum","floor":24,"gold_loss":0,"cards_obtained":["Writhe"]}],"is_beta":false,"boss_relics":[{"not_picked":["Fusion Hammer","Sozu"],"picked":"Mark of Pain"}],"items_purged_floors":[],"is_endless":false,"potions_floor_spawned":[3,10,16,18],"killed_by":"Centurion and Healer","ascension_level":20}