{"path_per_floor":["M","?","$","?","M","R","E","M","T","R","?","M","M","M","R","B",null,"M","M","?","?","M","R","M","$","T","M","E","R","M","T","R"],"character_chosen":"THE_SILENT","items_purchased":["Blur","Caltrops","Backflip"],"gold_per_floor":[112,62,28,28,38,38,72,85,110,110,110,120,135,148,148,251,251,261,277,277,277,289,289,307,111,111,129,164,164,182,182,182,182],"floor_reached":33,"campfire_rested":1,"playtime":1215,"current_hp_per_floor":[69,69,69,69,68,68,56,56,56,56,56,56,56,55,55,41,70,49,43,27,27,14,35,35,35,35,30,36,36,36,36,36,0],"items_purged":["Strike_G"],"gold":182,"score":269,"play_id":"3edc2e5e-6397-40bd-924b-0eb9e6920b4d","local_time":"20180502234442","is_prod":false,"is_daily":false,"chose_seed":false,"is_ascension_mode":false,"campfire_upgraded":5,"timestamp":1525329882,"path_taken":["M","?","?","?","M","R","E","M","T","R","?","?","M","M","R","BOSS","M","M","?","?","M","R","M","$","T","M","E","R","M","?","R","BOSS"],"build_version":"2018-05-01v2","seed_source_timestamp":133386355745425,"purchased_purges":1,"victory":false,"master_deck":["Defend_G","Defend_G","Defend_G","Defend_G","Defend_G","Strike_G","Strike_G","Strike_G","Survivor","Neutralize","Noxious Fumes+1","Blur+1","Choke","Dagger Spray","Adrenaline","Backflip+1","Noxious Fumes+1","Footwork+1","Necronomicurse","Deflect","Caltrops","Backflip+1"],"max_hp_per_floor":[70,70,70,70,70,70,70,70,70,70,70,70,70,70,70,70,70,70,70,70,70,70,70,70,70,70,70,77,77,77,77,77,77],"relics":["Ring of the Snake","Ancient Tea Set","Pen Nib","Black Star","Necronomicon","Darkstone Periapt","Strawberry","Bronze Scales","Kunai"],"card_choices":[{"not_picked":["Backflip","Outmaneuver"],"picked":"Noxious Fumes","floor":1},{"not_picked":["Reflex","Dodge and Roll"],"picked":"Dagger Spray","floor":5},{"not_picked":["Dagger Throw","Bouncing Flask"],"picked":"Adrenaline","floor":7},{"not_picked":["Dagger Throw","Bane"],"picked":"Backflip","floor":13},{"not_picked":["Slice","Acrobatics"],"picked":"Noxious Fumes","floor":14},{"not_picked":["Blur","Deflect"],"picked":"Footwork","floor":19},{"not_picked":["Expertise","PiercingWail"],"picked":"Deflect","floor":24}],"player_experience":40439,"potions_floor_usage":[16,18,22,27,33],"damage_taken":[{"damage":1,"enemies":"Jaw Worm","floor":1,"turns":6},{"damage":1,"enemies":"Cultist","floor":5,"turns":4},{"damage":12,"enemies":"3 Sentries","floor":7,"turns":5},{"damage":0,"enemies":"2 Louse","floor":8,"turns":2},{"damage":0,"enemies":"Gremlin Gang","floor":12,"turns":4},{"damage":0,"enemies":"Looter","floor":13,"turns":2},{"damage":1,"enemies":"3 Louse","floor":14,"turns":3},{"damage":14,"enemies":"Hexaghost","floor":16,"turns":9},{"damage":21,"enemies":"3 Byrds","floor":18,"turns":4},{"damage":6,"enemies":"Shell Parasite","floor":19,"turns":7},{"damage":13,"enemies":"Sentry and Sphere","floor":22,"turns":6},{"damage":0,"enemies":"Snecko","floor":24,"turns":5},{"damage":5,"enemies":"Snake Plant","floor":27,"turns":4},{"damage":1,"enemies":"Book of Stabbing","floor":28,"turns":6},{"damage":0,"enemies":"Cultist and Chosen","floor":30,"turns":6},{"damage":36,"enemies":"Collector","floor":33,"turns":7}],"event_choices":[{"event_name":"The Cleric","player_choice":"Card Removal","floor":2,"damage_taken":0},{"event_name":"Match and Keep!","player_choice":"1 cards matched","floor":4,"damage_taken":0},{"event_name":"The Lab","player_choice":"Got Potions","floor":11,"damage_taken":0},{"event_name":"Cursed Tome","player_choice":"Obtained Book","floor":20,"damage_taken":0},{"event_name":"Beggar","player_choice":"Ignored","floor":21,"damage_taken":0}],"boss_relics":[{"not_picked":["Cursed Key","Snecko Eye"],"picked":"Black Star"}],"potions_floor_spawned":[5,7,12,18,24,27],"seed_played":"-1838432801153072810","killed_by":"Collector","ascension_level":0,"is_trial":false}