{"gold_per_floor":[115,115,133,148,148,175,175,202,202,202,202,235,115,80,80,177,177],"floor_reached":17,"playtime":602,"items_purged":["Strike_G"],"score":214,"play_id":"7626f9fb-0758-46c2-a6f6-a7d3979c792f","local_time":"20180808232011","is_ascension_mode":true,"campfire_choices":[{"data":"All Out Attack","floor":7,"key":"SMITH"},{"data":"Unload","floor":10,"key":"SMITH"},{"data":"Neutralize","floor":15,"key":"SMITH"}],"neow_cost":"","seed_source_timestamp":510958923143400,"circlet_count":0,"master_deck":["Survivor","Neutralize+1","PiercingWail","Dash+1","All Out Attack+1","Dagger Spray","Unload+1","Blade Dance","Adrenaline","Bane","Heel Hook","Eviscerate","Choke","Escape Plan","Acrobatics","Bouncing Flask","Poisoned Stab"],"relics":["Ring of the Snake","Dodecahedron","Bottled Lightning","Ancient Tea Set","Darkstone Periapt","War Paint","Pandora\u0027s Box"],"potions_floor_usage":[6,12],"damage_taken":[{"damage":0,"enemies":"Jaw Worm","floor":1,"turns":3},{"damage":2,"enemies":"Cultist","floor":3,"turns":5},{"damage":0,"enemies":"2 Louse","floor":4,"turns":3},{"damage":30,"enemies":"Lagavulin","floor":6,"turns":10},{"damage":6,"enemies":"Gremlin Nob","floor":8,"turns":5},{"damage":17,"enemies":"Lagavulin","floor":12,"turns":6},{"damage":12,"enemies":"The Guardian","floor":16,"turns":16}],"seed_played":"1107326241327629534","potions_obtained":[{"floor":1,"key":"Dexterity Potion"},{"floor":3,"key":"Energy Potion"},{"floor":6,"key":"Energy Potion"},{"floor":16,"key":"AttackPotion"}],"is_trial":false,"path_per_floor":["M","?","M","M","?","E","R","E","T","R","?","E","$","?","R","B"],"character_chosen":"THE_SILENT","items_purchased":["Blade Dance"],"campfire_rested":0,"item_purchase_floors":[13],"current_hp_per_floor":[70,63,61,61,61,31,31,25,25,25,25,8,8,25,25,13,56],"gold":177,"neow_bonus":"","is_prod":false,"is_daily":false,"chose_seed":false,"campfire_upgraded":3,"win_rate":0,"timestamp":1533795611,"path_taken":["M","?","?","M","?","E","R","E","T","R","?","E","$","?","R","BOSS"],"build_version":"2018-08-07v3","purchased_purges":1,"victory":false,"max_hp_per_floor":[70,70,70,70,70,70,70,70,70,70,70,70,70,70,70,70,70],"card_choices":[{"not_picked":["Deadly Poison","Predator"],"picked":"PiercingWail","floor":1},{"not_picked":["Deflect","Acrobatics"],"picked":"Dash","floor":3},{"not_picked":["Slice","Calculated Gamble"],"picked":"All Out Attack","floor":4},{"not_picked":["Expertise","Deflect"],"picked":"Dagger Spray","floor":6},{"not_picked":["Escape Plan","Blade Dance"],"picked":"Unload","floor":8},{"not_picked":["Dagger Throw","Poisoned Stab","Bane"],"picked":"SKIP","floor":12},{"not_picked":["After Image","Corpse Explosion"],"picked":"Adrenaline","floor":16}],"player_experience":218559,"relics_obtained":[{"floor":6,"key":"Bottled Lightning"},{"floor":8,"key":"Ancient Tea Set"},{"floor":9,"key":"Darkstone Periapt"},{"floor":12,"key":"War Paint"}],"event_choices":[{"event_name":"Scrap Ooze","player_choice":"success","floor":2,"damage_taken":7},{"event_name":"Purifier","player_choice":"One Purge","floor":5,"damage_taken":0},{"event_name":"Living Wall","player_choice":"Grow","floor":11,"damage_taken":0},{"event_name":"The Cleric","player_choice":"Healed","floor":14,"damage_taken":0}],"is_beta":true,"boss_relics":[{"not_picked":["Eternal Feather","Coffee Dripper"],"picked":"Pandora\u0027s Box"}],"items_purged_floors":[13],"is_endless":false,"potions_floor_spawned":[1,3,6,16],"ascension_level":5}