{"gold_per_floor":[118,129,143,218,236,236,294,294,294,304,324,357,85,98,98,98],"floor_reached":16,"playtime":1355,"items_purged":["Strike_R"],"score":188,"play_id":"9b7ab6d2-e61a-4c01-8094-50f4704cd3d8","local_time":"20190415153043","is_ascension_mode":true,"campfire_choices":[{"data":"Bash","floor":6,"key":"SMITH"},{"data":"Warcry","floor":15,"key":"SMITH"}],"neow_cost":"NONE","seed_source_timestamp":1227822758652469,"circlet_count":0,"master_deck":["AscendersBane","Strike_R","Strike_R","Strike_R","Defend_R","Defend_R","Defend_R","Defend_R","Bash+1","Fiend Fire","Hemokinesis","Battle Trance","Flame Barrier","Berserk","Warcry+1","Ghostly Armor","Warcry+1","Spot Weakness+1","True Grit+1","Feed","Pummel"],"relics":["Burning Blood","Tiny Chest","Vajra","Toxic Egg 2"],"potions_floor_usage":[16,16],"damage_taken":[{"damage":3,"enemies":"Jaw Worm","floor":1,"turns":5},{"damage":0,"enemies":"2 Louse","floor":2,"turns":2},{"damage":0,"enemies":"Cultist","floor":3,"turns":2},{"damage":6,"enemies":"3 Louse","floor":5,"turns":3},{"damage":19,"enemies":"Gremlin Nob","floor":7,"turns":3},{"damage":1,"enemies":"Exordium Thugs","floor":10,"turns":4},{"damage":16,"enemies":"Blue Slaver","floor":11,"turns":2},{"damage":24,"enemies":"Lagavulin","floor":12,"turns":7},{"damage":10,"enemies":"Lots of Slimes","floor":14,"turns":6},{"damage":32,"enemies":"Hexaghost","floor":16,"turns":8}],"seed_played":"7497555950947522680","potions_obtained":[{"floor":0,"key":"GamblersBrew"},{"floor":0,"key":"FearPotion"}],"is_trial":false,"path_per_floor":["M","M","M","?","M","R","E","?","T","M","M","E","$","M","R","B"],"character_chosen":"IRONCLAD","items_purchased":["Spot Weakness+1","True Grit+1","Feed"],"campfire_rested":0,"item_purchase_floors":[13,13,13],"current_hp_per_floor":[75,80,80,69,69,69,56,56,56,61,51,33,33,32,32,0],"gold":98,"neow_bonus":"THREE_SMALL_POTIONS","is_prod":false,"is_daily":false,"chose_seed":false,"campfire_upgraded":2,"win_rate":0,"timestamp":1555320643,"path_taken":["M","M","M","?","M","R","E","?","T","M","?","E","$","M","R","BOSS"],"build_version":"2019-01-23","purchased_purges":1,"victory":false,"max_hp_per_floor":[80,80,80,80,80,80,80,80,80,80,80,80,80,83,83,83],"card_choices":[{"not_picked":["Armaments","Shockwave"],"picked":"Fiend Fire","floor":1},{"not_picked":["Heavy Blade","Seeing Red"],"picked":"Hemokinesis","floor":2},{"not_picked":["Rage","Wild Strike"],"picked":"Battle Trance","floor":3},{"not_picked":["Thunderclap","Armaments","Intimidate"],"picked":"SKIP","floor":5},{"not_picked":["Heavy Blade","Immolate"],"picked":"Flame Barrier","floor":7},{"not_picked":["Blood for Blood","Clothesline"],"picked":"Warcry","floor":10},{"not_picked":["Cleave","Sword Boomerang"],"picked":"Ghostly Armor","floor":11},{"not_picked":["Perfected Strike","Reckless Charge"],"picked":"Warcry","floor":12},{"not_picked":["Perfected Strike","Iron Wave"],"picked":"Pummel","floor":14}],"player_experience":1147071,"relics_obtained":[{"floor":7,"key":"Tiny Chest"},{"floor":9,"key":"Vajra"},{"floor":12,"key":"Toxic Egg 2"}],"event_choices":[{"damage_healed":0,"gold_gain":75,"player_choice":"Gather Gold","damage_taken":11,"max_hp_gain":0,"max_hp_loss":0,"event_name":"World of Goop","floor":4,"gold_loss":0},{"damage_healed":0,"gold_gain":0,"cards_transformed":["Strike_R"],"player_choice":"Transformed","damage_taken":0,"max_hp_gain":0,"max_hp_loss":0,"event_name":"Transmorgrifier","floor":8,"gold_loss":0,"cards_obtained":["Berserk"]}],"is_beta":false,"boss_relics":[],"items_purged_floors":[13],"is_endless":false,"potions_floor_spawned":[1,5,10],"killed_by":"Hexaghost","ascension_level":13}