{"gold_per_floor":[117,117,42,42,56,88,88,120,198,198,348,348,220,258,258,352,352,370,401,158,178,178,178,178],"floor_reached":24,"playtime":635,"items_purged":["Pain","Doubt"],"score":446,"play_id":"fc4816d0-9df6-41e4-a15f-da542783baf5","local_time":"20190429212844","is_ascension_mode":true,"campfire_choices":[{"data":"Rampage","floor":7.0,"key":"SMITH"},{"floor":12.0,"key":"REST"},{"data":"True Grit","floor":15.0,"key":"SMITH"}],"neow_cost":"NONE","seed_source_timestamp":0,"circlet_count":0,"master_deck":["AscendersBane","Strike_R","Strike_R+1","Strike_R","Defend_R","Defend_R","Bash+1","Rampage+1","Shrug It Off","Immolate","True Grit+1","Double Tap","Perfected Strike+1","Armaments+1","Impervious+1","Whirlwind+1","Twin Strike","Shrug It Off"],"special_seed":0,"relics":["Burning Blood","NeowsBlessing","WarpedTongs","Lantern","Potion Belt","Meat on the Bone","Golden Idol","Odd Mushroom","Astrolabe","Red Mask","Tiny Chest"],"potions_floor_usage":[24,24,24],"damage_taken":[{"damage":0.0,"enemies":"2 Louse","floor":1.0,"turns":1.0},{"damage":2.0,"enemies":"Small Slimes","floor":5.0,"turns":1.0},{"damage":0.0,"enemies":"Lagavulin","floor":6.0,"turns":1.0},{"damage":33.0,"enemies":"Gremlin Nob","floor":8.0,"turns":4.0},{"damage":0.0,"enemies":"The Mushroom Lair","floor":14.0,"turns":3.0},{"damage":31.0,"enemies":"The Guardian","floor":16.0,"turns":14.0},{"damage":28.0,"enemies":"3 Byrds","floor":18.0,"turns":7.0},{"damage":37.0,"enemies":"Masked Bandits","floor":19.0,"turns":4.0},{"damage":22.0,"enemies":"Spheric Guardian","floor":21.0,"turns":4.0},{"damage":44,"enemies":"Book of Stabbing","floor":24,"turns":5}],"seed_played":"-2169154893897323984","potions_obtained":[{"floor":1.0,"key":"Swift Potion"},{"floor":6.0,"key":"Dexterity Potion"},{"floor":16.0,"key":"BloodPotion"},{"floor":21.0,"key":"FearPotion"}],"is_trial":false,"path_per_floor":["M","?","?","?","M","E","R","E","T","?","?","R","$","?","R","B",null,"M","?","$","M","?","?","E"],"character_chosen":"IRONCLAD","items_purchased":["Block Potion","Tiny Chest"],"campfire_rested":1,"item_purchase_floors":[13,20],"current_hp_per_floor":[74,51,51,51,55,61,61,34,34,8,8,30,30,48,48,35,65,55,36,36,32,32,32,0],"gold":178,"neow_bonus":"THREE_ENEMY_KILL","is_prod":false,"is_daily":false,"chose_seed":false,"campfire_upgraded":2,"win_rate":0,"timestamp":1556566124,"path_taken":["M","?","?","?","?","E","R","E","T","?","?","R","$","?","R","BOSS","M","?","$","M","?","?","E"],"build_version":"2019-04-23","purchased_purges":2,"victory":false,"max_hp_per_floor":[75,75,75,75,75,75,75,75,75,75,75,75,75,75,75,75,75,75,75,75,75,75,75,75],"card_choices":[{"not_picked":["Thunderclap","Headbutt"],"picked":"Rampage","floor":1.0},{"not_picked":["Twin Strike","Headbutt"],"picked":"Shrug It Off","floor":5.0},{"not_picked":["Exhume","Perfected Strike","Headbutt"],"picked":"SKIP","floor":6.0},{"not_picked":["Flex","Twin Strike"],"picked":"Immolate","floor":8.0},{"not_picked":["Clash","Perfected Strike"],"picked":"True Grit","floor":14.0},{"not_picked":["Feed","Bludgeon"],"picked":"Double Tap","floor":16.0},{"not_picked":["Clothesline","Armaments"],"picked":"Whirlwind+1","floor":18.0},{"not_picked":["Headbutt","Dropkick"],"picked":"Twin Strike","floor":19.0},{"not_picked":["Whirlwind","Havoc"],"picked":"Shrug It Off","floor":21.0}],"player_experience":1424409,"relics_obtained":[{"floor":6.0,"key":"Lantern"},{"floor":8.0,"key":"Potion Belt"},{"floor":9.0,"key":"Meat on the Bone"},{"floor":14.0,"key":"Odd Mushroom"},{"floor":19.0,"key":"Red Mask"}],"event_choices":[{"damage_healed":0.0,"max_hp_gain":0.0,"max_hp_loss":0.0,"gold_gain":0.0,"event_name":"Shining Light","player_choice":"Entered Light","floor":2.0,"gold_loss":0.0,"damage_taken":23.0,"cards_upgraded":["Bash","Strike_R"]},{"cards_removed":["Strike_R"],"damage_healed":0.0,"max_hp_gain":0.0,"max_hp_loss":0.0,"gold_gain":0.0,"event_name":"The Cleric","player_choice":"Card Removal","floor":3.0,"gold_loss":75.0,"damage_taken":0.0},{"damage_healed":0.0,"max_hp_gain":0.0,"max_hp_loss":0.0,"gold_gain":0.0,"event_name":"Accursed Blacksmith","player_choice":"Rummage","floor":4.0,"gold_loss":0.0,"damage_taken":0.0,"relics_obtained":["WarpedTongs"],"cards_obtained":["Pain"]},{"damage_healed":0.0,"max_hp_gain":0.0,"max_hp_loss":0.0,"gold_gain":0.0,"event_name":"Golden Idol","player_choice":"Take Damage","floor":10.0,"gold_loss":0.0,"damage_taken":26.0,"relics_obtained":["Golden Idol"]},{"damage_healed":0.0,"max_hp_gain":0.0,"max_hp_loss":0.0,"gold_gain":150.0,"event_name":"Liars Game","player_choice":"AGREE","floor":11.0,"gold_loss":0.0,"damage_taken":0.0,"cards_obtained":["Doubt"]},{"damage_healed":0.0,"max_hp_gain":0.0,"max_hp_loss":0.0,"gold_gain":0.0,"event_name":"Mushrooms","player_choice":"Fought Mushrooms","floor":14.0,"gold_loss":0.0,"damage_taken":0.0},{"damage_healed":0.0,"max_hp_gain":0.0,"max_hp_loss":0.0,"gold_gain":0.0,"event_name":"Masked Bandits","player_choice":"Fought Bandits","floor":19.0,"gold_loss":0.0,"damage_taken":0.0},{"damage_healed":0.0,"max_hp_gain":0.0,"max_hp_loss":0.0,"gold_gain":0.0,"event_name":"Vampires","player_choice":"Ignored","floor":22.0,"gold_loss":0.0,"damage_taken":0.0},{"damage_healed":0.0,"max_hp_gain":0.0,"max_hp_loss":0.0,"gold_gain":0.0,"event_name":"Match and Keep!","player_choice":"0 cards matched","floor":23.0,"gold_loss":0.0,"damage_taken":0.0,"cards_obtained":[]}],"is_beta":true,"boss_relics":[{"not_picked":["Tiny House","Runic Pyramid"],"picked":"Astrolabe"}],"items_purged_floors":[13,20],"is_endless":false,"potions_floor_spawned":[1,6,16,21],"killed_by":"Book of Stabbing","ascension_level":20}