{"gold_per_floor":[118,98,115,132,148,148,168,93,93,93,93,93,38,57,57,57],"floor_reached":16,"playtime":441,"items_purged":["Strike_R"],"score":184,"play_id":"46b02d7f-9259-4f82-9196-a249013b2f09","local_time":"20190326163824","is_ascension_mode":true,"campfire_choices":[{"data":"Bash","floor":6,"key":"SMITH"},{"floor":11,"key":"REST"},{"floor":15,"key":"REST"}],"neow_cost":"PERCENT_DAMAGE","seed_source_timestamp":490964518349500,"circlet_count":0,"master_deck":["AscendersBane","Strike_R","Strike_R","Strike_R","Defend_R","Defend_R","Defend_R","Bash+1","Sword Boomerang","Entrench","Heavy Blade","Pummel"],"relics":["Burning Blood","Pantograph","Matryoshka"],"potions_floor_usage":[14,16],"damage_taken":[{"damage":1,"enemies":"Cultist","floor":1,"turns":3},{"damage":7,"enemies":"2 Louse","floor":3,"turns":3},{"damage":7,"enemies":"Small Slimes","floor":4,"turns":4},{"damage":24,"enemies":"3 Louse","floor":5,"turns":6},{"damage":22,"enemies":"2 Fungi Beasts","floor":7,"turns":4},{"damage":23,"enemies":"Large Slime","floor":14,"turns":6},{"damage":85,"enemies":"The Guardian","floor":16,"turns":12}],"seed_played":"-6218409941765206786","potions_obtained":[{"floor":1,"key":"GamblersBrew"},{"floor":2,"key":"Ancient Potion"},{"floor":7,"key":"FearPotion"},{"floor":14,"key":"EssenceOfSteel"}],"is_trial":false,"path_per_floor":["M","?","M","M","M","R","M","$","T","?","R","?","?","M","R","B"],"character_chosen":"IRONCLAD","items_purchased":[],"campfire_rested":2,"item_purchase_floors":[],"current_hp_per_floor":[55,55,54,53,35,35,19,19,19,19,41,30,30,13,35,0],"gold":57,"neow_bonus":"TRANSFORM_TWO_CARDS","is_prod":false,"is_daily":false,"chose_seed":false,"campfire_upgraded":1,"win_rate":0,"timestamp":1553614704,"path_taken":["M","?","M","M","?","R","M","$","T","?","R","?","?","M","R","BOSS"],"build_version":"2019-03-15","purchased_purges":1,"victory":false,"max_hp_per_floor":[75,75,75,75,75,75,75,75,75,75,75,75,75,75,75,75],"card_choices":[{"not_picked":["True Grit","Disarm"],"picked":"Heavy Blade","floor":1},{"not_picked":["Seeing Red","Havoc","Armaments"],"picked":"SKIP","floor":3},{"not_picked":["Perfected Strike","Warcry","Thunderclap"],"picked":"SKIP","floor":4},{"not_picked":["Brutality","Flex","Evolve"],"picked":"SKIP","floor":5},{"not_picked":["Body Slam","Combust"],"picked":"Pummel","floor":7},{"not_picked":["Spot Weakness","Pummel","Thunderclap"],"picked":"SKIP","floor":14}],"player_experience":1286216,"relics_obtained":[{"floor":9,"key":"Pantograph"}],"event_choices":[{"damage_healed":0,"gold_gain":0,"player_choice":"Bought 1 Potion","damage_taken":0,"max_hp_gain":0,"max_hp_loss":0,"event_name":"The Woman in Blue","floor":2,"gold_loss":0},{"damage_healed":0,"gold_gain":0,"player_choice":"Ignored","damage_taken":0,"max_hp_gain":0,"max_hp_loss":0,"event_name":"Shining Light","floor":10,"gold_loss":0},{"damage_healed":0,"gold_gain":0,"player_choice":"Success","damage_taken":11,"relics_obtained":["Matryoshka"],"max_hp_gain":0,"max_hp_loss":0,"event_name":"Scrap Ooze","floor":12,"gold_loss":0},{"damage_healed":0,"gold_gain":0,"player_choice":"Left Gold","damage_taken":0,"max_hp_gain":0,"max_hp_loss":0,"event_name":"World of Goop","floor":13,"gold_loss":55}],"is_beta":true,"boss_relics":[],"items_purged_floors":[8],"is_endless":false,"potions_floor_spawned":[1,7,14],"killed_by":"The Guardian","ascension_level":20}