{"path_per_floor":["M","M","M","?","M","E","R","?","T","E"],"character_chosen":"IRONCLAD","items_purchased":[],"gold_per_floor":[369,383,402,402,426,470,470,470,470,505,505],"floor_reached":11,"campfire_rested":0,"playtime":404,"item_purchase_floors":[],"current_hp_per_floor":[44,35,36,16,20,13,13,13,13,8,0],"items_purged":[],"gold":505,"score":87,"play_id":"e0471a90-aa2d-444c-9832-05116d7bbb20","local_time":"20180614202623","is_prod":false,"is_daily":false,"chose_seed":false,"is_ascension_mode":true,"campfire_upgraded":1,"win_rate":0,"timestamp":1529033183,"campfire_choices":[{"data":"Searing Blow","floor":7,"key":"SMITH"}],"path_taken":["M","M","M","?","M","E","R","?","T","E","M"],"build_version":"2018-06-11","seed_source_timestamp":456308889069991,"purchased_purges":0,"victory":false,"master_deck":["Strike_R","Strike_R","Strike_R","Strike_R","Strike_R","Defend_R","Defend_R","Defend_R","Defend_R","Bash","Searing Blow+2","Armaments","Flame Barrier","Pommel Strike"],"max_hp_per_floor":[80,80,80,80,80,80,80,80,80,80,80],"special_seed":0,"relics":["Burning Blood","Golden Idol","Blood Vial","Art of War","Dodecahedron"],"card_choices":[{"not_picked":["Anger","Thunderclap"],"picked":"Searing Blow","floor":1},{"not_picked":["Clothesline","Anger"],"picked":"Armaments","floor":2},{"not_picked":["Iron Wave","Hemokinesis","Blood for Blood"],"picked":"SKIP","floor":3},{"not_picked":["Impervious","Corruption"],"picked":"Flame Barrier","floor":5},{"not_picked":["True Grit","Fire Breathing","Power Through"],"picked":"SKIP","floor":6},{"not_picked":["Havoc","Sword Boomerang"],"picked":"Pommel Strike","floor":10}],"player_experience":135536,"potions_floor_usage":[5,6],"damage_taken":[{"damage":2,"enemies":"2 Louse","floor":1,"turns":3},{"damage":15,"enemies":"Jaw Worm","floor":2,"turns":5},{"damage":5,"enemies":"Cultist","floor":3,"turns":4},{"damage":2,"enemies":"Exordium Wildlife","floor":5,"turns":4},{"damage":13,"enemies":"3 Sentries","floor":6,"turns":12},{"damage":13,"enemies":"Lagavulin","floor":10,"turns":7},{"damage":13,"enemies":"Large Slime","floor":11,"turns":5}],"relics_obtained":[{"floor":6,"key":"Blood Vial"},{"floor":9,"key":"Art of War"},{"floor":10,"key":"Dodecahedron"}],"event_choices":[{"event_name":"Golden Idol","player_choice":"Take Damage","floor":4,"damage_taken":0},{"event_name":"Living Wall","player_choice":"Grow","floor":8,"damage_taken":0}],"boss_relics":[],"items_purged_floors":[],"potions_floor_spawned":[2,3,6],"seed_played":"3208523781385413703","killed_by":"Large Slime","ascension_level":1,"potions_obtained":[{"floor":2,"key":"Block Potion"},{"floor":3,"key":"Block Potion"},{"floor":6,"key":"LiquidBronze"}],"is_trial":false}