{"gold_per_floor":[109,132,207,221,0,0,25,25,25,51,71,71,84,94,94,171,171,188,199,69,159,172,172,172,187,233,264,276,276,293,312,312,390,390,405,405,305,305,305,305,331,348,373,373,373],"floor_reached":45,"playtime":1435,"items_purged":["Defend_R","Defend_R"],"score":1071,"play_id":"73db8d95-ec1d-49ff-9b66-4a34b41e43d4","local_time":"20190412195613","is_ascension_mode":true,"campfire_choices":[{"data":"Bash","floor":6,"key":"SMITH"},{"data":"Sword Boomerang","floor":8,"key":"SMITH"},{"data":"Shrug It Off","floor":12,"key":"SMITH"},{"data":"Demon Form","floor":15,"key":"SMITH"},{"data":"Heavy Blade","floor":23,"key":"SMITH"},{"floor":29,"key":"REST"},{"data":"Twin Strike","floor":32,"key":"SMITH"},{"floor":40,"key":"REST"},{"floor":44,"key":"REST"}],"neow_cost":"NONE","seed_source_timestamp":195652773451600,"circlet_count":0,"master_deck":["AscendersBane","Strike_R","Strike_R","Strike_R","Strike_R","Strike_R","Defend_R","Defend_R","Bash+1","Sword Boomerang+1","Shrug It Off+1","Shrug It Off","Heavy Blade+1","Demon Form+1","Offering","Shrug It Off","Twin Strike+1","Shrug It Off"],"relics":["Burning Blood","NeowsBlessing","Potion Belt","Vajra","Thread and Needle","Oddly Smooth Stone","Blood Vial","Busted Crown","Bronze Scales","Mercury Hourglass","Black Star","Sundial","Letter Opener","Regal Pillow"],"potions_floor_usage":[16,18,19,22,27,31,33,33],"damage_taken":[{"damage":0,"enemies":"Cultist","floor":1,"turns":1},{"damage":0,"enemies":"Small Slimes","floor":4,"turns":1},{"damage":0,"enemies":"Gremlin Nob","floor":7,"turns":1},{"damage":25,"enemies":"Lagavulin","floor":10,"turns":7},{"damage":2,"enemies":"Jaw Worm","floor":11,"turns":3},{"damage":0,"enemies":"Lots of Slimes","floor":13,"turns":6},{"damage":0,"enemies":"Looter","floor":14,"turns":3},{"damage":38,"enemies":"Hexaghost","floor":16,"turns":6},{"damage":8,"enemies":"Chosen","floor":18,"turns":4},{"damage":6,"enemies":"3 Byrds","floor":19,"turns":5},{"damage":14,"enemies":"Cultist and Chosen","floor":22,"turns":5},{"damage":12,"enemies":"Centurion and Healer","floor":25,"turns":5},{"damage":20,"enemies":"Book of Stabbing","floor":27,"turns":4},{"damage":6,"enemies":"Snake Plant","floor":28,"turns":3},{"damage":6,"enemies":"Chosen and Byrds","floor":30,"turns":4},{"damage":2,"enemies":"3 Cultists","floor":31,"turns":4},{"damage":63,"enemies":"Collector","floor":33,"turns":7},{"damage":10,"enemies":"3 Shapes","floor":35,"turns":8},{"damage":52,"enemies":"Reptomancer","floor":41,"turns":6},{"damage":29,"enemies":"3 Darklings","floor":42,"turns":3},{"damage":49,"enemies":"Maw","floor":45,"turns":5}],"seed_played":"1180046475802201011","potions_obtained":[{"floor":4,"key":"Block Potion"},{"floor":7,"key":"Fire Potion"},{"floor":14,"key":"GamblersBrew"},{"floor":16,"key":"AttackPotion"},{"floor":24,"key":"Strength Potion"},{"floor":24,"key":"Weak Potion"},{"floor":27,"key":"Swift Potion"},{"floor":28,"key":"Block Potion"},{"floor":42,"key":"Fire Potion"}],"is_trial":false,"path_per_floor":["M","T","?","M","$","R","E","R","T","E","M","R","M","M","R","B",null,"M","M","$","?","M","R","?","M","T","E","M","R","M","M","R","B",null,"M","?","$","?","T","R","E","M","T","R","M"],"character_chosen":"IRONCLAD","items_purchased":["Vajra","Sword Boomerang","Shrug It Off"],"campfire_rested":3,"item_purchase_floors":[5,5,20],"current_hp_per_floor":[74,74,63,69,69,69,75,75,75,56,62,62,70,75,75,43,67,67,69,69,55,49,49,49,45,45,33,35,57,59,65,65,10,59,57,57,57,57,57,75,29,8,8,45,0],"gold":373,"neow_bonus":"THREE_ENEMY_KILL","is_prod":false,"is_daily":false,"chose_seed":false,"campfire_upgraded":6,"win_rate":0,"timestamp":1555091773,"path_taken":["M","?","?","M","$","R","E","R","T","E","M","R","M","M","R","BOSS","M","M","$","?","?","R","?","?","T","E","M","R","M","M","R","BOSS","M","?","$","?","?","R","E","M","T","R","?"],"build_version":"2019-04-04","purchased_purges":2,"victory":false,"max_hp_per_floor":[75,75,75,75,75,75,75,75,75,75,75,75,75,75,75,75,75,75,75,75,75,75,75,75,75,75,75,75,75,75,75,75,75,75,75,75,75,75,75,75,75,75,75,75,75],"card_choices":[{"not_picked":["Flex","Thunderclap","Battle Trance"],"picked":"SKIP","floor":1},{"not_picked":["Rage","Ghostly Armor","Iron Wave"],"picked":"SKIP","floor":4},{"not_picked":["Feel No Pain","Power Through"],"picked":"Shrug It Off","floor":7},{"not_picked":["Entrench","Clash","Fire Breathing"],"picked":"SKIP","floor":10},{"not_picked":["Sword Boomerang","Clothesline"],"picked":"Shrug It Off","floor":11},{"not_picked":["Iron Wave","Seeing Red"],"picked":"Heavy Blade","floor":13},{"not_picked":["Sword Boomerang","Clothesline"],"picked":"Demon Form","floor":14},{"not_picked":["Brutality","Juggernaut"],"picked":"Offering","floor":16},{"not_picked":["Headbutt"],"picked":"SKIP","floor":18},{"not_picked":["Headbutt"],"picked":"SKIP","floor":19},{"not_picked":["Sentinel"],"picked":"SKIP","floor":22},{"not_picked":["Pommel Strike"],"picked":"SKIP","floor":25},{"not_picked":["Rupture"],"picked":"SKIP","floor":27},{"not_picked":["Rupture"],"picked":"SKIP","floor":28},{"not_picked":[],"picked":"Twin Strike","floor":30},{"not_picked":["Body Slam"],"picked":"SKIP","floor":31},{"not_picked":["Clothesline"],"picked":"SKIP","floor":35},{"not_picked":["Cleave"],"picked":"SKIP","floor":41},{"not_picked":[],"picked":"Shrug It Off","floor":42}],"player_experience":1372975,"relics_obtained":[{"floor":2,"key":"Potion Belt"},{"floor":7,"key":"Thread and Needle"},{"floor":9,"key":"Oddly Smooth Stone"},{"floor":10,"key":"Blood Vial"},{"floor":26,"key":"Bronze Scales"},{"floor":27,"key":"Mercury Hourglass"},{"floor":39,"key":"Sundial"},{"floor":41,"key":"Letter Opener"},{"floor":41,"key":"Regal Pillow"}],"event_choices":[{"damage_healed":0,"gold_gain":75,"player_choice":"Gather Gold","damage_taken":11,"max_hp_gain":0,"max_hp_loss":0,"event_name":"World of Goop","floor":3,"gold_loss":0},{"damage_healed":0,"gold_gain":90,"player_choice":"GOLD ","damage_taken":14,"max_hp_gain":0,"max_hp_loss":0,"event_name":"Knowing Skull","floor":21,"potions_obtained":[],"gold_loss":0,"cards_obtained":[]},{"damage_healed":0,"gold_gain":0,"player_choice":"Got Potions","damage_taken":0,"max_hp_gain":0,"max_hp_loss":0,"event_name":"Lab","floor":24,"gold_loss":0},{"damage_healed":0,"gold_gain":0,"player_choice":"Ignored","damage_taken":0,"max_hp_gain":0,"max_hp_loss":0,"event_name":"Tomb of Lord Red Mask","floor":36,"gold_loss":0},{"damage_healed":0,"gold_gain":0,"player_choice":"Ignored","damage_taken":0,"max_hp_gain":0,"max_hp_loss":0,"event_name":"Mysterious Sphere","floor":38,"gold_loss":0}],"is_beta":true,"boss_relics":[{"not_picked":["Calling Bell","Ectoplasm"],"picked":"Busted Crown"},{"not_picked":["Black Blood","Fusion Hammer"],"picked":"Black Star"}],"items_purged_floors":[20,37],"is_endless":false,"potions_floor_spawned":[4,7,14,16,27,28,42],"killed_by":"Maw","ascension_level":20}