{"gold_per_floor":[109,34,34,44,54,86,102,2,2,2,2,20,55,68,68,68],"floor_reached":16,"playtime":482,"items_purged":["Defend_R","Defend_R"],"score":112,"play_id":"bba55e2c-b45c-4801-a893-90eda204cbbf","local_time":"20190209184326","is_ascension_mode":false,"campfire_choices":[{"data":"Shrug It Off","floor":11,"key":"SMITH"},{"data":"Strike_R","floor":15,"key":"SMITH"}],"neow_cost":"TEN_PERCENT_HP_LOSS","seed_source_timestamp":1836490573142100,"circlet_count":0,"master_deck":["Strike_R","Strike_R","Strike_R","Strike_R","Strike_R+1","Defend_R","Defend_R","Bash+1","Shrug It Off+1"],"relics":["Burning Blood","FossilizedHelix","Boot","Centennial Puzzle","Bottled Flame","Self Forming Clay"],"potions_floor_usage":[6,16,16],"damage_taken":[{"damage":3,"enemies":"Jaw Worm","floor":1,"turns":7},{"damage":0,"enemies":"Cultist","floor":4,"turns":3},{"damage":0,"enemies":"2 Louse","floor":5,"turns":4},{"damage":6,"enemies":"Gremlin Nob","floor":6,"turns":4},{"damage":0,"enemies":"Blue Slaver","floor":7,"turns":3},{"damage":0,"enemies":"3 Louse","floor":12,"turns":5},{"damage":26,"enemies":"Lagavulin","floor":13,"turns":6},{"damage":6,"enemies":"2 Fungi Beasts","floor":14,"turns":4},{"damage":59,"enemies":"Hexaghost","floor":16,"turns":9}],"seed_played":"-240746699380592255","potions_obtained":[{"floor":4,"key":"SteroidPotion"},{"floor":6,"key":"SpeedPotion"},{"floor":13,"key":"BloodPotion"},{"floor":14,"key":"SkillPotion"}],"is_trial":false,"path_per_floor":["M","$","?","M","M","E","M","$","T","T","R","M","E","M","R","B"],"character_chosen":"IRONCLAD","items_purchased":[],"campfire_rested":0,"item_purchase_floors":[],"current_hp_per_floor":[72,72,72,72,72,72,72,72,72,72,72,72,52,52,52,0],"gold":68,"neow_bonus":"ONE_RARE_RELIC","is_prod":false,"is_daily":false,"chose_seed":false,"campfire_upgraded":2,"win_rate":0,"timestamp":1549734206,"path_taken":["M","$","?","M","?","E","M","$","T","?","R","M","E","M","R","BOSS"],"build_version":"2019-02-06","purchased_purges":2,"victory":false,"max_hp_per_floor":[72,72,72,72,72,72,72,72,72,72,72,72,72,72,72,72],"card_choices":[{"not_picked":["Anger","Heavy Blade","Iron Wave"],"picked":"SKIP","floor":1},{"not_picked":["Feel No Pain","Armaments","Rampage"],"picked":"SKIP","floor":4},{"not_picked":["Seeing Red","Clothesline"],"picked":"Shrug It Off","floor":5},{"not_picked":["Clothesline","Iron Wave","Heavy Blade"],"picked":"SKIP","floor":6},{"not_picked":["Perfected Strike","Thunderclap","Body Slam"],"picked":"SKIP","floor":7},{"not_picked":["Searing Blow","Flex","Wild Strike"],"picked":"SKIP","floor":12},{"not_picked":["Body Slam","Pommel Strike","Feed"],"picked":"SKIP","floor":13},{"not_picked":["Blood for Blood","Heavy Blade","Rupture"],"picked":"SKIP","floor":14}],"player_experience":1131201,"relics_obtained":[{"floor":6,"key":"Boot"},{"floor":9,"key":"Centennial Puzzle"},{"floor":10,"key":"Bottled Flame"},{"floor":13,"key":"Self Forming Clay"}],"event_choices":[{"damage_healed":0,"gold_gain":0,"player_choice":"Upgraded","damage_taken":0,"max_hp_gain":0,"max_hp_loss":0,"event_name":"Upgrade Shrine","floor":3,"gold_loss":0,"cards_upgraded":["Bash"]}],"is_beta":true,"boss_relics":[],"items_purged_floors":[2,8],"is_endless":false,"potions_floor_spawned":[4,6,13,14],"killed_by":"Hexaghost","ascension_level":0}