{"gold_per_floor":[116,68,68,85,85,111,127,127,173,213,243,266,293,305,317,427,439,468,405,420,320,332,359,359,377,459,471,481,492,508,226,226,226],"floor_reached":33,"playtime":1065,"items_purged":["Defend_R","Defend_R","Strike_R"],"score":283,"play_id":"5b3ec6bf-6b2b-4c1c-82f5-c3a2bff30a2b","local_time":"20190209232229","is_ascension_mode":false,"campfire_choices":[{"data":"Bash","floor":8,"key":"SMITH"},{"data":"Strike_R","floor":15,"key":"SMITH"},{"floor":24,"key":"REST"},{"floor":32,"key":"REST"}],"neow_cost":"NONE","seed_source_timestamp":1852650474507800,"circlet_count":0,"master_deck":["Strike_R","Strike_R","Strike_R","Strike_R+1","Defend_R","Bash+1","Clash+1","Dropkick"],"relics":["Burning Blood","Happy Flower","Oddly Smooth Stone","MawBank","Incense Burner","Orrery","Strawberry","Mummified Hand","Vajra"],"potions_floor_usage":[16,22,23,23,27,33,33],"damage_taken":[{"damage":5,"enemies":"2 Louse","floor":1,"turns":3},{"damage":1,"enemies":"Jaw Worm","floor":4,"turns":4},{"damage":39,"enemies":"3 Sentries","floor":6,"turns":11},{"damage":0,"enemies":"Cultist","floor":7,"turns":3},{"damage":18,"enemies":"Lagavulin","floor":10,"turns":4},{"damage":6,"enemies":"Blue Slaver","floor":11,"turns":3},{"damage":6,"enemies":"Lots of Slimes","floor":12,"turns":7},{"damage":0,"enemies":"Red Slaver","floor":13,"turns":4},{"damage":48,"enemies":"Hexaghost","floor":16,"turns":10},{"damage":4,"enemies":"Shell Parasite","floor":18,"turns":3},{"damage":6,"enemies":"Spheric Guardian","floor":20,"turns":4},{"damage":51,"enemies":"Shelled Parasite and Fungi","floor":22,"turns":4},{"damage":29,"enemies":"Book of Stabbing","floor":23,"turns":4},{"damage":12,"enemies":"Snecko","floor":25,"turns":5},{"damage":8,"enemies":"Cultist and Chosen","floor":27,"turns":4},{"damage":20,"enemies":"Chosen and Byrds","floor":28,"turns":4},{"damage":2,"enemies":"Centurion and Healer","floor":29,"turns":4},{"damage":36,"enemies":"Snake Plant","floor":30,"turns":3},{"damage":58,"enemies":"Collector","floor":33,"turns":5}],"seed_played":"-6132183442193571488","potions_obtained":[{"floor":10,"key":"Strength Potion"},{"floor":13,"key":"Explosive Potion"},{"floor":16,"key":"Swift Potion"},{"floor":20,"key":"Fire Potion"},{"floor":22,"key":"EssenceOfSteel"},{"floor":23,"key":"FairyPotion"},{"floor":25,"key":"Ancient Potion"},{"floor":30,"key":"Regen Potion"}],"is_trial":false,"path_per_floor":["M","$","?","M","?","E","M","R","T","E","M","M","M","?","R","B",null,"M","$","M","$","M","E","R","M","T","M","M","M","M","$","R","B"],"character_chosen":"IRONCLAD","items_purchased":["Clash","Vajra"],"campfire_rested":2,"item_purchase_floors":[2,31],"current_hp_per_floor":[80,80,85,85,85,52,58,58,58,46,46,46,52,52,52,10,85,85,85,85,85,40,24,51,45,45,43,29,33,15,15,42,0],"gold":226,"neow_bonus":"RANDOM_COMMON_RELIC","is_prod":false,"is_daily":false,"chose_seed":false,"campfire_upgraded":2,"win_rate":0,"timestamp":1549750949,"path_taken":["M","$","?","M","?","E","M","R","T","E","?","M","?","?","R","BOSS","M","$","M","$","M","E","R","M","T","M","M","M","M","?","R","BOSS"],"build_version":"2019-02-06","purchased_purges":3,"victory":false,"max_hp_per_floor":[80,80,85,85,85,85,85,85,85,85,85,85,85,85,85,85,85,85,85,85,85,85,92,92,92,92,92,92,92,92,92,92,92],"card_choices":[{"not_picked":["Twin Strike","Armaments","Thunderclap"],"picked":"SKIP","floor":1},{"not_picked":["Twin Strike","Havoc","Cleave"],"picked":"SKIP","floor":4},{"not_picked":["Headbutt","Flame Barrier","Body Slam"],"picked":"SKIP","floor":6},{"not_picked":["Headbutt","Flame Barrier","Body Slam"],"picked":"SKIP","floor":6},{"not_picked":["Headbutt","Seeing Red","Body Slam"],"picked":"SKIP","floor":7},{"not_picked":["Offering","Bloodletting","True Grit"],"picked":"SKIP","floor":10},{"not_picked":["Thunderclap","Clash","Clothesline"],"picked":"SKIP","floor":11},{"not_picked":["Shockwave","Wild Strike","Evolve"],"picked":"SKIP","floor":12},{"not_picked":["Perfected Strike","Clothesline","Heavy Blade"],"picked":"SKIP","floor":13},{"not_picked":["Perfected Strike","Heavy Blade"],"picked":"Dropkick","floor":17},{"not_picked":["Cleave","Intimidate","Burning Pact+1"],"picked":"SKIP","floor":18},{"not_picked":["Power Through","Body Slam","Sever Soul"],"picked":"SKIP","floor":20},{"not_picked":["Havoc","Body Slam","Iron Wave"],"picked":"SKIP","floor":22},{"not_picked":["Sever Soul+1","Pommel Strike","Cleave"],"picked":"SKIP","floor":23},{"not_picked":["Cleave","Clothesline+1","Double Tap"],"picked":"SKIP","floor":25},{"not_picked":["Evolve","Sword Boomerang+1","Infernal Blade+1"],"picked":"SKIP","floor":27},{"not_picked":["Armaments","Pommel Strike+1","Iron Wave"],"picked":"SKIP","floor":28},{"not_picked":["Intimidate","Body Slam+1","Metallicize"],"picked":"SKIP","floor":29},{"not_picked":["Anger","Clothesline+1","Sword Boomerang"],"picked":"SKIP","floor":30}],"player_experience":1136556,"relics_obtained":[{"floor":6,"key":"Oddly Smooth Stone"},{"floor":9,"key":"MawBank"},{"floor":10,"key":"Incense Burner"},{"floor":23,"key":"Strawberry"},{"floor":26,"key":"Mummified Hand"}],"event_choices":[{"damage_healed":0,"gold_gain":0,"player_choice":"Donut","damage_taken":0,"max_hp_gain":5,"max_hp_loss":0,"event_name":"Big Fish","floor":3,"gold_loss":0},{"cards_removed":["Defend_R"],"damage_healed":0,"gold_gain":0,"player_choice":"Forget","damage_taken":0,"max_hp_gain":0,"max_hp_loss":0,"event_name":"Living Wall","floor":5,"gold_loss":0},{"damage_healed":0,"gold_gain":0,"player_choice":"Forge","damage_taken":0,"max_hp_gain":0,"max_hp_loss":0,"event_name":"Accursed Blacksmith","floor":14,"gold_loss":0,"cards_upgraded":["Clash"]}],"is_beta":true,"boss_relics":[{"not_picked":["Astrolabe","White Beast Statue"],"picked":"Orrery"}],"items_purged_floors":[19,21,31],"is_endless":false,"potions_floor_spawned":[10,13,16,20,22,23,25,30],"killed_by":"Collector","ascension_level":0}