{"gold_per_floor":[116,20,34,45,116,116,191,208,208,208,224,224,95,111,111,185,185,196,211,224,224,224],"floor_reached":22,"playtime":971,"items_purged":["Defend_G"],"score":356,"play_id":"a271dab9-de3b-42ad-83b4-65a670888c92","local_time":"20190119151452","is_ascension_mode":true,"campfire_choices":[{"data":"Footwork","floor":6,"key":"SMITH"},{"data":"Blade Dance","floor":15,"key":"SMITH"}],"neow_cost":"NONE","seed_source_timestamp":8997059940100,"circlet_count":0,"master_deck":["AscendersBane","Defend_G","Defend_G","Defend_G","Defend_G","Strike_G","Strike_G","Strike_G","Strike_G","Strike_G","Survivor","Neutralize+1","Die Die Die","Dash","Backflip","Footwork+1","Flying Knee","Blade Dance+1","Backstab","After Image","Deadly Poison+1"],"relics":["Ring of the Snake","Question Card","Sozu"],"potions_floor_usage":[11,16],"damage_taken":[{"damage":14,"enemies":"Jaw Worm","floor":1,"turns":4},{"damage":1,"enemies":"Small Slimes","floor":3,"turns":3},{"damage":0,"enemies":"2 Louse","floor":4,"turns":2},{"damage":11,"enemies":"Exordium Thugs","floor":8,"turns":9},{"damage":0,"enemies":"Looter","floor":11,"turns":4},{"damage":7,"enemies":"Lots of Slimes","floor":14,"turns":5},{"damage":32,"enemies":"Slime Boss","floor":16,"turns":11},{"damage":8,"enemies":"Chosen","floor":18,"turns":5},{"damage":20,"enemies":"Shell Parasite","floor":19,"turns":6},{"damage":16,"enemies":"Shelled Parasite and Fungi","floor":20,"turns":6},{"damage":14,"enemies":"Snecko","floor":22,"turns":4}],"seed_played":"-2457065878083118806","potions_obtained":[{"floor":3,"key":"Energy Potion"},{"floor":4,"key":"SpeedPotion"}],"is_trial":false,"path_per_floor":["M","$","M","M","?","R","?","M","T","?","M","?","$","M","R","B",null,"M","M","M","?","M"],"character_chosen":"THE_SILENT","items_purchased":["Dash","Backflip","PowerPotion"],"campfire_rested":0,"item_purchase_floors":[2,2,13],"current_hp_per_floor":[45,45,44,44,44,44,33,22,22,22,22,66,66,59,59,27,56,48,28,12,12,0],"gold":224,"neow_bonus":"ONE_RANDOM_RARE_CARD","is_prod":false,"is_daily":false,"chose_seed":false,"campfire_upgraded":2,"win_rate":0,"timestamp":1547907292,"path_taken":["M","$","M","M","?","R","?","M","T","?","?","?","$","M","R","BOSS","M","M","?","?","M"],"build_version":"2019-01-17","purchased_purges":1,"victory":false,"max_hp_per_floor":[66,66,66,66,66,66,66,66,66,66,66,66,66,66,66,66,66,66,66,66,66,66],"card_choices":[{"not_picked":["Bane","Prepared"],"picked":"Blur","floor":1},{"not_picked":["Deflect","Skewer"],"picked":"Footwork","floor":3},{"not_picked":["Underhanded Strike","Caltrops"],"picked":"Flying Knee","floor":4},{"not_picked":["Finisher","Outmaneuver","Catalyst"],"picked":"SKIP","floor":8},{"not_picked":["Masterful Stab","Slice","Flying Knee"],"picked":"Blade Dance","floor":11},{"not_picked":["Cloak And Dagger","Poisoned Stab","Dodge and Roll"],"picked":"Backstab","floor":14},{"not_picked":["Tools of the Trade","Grand Finale","Phantasmal Killer"],"picked":"After Image","floor":16},{"not_picked":["Sucker Punch","Outmaneuver","Setup","Poisoned Stab"],"picked":"SKIP","floor":18},{"not_picked":["Deadly Poison+1","Caltrops","Reflex","Distraction"],"picked":"SKIP","floor":19},{"not_picked":["Caltrops","Reflex","Distraction"],"picked":"Deadly Poison+1","floor":19},{"not_picked":["Slice","Deflect","Masterful Stab","PiercingWail"],"picked":"SKIP","floor":20}],"player_experience":1052081,"relics_obtained":[{"floor":9,"key":"Question Card"}],"event_choices":[{"damage_healed":0,"gold_gain":71,"player_choice":"Gained Gold","damage_taken":0,"max_hp_gain":0,"max_hp_loss":0,"event_name":"Golden Wing","floor":5,"gold_loss":0},{"damage_healed":0,"gold_gain":75,"player_choice":"Gather Gold","damage_taken":11,"max_hp_gain":0,"max_hp_loss":0,"event_name":"World of Goop","floor":7,"gold_loss":0},{"damage_healed":0,"gold_gain":0,"player_choice":"Upgraded","damage_taken":0,"max_hp_gain":0,"max_hp_loss":0,"event_name":"Upgrade Shrine","floor":10,"gold_loss":0,"cards_upgraded":["Neutralize"]},{"cards_removed":["Blur"],"damage_healed":44,"gold_gain":0,"player_choice":"Offered Uncommon","damage_taken":0,"max_hp_gain":0,"max_hp_loss":0,"event_name":"Bonfire Elementals","floor":12,"gold_loss":0},{"damage_healed":0,"gold_gain":0,"player_choice":"Ignored","damage_taken":0,"max_hp_gain":0,"max_hp_loss":0,"event_name":"Cursed Tome","floor":21,"gold_loss":0}],"is_beta":true,"boss_relics":[{"not_picked":["Orrery","Ectoplasm"],"picked":"Sozu"}],"items_purged_floors":[13],"is_endless":false,"potions_floor_spawned":[3,4,8,14,18,20],"killed_by":"Snecko","ascension_level":20}