{"gold_per_floor":[114,131,131,143,153,153,185,185,185,185,21,40,40,66,66,66],"floor_reached":16,"playtime":629,"items_purged":[],"score":220,"play_id":"8f2491b1-1aee-487f-967c-67b4e42376bb","local_time":"20190422123937","is_ascension_mode":true,"campfire_choices":[{"data":"True Grit","floor":6.0,"key":"SMITH"},{"floor":10.0,"key":"REST"},{"data":"Juggernaut","floor":15.0,"key":"SMITH"}],"neow_cost":"NONE","seed_source_timestamp":319856065275156,"circlet_count":0,"master_deck":["AscendersBane","Strike_R","Strike_R","Strike_R","Strike_R","Strike_R","Defend_R","Defend_R","Defend_R","Defend_R","Bash","Iron Wave","True Grit+1","Juggernaut+1","Flame Barrier","Whirlwind+1","Dual Wield"],"special_seed":0,"relics":["Burning Blood","Bag of Preparation","Blue Candle","Girya","Champion Belt","Bag of Marbles","Matryoshka"],"potions_floor_usage":[16,16],"damage_taken":[{"damage":15.0,"enemies":"Small Slimes","floor":1.0,"turns":4.0},{"damage":1.0,"enemies":"Cultist","floor":2.0,"turns":3.0},{"damage":12.0,"enemies":"Jaw Worm","floor":4.0,"turns":3.0},{"damage":25.0,"enemies":"Large Slime","floor":5.0,"turns":8.0},{"damage":31.0,"enemies":"3 Sentries","floor":7.0,"turns":10.0},{"damage":4.0,"enemies":"Blue Slaver","floor":12.0,"turns":4.0},{"damage":25.0,"enemies":"Lagavulin","floor":14.0,"turns":10.0},{"damage":19,"enemies":"The Guardian","floor":16,"turns":5}],"seed_played":"-7228092172697579194","potions_obtained":[{"floor":2.0,"key":"BloodPotion"},{"floor":12.0,"key":"GamblersBrew"},{"floor":14.0,"key":"Poison Potion"}],"is_trial":false,"path_per_floor":["M","M","?","M","M","R","E","?","T","R","$","M","$","E","R","B"],"character_chosen":"IRONCLAD","items_purchased":["Bag of Marbles"],"campfire_rested":1,"item_purchase_floors":[11],"current_hp_per_floor":[59,64,64,58,39,39,14,14,14,36,36,38,38,19,19,0],"gold":66,"neow_bonus":"RANDOM_COMMON_RELIC","is_prod":false,"is_daily":false,"chose_seed":false,"campfire_upgraded":2,"win_rate":0,"timestamp":1555958377,"path_taken":["M","M","?","?","M","R","E","?","T","R","$","M","$","E","R","BOSS"],"build_version":"2019-04-20","purchased_purges":0,"victory":false,"max_hp_per_floor":[75,75,75,75,75,75,75,75,75,75,75,75,75,75,75,75],"card_choices":[{"not_picked":["Wild Strike","Thunderclap"],"picked":"Iron Wave","floor":1.0},{"not_picked":["Flex","Anger"],"picked":"True Grit","floor":2.0},{"not_picked":["Reckless Charge","Clash"],"picked":"Juggernaut","floor":4.0},{"not_picked":["Warcry","Headbutt"],"picked":"Flame Barrier","floor":5.0},{"not_picked":["Rage","Dark Embrace"],"picked":"Whirlwind","floor":7.0},{"not_picked":["Wild Strike","Clothesline","Perfected Strike"],"picked":"SKIP","floor":12.0},{"not_picked":["Blood for Blood","Inflame"],"picked":"Dual Wield","floor":14.0}],"player_experience":2956926,"relics_obtained":[{"floor":7.0,"key":"Girya"},{"floor":9.0,"key":"Champion Belt"},{"floor":14.0,"key":"Matryoshka"}],"event_choices":[{"damage_healed":0.0,"max_hp_gain":0.0,"max_hp_loss":0.0,"gold_gain":0.0,"event_name":"WeMeetAgain","player_choice":"Gave Potion","floor":3.0,"gold_loss":0.0,"damage_taken":0.0,"relics_obtained":["Blue Candle"]},{"damage_healed":0.0,"max_hp_gain":0.0,"max_hp_loss":0.0,"gold_gain":0.0,"event_name":"Living Wall","player_choice":"Grow","floor":8.0,"gold_loss":0.0,"damage_taken":0.0,"cards_upgraded":["Whirlwind"]}],"is_beta":true,"boss_relics":[],"items_purged_floors":[],"is_endless":false,"potions_floor_spawned":[2,12,14],"killed_by":"The Guardian","ascension_level":20}