{"gold_per_floor":[368,84,84,96,107,107,140,140,140,140,140,140,158,183,183,287,287,305,315,329,329,342,342,377,388,388,388,35,48,76,176,176,275,275,286,286,298,311,361,395,413,440,440,440,456,456,485,502,502,502,502,502,111,138,138],"floor_reached":56,"playtime":2033,"items_purged":["Defend_R","Strike_R"],"score":1412,"play_id":"d84fc2f9-4fc5-445e-98bf-7409ee4ed5da","local_time":"20190303160621","is_ascension_mode":false,"campfire_choices":[{"data":"Bash","floor":6,"key":"SMITH"},{"data":"Inflame","floor":10,"key":"SMITH"},{"floor":12,"key":"REST"},{"floor":15,"key":"REST"},{"floor":23,"key":"REST"},{"data":"Heavy Blade","floor":27,"key":"SMITH"},{"floor":32,"key":"REST"},{"floor":44,"key":"RECALL"},{"data":"1","floor":46,"key":"LIFT"},{"data":"2","floor":49,"key":"LIFT"},{"data":"3","floor":52,"key":"LIFT"}],"neow_cost":"PERCENT_DAMAGE","seed_source_timestamp":91796983148100,"circlet_count":0,"master_deck":["Strike_R","Strike_R","Defend_R+1","Defend_R","Defend_R+1","Bash+1","Shrug It Off","Inflame+1","Limit Break+1","Feed+1","Heavy Blade+1","Sword Boomerang+1","Immolate+1","Inflame+1"],"relics":["Burning Blood","Oddly Smooth Stone","Ginger","Potion Belt","Toxic Egg 2","Busted Crown","Blood Vial","Ornamental Fan","Membership Card","Lantern","Bag of Preparation","Peace Pipe","Singing Bowl","Velvet Choker","Girya","Frozen Egg 2","Anchor","Happy Flower","Strawberry","Vajra","Bronze Scales","HandDrill","Whetstone"],"potions_floor_usage":[14,29,30,30,31,31,40,50,55,55,55,55],"damage_taken":[{"damage":6,"enemies":"Jaw Worm","floor":1,"turns":5},{"damage":0,"enemies":"2 Louse","floor":4,"turns":2},{"damage":0,"enemies":"Small Slimes","floor":5,"turns":3},{"damage":27,"enemies":"Gremlin Nob","floor":7,"turns":4},{"damage":2,"enemies":"Exordium Wildlife","floor":13,"turns":5},{"damage":36,"enemies":"Lagavulin","floor":14,"turns":5},{"damage":42,"enemies":"The Guardian","floor":16,"turns":9},{"damage":2,"enemies":"Shell Parasite","floor":18,"turns":6},{"damage":30,"enemies":"Spheric Guardian","floor":19,"turns":4},{"damage":36,"enemies":"Snake Plant","floor":20,"turns":3},{"damage":10,"enemies":"Centurion and Healer","floor":22,"turns":9},{"damage":27,"enemies":"Book of Stabbing","floor":24,"turns":3},{"damage":10,"enemies":"Chosen and Byrds","floor":25,"turns":5},{"damage":18,"enemies":"Snake Plant","floor":29,"turns":3},{"damage":14,"enemies":"Slavers","floor":30,"turns":4},{"damage":16,"enemies":"Colosseum Slavers","floor":31,"turns":7},{"damage":9,"enemies":"Colosseum Nobs","floor":31,"turns":3},{"damage":75,"enemies":"Automaton","floor":33,"turns":8},{"damage":5,"enemies":"3 Darklings","floor":35,"turns":3},{"damage":5,"enemies":"3 Shapes","floor":37,"turns":3},{"damage":25,"enemies":"Maw","floor":38,"turns":5},{"damage":22,"enemies":"2 Orb Walkers","floor":39,"turns":3},{"damage":11,"enemies":"Reptomancer","floor":40,"turns":4},{"damage":5,"enemies":"Transient","floor":41,"turns":5},{"damage":9,"enemies":"Giant Head","floor":42,"turns":4},{"damage":6,"enemies":"Writhing Mass","floor":45,"turns":4},{"damage":0,"enemies":"Reptomancer","floor":47,"turns":3},{"damage":0,"enemies":"Sphere and 2 Shapes","floor":48,"turns":2},{"damage":67,"enemies":"Awakened One","floor":50,"turns":6},{"damage":0,"enemies":"Shield and Spear","floor":54,"turns":3},{"damage":89,"enemies":"The Heart","floor":55,"turns":5}],"seed_played":"6622298966344277154","potions_obtained":[{"floor":1,"key":"Weak Potion"},{"floor":4,"key":"GamblersBrew"},{"floor":7,"key":"SteroidPotion"},{"floor":19,"key":"FearPotion"},{"floor":24,"key":"Swift Potion"},{"floor":25,"key":"Regen Potion"},{"floor":30,"key":"Fruit Juice"},{"floor":33,"key":"Explosive Potion"},{"floor":38,"key":"SteroidPotion"},{"floor":39,"key":"Strength Potion"},{"floor":42,"key":"Poison Potion"},{"floor":45,"key":"EssenceOfSteel"}],"is_trial":false,"path_per_floor":["M","$","?","M","M","R","E","?","T","R","$","R","M","E","R","B",null,"M","M","M","?","M","R","E","M","T","R","$","M","E","?","R","B",null,"M","?","M","M","?","E","M","E","T","R","M","R","E","M","R","B",null,"R","$","E","B",null],"character_chosen":"IRONCLAD","items_purchased":["Shrug It Off","Oddly Smooth Stone","Membership Card","Immolate","Lantern","Vajra","Bronze Scales","PowerPotion","PowerPotion","Inflame+1","HandDrill"],"campfire_rested":4,"item_purchase_floors":[2,2,28,28,28,53,53,53,53,53,53],"current_hp_per_floor":[56,56,40,46,52,52,31,28,28,28,28,52,56,26,50,14,80,83,62,35,35,34,61,43,44,44,44,44,37,46,47,81,16,116,118,118,123,106,97,96,101,102,102,102,106,106,123,136,136,77,152,152,152,154,71],"gold":138,"neow_bonus":"TWO_FIFTY_GOLD","is_prod":false,"is_daily":false,"chose_seed":false,"campfire_upgraded":3,"win_rate":0,"timestamp":1551625581,"path_taken":["M","$","?","M","M","R","E","?","T","R","?","R","M","E","R","BOSS","M","M","M","?","M","R","E","M","T","R","$","?","E","?","R","BOSS","M","?","M","M","?","E","M","E","T","R","M","R","E","M","R","BOSS","R","$","E","BOSS"],"build_version":"2019-02-06","purchased_purges":2,"victory":true,"max_hp_per_floor":[80,80,80,80,80,80,80,80,80,80,80,80,80,80,80,80,80,83,86,89,89,92,92,95,98,98,98,98,101,104,114,114,116,116,118,118,123,125,130,132,134,136,136,136,138,138,147,152,152,152,152,152,152,154,154],"card_choices":[{"not_picked":["Feel No Pain","Sword Boomerang","Evolve"],"picked":"SKIP","floor":1},{"not_picked":["Pummel","Hemokinesis","Body Slam"],"picked":"SKIP","floor":4},{"not_picked":["Infernal Blade","Flex","Armaments"],"picked":"SKIP","floor":5},{"not_picked":["Carnage","Armaments","Inflame"],"picked":"SKIP","floor":7},{"not_picked":["Carnage","Armaments"],"picked":"Inflame","floor":7},{"not_picked":["Battle Trance","Wild Strike","Infernal Blade"],"picked":"SKIP","floor":13},{"not_picked":["Shrug It Off","Carnage"],"picked":"Limit Break","floor":14},{"not_picked":["Exhume+1","Demon Form"],"picked":"Feed","floor":16},{"not_picked":[],"picked":"Heavy Blade","floor":18},{"not_picked":[],"picked":"Sword Boomerang+1","floor":19},{"not_picked":["Hemokinesis"],"picked":"SKIP","floor":20},{"not_picked":["Flex+1"],"picked":"SKIP","floor":22},{"not_picked":["Blood for Blood+1"],"picked":"SKIP","floor":24},{"not_picked":["Blood for Blood+1"],"picked":"SKIP","floor":24},{"not_picked":["True Grit+1"],"picked":"SKIP","floor":25},{"not_picked":["Body Slam"],"picked":"SKIP","floor":29},{"not_picked":["Heavy Blade+1"],"picked":"SKIP","floor":30},{"not_picked":["Flex+1"],"picked":"Singing Bowl","floor":31},{"not_picked":["Immolate"],"picked":"Singing Bowl","floor":33},{"not_picked":["Clash+1"],"picked":"Singing Bowl","floor":35},{"not_picked":["Wild Strike"],"picked":"Singing Bowl","floor":37},{"not_picked":["Heavy Blade+1"],"picked":"Singing Bowl","floor":38},{"not_picked":["Body Slam+1"],"picked":"Singing Bowl","floor":39},{"not_picked":["Power Through+1"],"picked":"Singing Bowl","floor":40},{"not_picked":["Armaments+1"],"picked":"Singing Bowl","floor":41},{"not_picked":["Warcry+1"],"picked":"Singing Bowl","floor":42},{"not_picked":["Entrench+1"],"picked":"Singing Bowl","floor":45},{"not_picked":["Infernal Blade+1"],"picked":"Singing Bowl","floor":47},{"not_picked":["Thunderclap"],"picked":"Singing Bowl","floor":48},{"not_picked":["Wild Strike"],"picked":"Singing Bowl","floor":54}],"player_experience":1207492,"relics_obtained":[{"floor":7,"key":"Ginger"},{"floor":14,"key":"Toxic Egg 2"},{"floor":24,"key":"Blood Vial"},{"floor":26,"key":"Ornamental Fan"},{"floor":30,"key":"Bag of Preparation"},{"floor":31,"key":"Peace Pipe"},{"floor":31,"key":"Singing Bowl"},{"floor":39,"key":"Girya"},{"floor":40,"key":"Frozen Egg 2"},{"floor":42,"key":"Anchor"},{"floor":43,"key":"Happy Flower"},{"floor":47,"key":"Strawberry"},{"floor":54,"key":"Whetstone"}],"event_choices":[{"damage_healed":0,"gold_gain":0,"player_choice":"Entered Light","damage_taken":16,"max_hp_gain":0,"max_hp_loss":0,"event_name":"Shining Light","floor":3,"gold_loss":0,"cards_upgraded":["Defend_R","Defend_R"]},{"damage_healed":0,"gold_gain":0,"player_choice":"Success","damage_taken":3,"relics_obtained":["Potion Belt"],"max_hp_gain":0,"max_hp_loss":0,"event_name":"Scrap Ooze","floor":8,"gold_loss":0},{"cards_removed":["Strike_R"],"damage_healed":0,"gold_gain":0,"player_choice":"Purged","damage_taken":0,"max_hp_gain":0,"max_hp_loss":0,"event_name":"Purifier","floor":21,"gold_loss":0},{"damage_healed":0,"gold_gain":0,"player_choice":"Fight","damage_taken":0,"max_hp_gain":0,"max_hp_loss":0,"event_name":"Colosseum","floor":31,"gold_loss":0},{"damage_healed":0,"gold_gain":0,"player_choice":"Fought Nobs","damage_taken":0,"max_hp_gain":0,"max_hp_loss":0,"event_name":"Colosseum","floor":31,"gold_loss":0},{"cards_removed":["Strike_R"],"damage_healed":0,"gold_gain":0,"player_choice":"Removed Attack","damage_taken":0,"max_hp_gain":0,"max_hp_loss":0,"event_name":"Falling","floor":36,"gold_loss":0},{"damage_healed":0,"gold_gain":0,"player_choice":"Fight","damage_taken":0,"max_hp_gain":0,"max_hp_loss":0,"event_name":"Mysterious Sphere","floor":39,"gold_loss":0}],"is_beta":true,"boss_relics":[{"not_picked":["Lizard Tail","Sozu"],"picked":"Busted Crown"},{"not_picked":["White Beast Statue","Pandora\u0027s Box"],"picked":"Velvet Choker"}],"items_purged_floors":[2,53],"is_endless":false,"potions_floor_spawned":[1,4,7,19,24,25,30,33,38,39,42,45,48],"ascension_level":0}