{"gold_per_floor":[110,110,124,139,152,179,179,196,196,196,231,231,71,131,131,208,208,222,242,242],"floor_reached":20,"playtime":797,"items_purged":[],"score":368,"play_id":"ea874169-491e-4204-b90a-e935f2a882b3","local_time":"20190126002449","is_ascension_mode":true,"campfire_choices":[{"floor":7,"key":"REST"},{"floor":10,"key":"REST"},{"data":"Bouncing Flask","floor":12,"key":"SMITH"},{"floor":15,"key":"REST"}],"neow_cost":"TEN_PERCENT_HP_LOSS","seed_source_timestamp":0,"circlet_count":0,"master_deck":["AscendersBane","Defend_G","Defend_G","Defend_G","Defend_G","Defend_G","Strike_G","Strike_G","Strike_G","Strike_G","Strike_G","Survivor","Neutralize","Dash","Poisoned Stab","Escape Plan","Bouncing Flask+1","Envenom","Adrenaline","Tools of the Trade","Backflip"],"special_seed":0,"relics":["Ring of the Snake","The Specimen","FaceOfCleric","Sundial","Paper Crane","Pear","Kunai","Sozu"],"potions_floor_usage":[6,11,16],"damage_taken":[{"damage":7.0,"enemies":"2 Louse","floor":1.0,"turns":4.0},{"damage":6.0,"enemies":"Cultist","floor":3.0,"turns":5.0},{"damage":3.0,"enemies":"Small Slimes","floor":4.0,"turns":4.0},{"damage":0.0,"enemies":"Blue Slaver","floor":5.0,"turns":4.0},{"damage":26,"enemies":"3 Sentries","floor":6,"turns":11},{"damage":12,"enemies":"Exordium Wildlife","floor":8,"turns":4},{"damage":14,"enemies":"Gremlin Nob","floor":11,"turns":4},{"damage":33,"enemies":"3 Sentries","floor":14,"turns":9},{"damage":9,"enemies":"The Guardian","floor":16,"turns":10},{"damage":17,"enemies":"Spheric Guardian","floor":18,"turns":5},{"damage":8,"enemies":"Shell Parasite","floor":19,"turns":5},{"damage":48,"enemies":"Masked Bandits","floor":20,"turns":3}],"seed_played":"-4678423741869157185","potions_obtained":[{"floor":3.0,"key":"SteroidPotion"},{"floor":6,"key":"Weak Potion"},{"floor":8,"key":"Weak Potion"},{"floor":14,"key":"FearPotion"}],"is_trial":false,"path_per_floor":["M","?","M","M","M","E","R","M","T","R","E","R","$","?","R","B",null,"M","M","?"],"character_chosen":"THE_SILENT","items_purchased":["Envenom"],"campfire_rested":3,"item_purchase_floors":[13],"current_hp_per_floor":[52,52,47,45,46,21,40,29,29,48,45,45,45,13,36,28,66,50,43,0],"gold":242,"neow_bonus":"ONE_RARE_RELIC","is_prod":false,"is_daily":false,"chose_seed":false,"campfire_upgraded":1,"win_rate":0,"timestamp":1548458689,"path_taken":["M","?","M","M","?","E","R","M","T","R","E","R","$","?","R","BOSS","M","M","?"],"build_version":"2019-01-23","purchased_purges":0,"victory":false,"max_hp_per_floor":[60,60,61,62,63,64,64,65,65,65,76,76,76,77,77,78,78,79,80,80],"card_choices":[{"not_picked":["Blade Dance","Concentrate","Outmaneuver"],"picked":"SKIP","floor":1.0},{"not_picked":["Blade Dance","Concentrate","Outmaneuver"],"picked":"SKIP","floor":1.0},{"not_picked":["Riddle With Holes","Dagger Throw"],"picked":"Dash","floor":3.0},{"not_picked":["Deflect","Acrobatics"],"picked":"Poisoned Stab","floor":4.0},{"not_picked":["Choke","Cloak And Dagger"],"picked":"Escape Plan","floor":5.0},{"not_picked":["Distraction","Footwork"],"picked":"Bouncing Flask","floor":6},{"not_picked":["Heel Hook","PiercingWail","Setup"],"picked":"SKIP","floor":8},{"not_picked":["PiercingWail","Dodge and Roll","Flying Knee"],"picked":"SKIP","floor":11},{"not_picked":["PiercingWail","Dodge and Roll","Flying Knee"],"picked":"SKIP","floor":11},{"not_picked":["Backflip","Footwork"],"picked":"Adrenaline","floor":14},{"not_picked":["Bullet Time","Grand Finale"],"picked":"Tools of the Trade","floor":16},{"not_picked":["Prepared","Dagger Throw","Deflect"],"picked":"SKIP","floor":18},{"not_picked":["Deadly Poison","PiercingWail"],"picked":"Backflip","floor":19}],"player_experience":1078645,"relics_obtained":[{"floor":6,"key":"Sundial"},{"floor":9,"key":"Paper Crane"},{"floor":11,"key":"Pear"},{"floor":14,"key":"Kunai"}],"event_choices":[{"damage_healed":0.0,"max_hp_gain":0.0,"max_hp_loss":0.0,"gold_gain":0.0,"event_name":"FaceTrader","player_choice":"Trade","floor":2.0,"gold_loss":0.0,"damage_taken":0.0,"relics_obtained":["FaceOfCleric"]},{"damage_healed":0,"gold_gain":0,"player_choice":"Searched \u00271\u0027 times","damage_taken":0,"max_hp_gain":0,"max_hp_loss":0,"event_name":"Dead Adventurer","floor":14,"gold_loss":0},{"damage_healed":0,"gold_gain":0,"player_choice":"Fought Bandits","damage_taken":0,"max_hp_gain":0,"max_hp_loss":0,"event_name":"Masked Bandits","floor":20,"gold_loss":0}],"is_beta":true,"boss_relics":[{"not_picked":["Cursed Key","Fusion Hammer"],"picked":"Sozu"}],"items_purged_floors":[],"is_endless":false,"potions_floor_spawned":[3,6,8,14],"killed_by":"Masked Bandits","ascension_level":20}