{"gold_per_floor":[115,130,130,144,219,248,248,277,350,377,396,496,137,137,137,232,232,251,350,365,72,83,110,110,144,170,504,519,519,619,276,276,276],"floor_reached":33,"playtime":1636,"items_purged":["Strike_R","Strike_R"],"score":507,"play_id":"789ae2dc-bba7-452f-951d-7fffd2f5cc24","local_time":"20181026000048","is_ascension_mode":true,"campfire_choices":[{"data":"Cleave","floor":7.0,"key":"SMITH"},{"floor":15.0,"key":"REST"},{"data":"Limit Break","floor":24.0,"key":"SMITH"},{"floor":32.0,"key":"REST"}],"neow_cost":"NONE","seed_source_timestamp":0,"circlet_count":0,"master_deck":["Strike_R","Strike_R","Strike_R+1","Defend_R","Defend_R","Defend_R","Defend_R","Bash","AscendersBane","Cleave+1","Flex","Heavy Blade","Shrug It Off","Uppercut+1","Whirlwind+1","Pommel Strike","Bandage Up","Spot Weakness","Limit Break+1","Sword Boomerang+1","Shrug It Off+1","Inflame","Decay","Iron Wave+1","J.A.X.","Fire Breathing"],"special_seed":0,"relics":["Burning Blood","Thread and Needle","Smiling Mask","Happy Flower","Self Forming Clay","Ornamental Fan","Blood Vial","Cursed Key","Nunchaku","Boot","PreservedInsect","Whetstone","Old Coin","Shovel","Letter Opener","Omamori"],"potions_floor_usage":[33],"damage_taken":[{"damage":0.0,"enemies":"Small Slimes","floor":1.0,"turns":3.0},{"damage":0.0,"enemies":"2 Louse","floor":2.0,"turns":2.0},{"damage":3.0,"enemies":"Jaw Worm","floor":4.0,"turns":3.0},{"damage":20.0,"enemies":"3 Sentries","floor":6.0,"turns":8.0},{"damage":58.0,"enemies":"Lagavulin","floor":8.0,"turns":7.0},{"damage":10.0,"enemies":"Gremlin Nob","floor":10.0,"turns":4.0},{"damage":0.0,"enemies":"Large Slime","floor":11.0,"turns":4.0},{"damage":20.0,"enemies":"The Guardian","floor":16.0,"turns":7.0},{"damage":2.0,"enemies":"Shell Parasite","floor":18.0,"turns":5.0},{"damage":0.0,"enemies":"3 Byrds","floor":20.0,"turns":3.0},{"damage":30.0,"enemies":"Sentry and Sphere","floor":22.0,"turns":6.0},{"damage":30.0,"enemies":"Slavers","floor":23.0,"turns":3.0},{"damage":44.0,"enemies":"Gremlin Leader","floor":25.0,"turns":8.0},{"damage":5.0,"enemies":"Slavers","floor":27.0,"turns":4.0},{"damage":0.0,"enemies":"Chosen and Byrds","floor":28.0,"turns":3.0},{"damage":20.0,"enemies":"Colosseum Slavers","floor":30.0,"turns":4.0},{"damage":38.0,"enemies":"Colosseum Nobs","floor":30.0,"turns":5.0},{"damage":63,"enemies":"Automaton","floor":33,"turns":6}],"seed_played":"8766155913133251217","potions_obtained":[{"floor":2.0,"key":"Energy Potion"},{"floor":8.0,"key":"Explosive Potion"},{"floor":10.0,"key":"SkillPotion"},{"floor":11.0,"key":"SneckoOil"},{"floor":16.0,"key":"Energy Potion"},{"floor":18.0,"key":"LiquidBronze"},{"floor":23.0,"key":"BloodPotion"},{"floor":25.0,"key":"Fire Potion"}],"is_trial":false,"path_per_floor":["M","M","?","M","?","E","R","E","T","E","M","?","$","?","R","B",null,"M","?","M","$","M","E","R","E","T","E","M","?","?","$","R"],"character_chosen":"IRONCLAD","items_purchased":["Bandage Up","Spot Weakness","Blood Vial","Nunchaku","Omamori","BloodPotion","Fire Breathing"],"campfire_rested":2,"item_purchase_floors":[13,13,13,21,31,31,31],"current_hp_per_floor":[86,88,85,88,77,63,63,11,11,7,13,13,13,13,39,31,74,84,84,88,88,64,46,46,22,22,29,41,41,7,7,33,0],"gold":276,"neow_bonus":"TEN_PERCENT_HP_BONUS","is_prod":false,"is_daily":false,"chose_seed":false,"campfire_upgraded":2,"win_rate":0,"timestamp":1540537248,"path_taken":["M","M","?","M","?","E","R","E","T","E","?","?","$","?","R","BOSS","M","?","M","$","M","E","R","E","T","E","M","?","?","?","R","BOSS"],"build_version":"2018-10-25v2","purchased_purges":2,"victory":false,"max_hp_per_floor":[88,88,88,88,88,88,88,88,88,88,88,88,88,88,88,88,88,88,88,88,88,88,88,88,88,88,88,88,88,88,88,88,88],"card_choices":[{"not_picked":["Bloodletting","Perfected Strike"],"picked":"Cleave","floor":1.0},{"not_picked":["Bloodletting","Blood for Blood"],"picked":"Flex","floor":2.0},{"not_picked":["Carnage","Warcry"],"picked":"Heavy Blade","floor":4.0},{"not_picked":["Reckless Charge","Anger"],"picked":"Shrug It Off","floor":6.0},{"not_picked":["Fiend Fire","Heavy Blade"],"picked":"Uppercut","floor":8.0},{"not_picked":["Anger","Shockwave"],"picked":"Whirlwind","floor":10.0},{"not_picked":["Second Wind","Headbutt"],"picked":"Pommel Strike","floor":11.0},{"not_picked":["Immolate","Juggernaut"],"picked":"Limit Break","floor":16.0},{"not_picked":["Infernal Blade","Armaments","Havoc"],"picked":"SKIP","floor":18.0},{"not_picked":["True Grit","Armaments"],"picked":"Sword Boomerang+1","floor":20.0},{"not_picked":["Sword Boomerang","Rage"],"picked":"Shrug It Off+1","floor":22.0},{"not_picked":["Evolve+1","Clothesline+1","Headbutt"],"picked":"SKIP","floor":23.0},{"not_picked":["Ghostly Armor","Immolate"],"picked":"Inflame","floor":25.0},{"not_picked":["Burning Pact","Spot Weakness"],"picked":"Iron Wave+1","floor":27.0},{"not_picked":["Sentinel","Pommel Strike+1","Infernal Blade+1"],"picked":"SKIP","floor":28.0}],"player_experience":388040,"relics_obtained":[{"floor":6.0,"key":"Smiling Mask"},{"floor":8.0,"key":"Happy Flower"},{"floor":9.0,"key":"Self Forming Clay"},{"floor":10.0,"key":"Ornamental Fan"},{"floor":23.0,"key":"Boot"},{"floor":25.0,"key":"PreservedInsect"},{"floor":26.0,"key":"Whetstone"},{"floor":27.0,"key":"Old Coin"},{"floor":30.0,"key":"Shovel"},{"floor":30.0,"key":"Letter Opener"}],"event_choices":[{"damage_healed":0.0,"max_hp_gain":0.0,"max_hp_loss":0.0,"gold_gain":0.0,"event_name":"Scrap Ooze","player_choice":"Success","floor":3.0,"gold_loss":0.0,"damage_taken":3.0,"relics_obtained":["Thread and Needle"]},{"damage_healed":0.0,"max_hp_gain":0.0,"max_hp_loss":0.0,"gold_gain":75.0,"event_name":"World of Goop","player_choice":"Gather Gold","floor":5.0,"gold_loss":0.0,"damage_taken":11.0},{"damage_healed":0.0,"max_hp_gain":0.0,"max_hp_loss":0.0,"gold_gain":100.0,"event_name":"Golden Shrine","player_choice":"Pray","floor":12.0,"gold_loss":0.0,"damage_taken":0.0},{"damage_healed":0.0,"max_hp_gain":0.0,"max_hp_loss":0.0,"gold_gain":0.0,"event_name":"Living Wall","player_choice":"Grow","floor":14.0,"gold_loss":0.0,"damage_taken":0.0,"cards_upgraded":["Whirlwind"]},{"damage_healed":0.0,"max_hp_gain":0.0,"max_hp_loss":0.0,"gold_gain":99.0,"event_name":"Nest","player_choice":"Stole From Cult","floor":19.0,"gold_loss":0.0,"damage_taken":0.0},{"damage_healed":0.0,"max_hp_gain":0.0,"max_hp_loss":0.0,"gold_gain":0.0,"event_name":"Drug Dealer","player_choice":"Obtain J.A.X.","floor":29.0,"gold_loss":0.0,"damage_taken":0.0,"cards_obtained":["J.A.X."]},{"damage_healed":0.0,"max_hp_gain":0.0,"max_hp_loss":0.0,"gold_gain":0.0,"event_name":"Colosseum","player_choice":"Fight","floor":30.0,"gold_loss":0.0,"damage_taken":0.0},{"damage_healed":0.0,"max_hp_gain":0.0,"max_hp_loss":0.0,"gold_gain":0.0,"event_name":"Colosseum","player_choice":"Fought Nobs","floor":30.0,"gold_loss":0.0,"damage_taken":0.0}],"is_beta":true,"boss_relics":[{"not_picked":["Runic Pyramid","Eternal Feather"],"picked":"Cursed Key"}],"items_purged_floors":[13,31],"is_endless":false,"potions_floor_spawned":[2,8,10,11,16,18,23,25,30],"killed_by":"Automaton","ascension_level":10}