{"gold_per_floor":[116,116,116,129,109,109,34,59,59,59,85,85,102,133,133,210,210,227,5,18,18,28,28,43,43,43,60,95,95,106,106,106,185,185,200,200,210,49,0,0,33,33,59,59,73,73,101,120,120,120],"floor_reached":50,"playtime":2965,"items_purged":["Strike_B"],"score":1122,"play_id":"bf490c26-a26f-4a74-9514-df3d9154f5f5","local_time":"20190419200416","is_ascension_mode":true,"campfire_choices":[{"data":"Zap","floor":6.0,"key":"SMITH"},{"data":"1","floor":10.0,"key":"LIFT"},{"data":"2","floor":12.0,"key":"LIFT"},{"data":"3","floor":15.0,"key":"LIFT"},{"data":"Go for the Eyes","floor":23.0,"key":"SMITH"},{"floor":25.0,"key":"REST"},{"floor":29.0,"key":"REST"},{"data":"Capacitor","floor":32.0,"key":"SMITH"},{"floor":40.0,"key":"REST"},{"floor":46.0,"key":"REST"},{"floor":49.0,"key":"RECALL"}],"neow_cost":"NONE","seed_source_timestamp":84197764230693,"circlet_count":0,"master_deck":["AscendersBane","Defend_B","Defend_B","Defend_B","Zap+1","Dualcast","Melter","Capacitor+1","Cold Snap","Genetic Algorithm","Go for the Eyes+1","Rainbow","Core Surge","Beam Cell+1","Genetic Algorithm","Ball Lightning","Chill","Conserve Battery","Leap","Multi-Cast","Force Field","Rainbow","Conserve Battery+1","Barrage","Madness","Madness","Self Repair+1","Hologram+1","Capacitor"],"special_seed":0,"relics":["FrozenCore","NeowsBlessing","Girya","Dead Branch","Calipers","Nuclear Battery","ClockworkSouvenir","Sundial","Ornamental Fan","Bag of Preparation","Red Mask","Vajra","Boot","Question Card","Nunchaku"],"potions_floor_usage":[],"damage_taken":[{"damage":0.0,"enemies":"2 Louse","floor":1.0,"turns":1.0},{"damage":0.0,"enemies":"Small Slimes","floor":4.0,"turns":1.0},{"damage":0.0,"enemies":"Gremlin Nob","floor":8.0,"turns":1.0},{"damage":21.0,"enemies":"Lagavulin","floor":11.0,"turns":6.0},{"damage":0.0,"enemies":"Cultist","floor":13.0,"turns":3.0},{"damage":11.0,"enemies":"3 Sentries","floor":14.0,"turns":6.0},{"damage":16.0,"enemies":"The Guardian","floor":16.0,"turns":9.0},{"damage":9.0,"enemies":"2 Thieves","floor":18.0,"turns":4.0},{"damage":0.0,"enemies":"Chosen","floor":20.0,"turns":3.0},{"damage":11.0,"enemies":"Shelled Parasite and Fungi","floor":22.0,"turns":4.0},{"damage":7.0,"enemies":"3 Cultists","floor":24.0,"turns":4.0},{"damage":1.0,"enemies":"Cultist and Chosen","floor":27.0,"turns":6.0},{"damage":22.0,"enemies":"Gremlin Leader","floor":28.0,"turns":6.0},{"damage":5.0,"enemies":"Snecko","floor":30.0,"turns":4.0},{"damage":29.0,"enemies":"Collector","floor":33.0,"turns":10.0},{"damage":5.0,"enemies":"3 Shapes","floor":35.0,"turns":6.0},{"damage":0.0,"enemies":"Orb Walker","floor":37.0,"turns":3.0},{"damage":14.0,"enemies":"Nemesis","floor":41.0,"turns":9.0},{"damage":0.0,"enemies":"Writhing Mass","floor":45.0,"turns":5.0},{"damage":64.0,"enemies":"Giant Head","floor":47.0,"turns":12.0},{"damage":1.0,"enemies":"3 Darklings","floor":48.0,"turns":6.0},{"damage":26,"enemies":"Awakened One","floor":50,"turns":7}],"seed_played":"-6773869970065252771","potions_obtained":[{"floor":1.0,"key":"SkillPotion"},{"floor":5.0,"key":"EntropicBrew"},{"floor":13.0,"key":"FocusPotion"},{"floor":14.0,"key":"AttackPotion"},{"floor":22.0,"key":"Explosive Potion"},{"floor":27.0,"key":"PowerPotion"},{"floor":28.0,"key":"PowerPotion"},{"floor":33.0,"key":"FearPotion"},{"floor":41.0,"key":"Block Potion"},{"floor":45.0,"key":"SteroidPotion"}],"is_trial":false,"path_per_floor":["M","?","?","M","?","R","$","E","T","R","E","R","M","E","R","B",null,"M","$","M","?","M","R","M","R","T","M","E","R","M","?","R","B",null,"M","?","M","$","?","R","E","?","T","T","M","R","E","M","R","B"],"character_chosen":"DEFECT","items_purchased":["ClockworkSouvenir","Bag of Preparation"],"campfire_rested":4,"item_purchase_floors":[19,38],"current_hp_per_floor":[64,64,57,57,57,57,57,57,57,57,36,36,36,25,25,9,56,47,47,47,47,36,36,29,50,50,49,27,48,43,43,43,14,57,52,52,52,52,52,71,57,44,44,44,44,65,11,20,20,0],"gold":120,"neow_bonus":"THREE_ENEMY_KILL","is_prod":false,"is_daily":false,"chose_seed":false,"campfire_upgraded":3,"win_rate":0,"timestamp":1555725856,"path_taken":["M","?","?","M","?","R","$","E","T","R","E","R","M","E","R","BOSS","M","?","M","?","M","R","M","R","T","?","E","R","M","?","R","BOSS","M","?","M","$","?","R","E","?","T","?","M","R","E","?","R","BOSS"],"build_version":"2019-04-04","purchased_purges":1,"victory":false,"max_hp_per_floor":[71,71,71,71,71,71,71,71,71,71,71,71,71,71,71,71,71,71,71,71,71,71,71,71,71,71,71,71,71,71,71,71,71,71,71,71,71,71,71,71,71,71,71,71,71,71,71,71,71,71],"card_choices":[{"not_picked":["Blizzard","Leap"],"picked":"Melter","floor":1.0},{"not_picked":["Gash","Compile Driver"],"picked":"Capacitor","floor":4.0},{"not_picked":["Turbo","Conserve Battery"],"picked":"Cold Snap","floor":8.0},{"not_picked":["Redo","Hologram"],"picked":"Genetic Algorithm","floor":11.0},{"not_picked":["Turbo","Fusion"],"picked":"Go for the Eyes","floor":13.0},{"not_picked":["Rebound","Coolheaded"],"picked":"Rainbow","floor":14.0},{"not_picked":["Fission","Creative AI"],"picked":"Core Surge","floor":16.0},{"not_picked":["Ball Lightning","Rip and Tear"],"picked":"Beam Cell+1","floor":18.0},{"not_picked":["Rip and Tear","Redo"],"picked":"Genetic Algorithm","floor":20.0},{"not_picked":["Gash","Thunder Strike"],"picked":"Ball Lightning","floor":22.0},{"not_picked":["Redo","Turbo"],"picked":"Chill","floor":24.0},{"not_picked":["Doom and Gloom","Streamline","Sweeping Beam"],"picked":"SKIP","floor":27.0},{"not_picked":["Hello World","Beam Cell"],"picked":"Conserve Battery","floor":28.0},{"not_picked":["Chaos","Rebound"],"picked":"Leap","floor":30.0},{"not_picked":["All For One","Machine Learning"],"picked":"Rainbow","floor":33.0},{"not_picked":["Lockon+1","Conserve Battery","Stack"],"picked":"SKIP","floor":35.0},{"not_picked":["Coolheaded","Hologram"],"picked":"Conserve Battery+1","floor":37.0},{"not_picked":["Sweeping Beam","Reboot"],"picked":"Barrage","floor":41.0},{"not_picked":["Leap","Turbo+1","Reinforced Body"],"picked":"Self Repair+1","floor":45.0},{"not_picked":["Sweeping Beam","Redo","Leap"],"picked":"Hologram+1","floor":47.0},{"not_picked":["Hologram+1","Coolheaded+1","Cold Snap"],"picked":"Capacitor","floor":48.0}],"player_experience":2940413,"relics_obtained":[{"floor":8.0,"key":"Girya"},{"floor":11.0,"key":"Dead Branch"},{"floor":14.0,"key":"Calipers"},{"floor":26.0,"key":"Sundial"},{"floor":28.0,"key":"Ornamental Fan"},{"floor":41.0,"key":"Vajra"},{"floor":43.0,"key":"Boot"},{"floor":44.0,"key":"Question Card"},{"floor":47.0,"key":"Nunchaku"}],"event_choices":[{"damage_healed":0.0,"max_hp_gain":0.0,"max_hp_loss":0.0,"gold_gain":0.0,"event_name":"Liars Game","player_choice":"Ignored","floor":2.0,"gold_loss":0.0,"damage_taken":0.0},{"cards_removed":["Strike_B"],"damage_healed":0.0,"max_hp_gain":0.0,"max_hp_loss":0.0,"gold_gain":0.0,"event_name":"Golden Wing","player_choice":"Card Removal","floor":3.0,"gold_loss":0.0,"damage_taken":7.0},{"damage_healed":0.0,"max_hp_gain":0.0,"max_hp_loss":0.0,"gold_gain":0.0,"event_name":"The Woman in Blue","player_choice":"Bought 1 Potion","floor":5.0,"gold_loss":0.0,"damage_taken":0.0},{"cards_removed":["Strike_B"],"damage_healed":0.0,"max_hp_gain":0.0,"max_hp_loss":0.0,"gold_gain":0.0,"event_name":"Purifier","player_choice":"Purged","floor":21.0,"gold_loss":0.0,"damage_taken":0.0},{"damage_healed":0.0,"max_hp_gain":0.0,"max_hp_loss":0.0,"gold_gain":0.0,"cards_transformed":["Strike_B","Defend_B"],"event_name":"Drug Dealer","player_choice":"Became Test Subject","floor":31.0,"gold_loss":0.0,"damage_taken":0.0,"cards_obtained":["Multi-Cast","Force Field"]},{"damage_healed":0.0,"max_hp_gain":0.0,"max_hp_loss":0.0,"gold_gain":0.0,"event_name":"Mysterious Sphere","player_choice":"Ignored","floor":36.0,"gold_loss":0.0,"damage_taken":0.0},{"damage_healed":0.0,"max_hp_gain":0.0,"max_hp_loss":0.0,"gold_gain":0.0,"event_name":"Tomb of Lord Red Mask","player_choice":"Paid","floor":39.0,"gold_loss":49.0,"damage_taken":0.0,"relics_obtained":["Red Mask"]},{"damage_healed":0.0,"max_hp_gain":0.0,"max_hp_loss":0.0,"gold_gain":0.0,"event_name":"Winding Halls","player_choice":"Embrace Madness","floor":42.0,"gold_loss":0.0,"damage_taken":13.0,"cards_obtained":["Madness","Madness"]}],"is_beta":true,"boss_relics":[{"not_picked":["Eternal Feather","Pandora\u0027s Box"],"picked":"Nuclear Battery"},{"not_picked":["Calling Bell","Coffee Dripper"],"picked":"FrozenCore"}],"items_purged_floors":[7],"is_endless":false,"potions_floor_spawned":[1,8,13,14,22,27,28,30,33,41,45],"killed_by":"Awakened One","ascension_level":20}