{"gold_per_floor":[119,44,44,64,64,93,93,93,93,93,110,110,129,158,158,229,229,239,239,239,253,153,153,166,166,166,166,166,181,232,244,244,320,320,340,290,290,309,309,309,325,325,325,325,325,325,335,15,15,15],"floor_reached":50,"playtime":1296,"items_purged":["Strike_R","Writhe","Writhe"],"score":1007,"play_id":"79debf33-ff12-4534-a6e9-dc575bec2ea4","local_time":"20190421014213","is_ascension_mode":true,"campfire_choices":[{"floor":8.0,"key":"REST"},{"data":"Whirlwind","floor":10.0,"key":"SMITH"},{"floor":12.0,"key":"REST"},{"data":"Heavy Blade","floor":15.0,"key":"SMITH"},{"floor":23.0,"key":"REST"},{"data":"Demon Form","floor":25.0,"key":"SMITH"},{"floor":32.0,"key":"REST"},{"floor":40.0,"key":"REST"},{"floor":42.0,"key":"RECALL"},{"floor":46.0,"key":"REST"},{"floor":49.0,"key":"REST"}],"neow_cost":"NONE","seed_source_timestamp":0,"circlet_count":0,"master_deck":["AscendersBane","Strike_R","Strike_R","Strike_R","Defend_R","Defend_R","Defend_R","Defend_R","Bash+1","Heavy Blade+1","Whirlwind+1","Pummel","Demon Form+1","True Grit","Shrug It Off","Evolve+1","Clumsy","Injury","Pummel+1","Shrug It Off","Inflame"],"special_seed":0,"relics":["Burning Blood","Bronze Scales","Red Skull","WingedGreaves","Self Forming Clay","Strawberry","Mark of Pain","Gambling Chip","Bottled Tornado","Smiling Mask","Calling Bell","PreservedInsect","Dodecahedron","Torii","Incense Burner"],"potions_floor_usage":[50],"damage_taken":[{"damage":9.0,"enemies":"Jaw Worm","floor":1.0,"turns":5.0},{"damage":4.0,"enemies":"Small Slimes","floor":4.0,"turns":4.0},{"damage":54.0,"enemies":"Lagavulin","floor":6.0,"turns":6.0},{"damage":16.0,"enemies":"Cultist","floor":11.0,"turns":4.0},{"damage":0.0,"enemies":"Looter","floor":13.0,"turns":2.0},{"damage":29.0,"enemies":"Gremlin Nob","floor":14.0,"turns":4.0},{"damage":41.0,"enemies":"Slime Boss","floor":16.0,"turns":7.0},{"damage":23.0,"enemies":"Spheric Guardian","floor":18.0,"turns":5.0},{"damage":0.0,"enemies":"3 Byrds","floor":21.0,"turns":3.0},{"damage":19.0,"enemies":"Snecko","floor":24.0,"turns":5.0},{"damage":0.0,"enemies":"Book of Stabbing","floor":27.0,"turns":1.0},{"damage":21.0,"enemies":"Snake Plant","floor":29.0,"turns":3.0},{"damage":0.0,"enemies":"3 Cultists","floor":31.0,"turns":3.0},{"damage":69.0,"enemies":"Automaton","floor":33.0,"turns":8.0},{"damage":41.0,"enemies":"3 Shapes","floor":35.0,"turns":5.0},{"damage":32.0,"enemies":"Orb Walker","floor":38.0,"turns":5.0},{"damage":0.0,"enemies":"Jaw Worm Horde","floor":41.0,"turns":2.0},{"damage":21.0,"enemies":"4 Shapes","floor":47.0,"turns":7.0},{"damage":85,"enemies":"Awakened One","floor":50,"turns":4}],"seed_played":"2586419062860949195","potions_obtained":[{"floor":6.0,"key":"Block Potion"},{"floor":14.0,"key":"Dexterity Potion"},{"floor":16.0,"key":"SmokeBomb"},{"floor":18.0,"key":"Ancient Potion"},{"floor":21.0,"key":"BloodPotion"},{"floor":31.0,"key":"SneckoOil"},{"floor":35.0,"key":"BloodPotion"},{"floor":41.0,"key":"SteroidPotion"}],"is_trial":false,"path_per_floor":["M","$","?","M","?","E","$","R","T","R","M","R","M","E","R","B",null,"M","?","?","M","$","R","M","R","T","E","?","M","T","M","R","B",null,"M","$","?","M","?","R","M","R","T","?","?","R","M","$","R","B"],"character_chosen":"IRONCLAD","items_purchased":["Incense Burner"],"campfire_rested":7,"item_purchase_floors":[48],"current_hp_per_floor":[65,65,65,67,67,19,19,41,41,41,31,53,59,43,43,8,64,47,47,23,29,29,55,50,50,50,56,56,41,41,47,73,10,68,33,33,33,15,15,41,47,47,47,47,47,73,58,58,84,0],"gold":15,"neow_bonus":"RANDOM_COMMON_RELIC","is_prod":false,"is_daily":false,"chose_seed":false,"campfire_upgraded":3,"win_rate":0,"timestamp":1555803733,"path_taken":["M","$","?","M","?","E","$","R","T","R","?","R","M","E","R","BOSS","M","?","?","M","$","R","?","R","T","E","?","?","?","M","R","BOSS","M","$","?","?","?","R","M","R","T","?","?","R","?","?","R","BOSS"],"build_version":"2019-04-20","purchased_purges":3,"victory":false,"max_hp_per_floor":[75,75,75,75,75,75,75,75,75,75,75,75,75,82,82,82,82,82,82,87,87,87,87,87,87,87,87,87,87,87,87,87,87,87,87,87,87,87,87,87,87,87,87,87,87,87,87,87,87,87],"card_choices":[{"not_picked":["True Grit","Armaments"],"picked":"Heavy Blade","floor":1.0},{"not_picked":["Dropkick","Clash","Searing Blow"],"picked":"SKIP","floor":4.0},{"not_picked":["Sever Soul","Headbutt"],"picked":"Whirlwind","floor":6.0},{"not_picked":["Havoc","Armaments"],"picked":"Pummel","floor":11.0},{"not_picked":["Clash","Metallicize","Evolve"],"picked":"SKIP","floor":13.0},{"not_picked":["Whirlwind","Body Slam","Armaments"],"picked":"SKIP","floor":14.0},{"not_picked":["Immolate","Exhume"],"picked":"Demon Form","floor":16.0},{"not_picked":["Reckless Charge","Headbutt"],"picked":"True Grit","floor":18.0},{"not_picked":["Wild Strike","Shockwave","Clothesline"],"picked":"SKIP","floor":21.0},{"not_picked":["Wild Strike","Shockwave","Clothesline"],"picked":"SKIP","floor":21.0},{"not_picked":["Searing Blow","Bloodletting","Combust"],"picked":"SKIP","floor":24.0},{"not_picked":["Havoc+1","Burning Pact"],"picked":"Shrug It Off","floor":29.0},{"not_picked":["Armaments","Thunderclap"],"picked":"Evolve+1","floor":31.0},{"not_picked":["Thunderclap","Heavy Blade"],"picked":"Pummel","floor":35.0},{"not_picked":["Pommel Strike","Ghostly Armor+1"],"picked":"Inflame","floor":38.0},{"not_picked":["Heavy Blade+1","Armaments","Clash"],"picked":"SKIP","floor":41.0},{"not_picked":["Headbutt","Clash","Combust"],"picked":"SKIP","floor":47.0}],"player_experience":1404346,"relics_obtained":[{"floor":5.0,"key":"Red Skull"},{"floor":6.0,"key":"WingedGreaves"},{"floor":9.0,"key":"Self Forming Clay"},{"floor":14.0,"key":"Strawberry"},{"floor":26.0,"key":"Bottled Tornado"},{"floor":30.0,"key":"Smiling Mask"},{"floor":34.0,"key":"PreservedInsect"},{"floor":34.0,"key":"Dodecahedron"},{"floor":34.0,"key":"Torii"}],"event_choices":[{"damage_healed":0.0,"max_hp_gain":0.0,"max_hp_loss":0.0,"gold_gain":0.0,"event_name":"Living Wall","player_choice":"Grow","floor":3.0,"gold_loss":0.0,"damage_taken":0.0,"cards_upgraded":["Bash"]},{"damage_healed":0.0,"max_hp_gain":0.0,"max_hp_loss":0.0,"gold_gain":0.0,"event_name":"Wheel of Change","player_choice":"Relic","floor":5.0,"gold_loss":0.0,"damage_taken":0.0},{"damage_healed":0.0,"max_hp_gain":0.0,"max_hp_loss":0.0,"gold_gain":0.0,"event_name":"The Mausoleum","player_choice":"Opened","floor":19.0,"gold_loss":0.0,"damage_taken":0.0,"relics_obtained":["Gambling Chip"],"cards_obtained":["Writhe"]},{"damage_healed":0.0,"max_hp_gain":5.0,"max_hp_loss":0.0,"gold_gain":0.0,"event_name":"Forgotten Altar","player_choice":"Shed Blood","floor":20.0,"gold_loss":0.0,"damage_taken":29.0},{"cards_removed":["Strike_R"],"damage_healed":0.0,"max_hp_gain":0.0,"max_hp_loss":0.0,"gold_gain":0.0,"event_name":"Purifier","player_choice":"Purged","floor":28.0,"gold_loss":0.0,"damage_taken":0.0},{"damage_healed":0.0,"max_hp_gain":0.0,"max_hp_loss":0.0,"gold_gain":0.0,"event_name":"Duplicator","player_choice":"Copied","floor":37.0,"gold_loss":0.0,"damage_taken":0.0,"cards_obtained":["Shrug It Off"]},{"damage_healed":0.0,"max_hp_gain":0.0,"max_hp_loss":0.0,"gold_gain":0.0,"event_name":"Mysterious Sphere","player_choice":"Ignored","floor":39.0,"gold_loss":0.0,"damage_taken":0.0},{"damage_healed":0.0,"max_hp_gain":0.0,"max_hp_loss":0.0,"gold_gain":0.0,"event_name":"SensoryStone","player_choice":"Memory 1","floor":44.0,"gold_loss":0.0,"damage_taken":0.0},{"damage_healed":0.0,"max_hp_gain":0.0,"max_hp_loss":0.0,"gold_gain":0.0,"event_name":"Accursed Blacksmith","player_choice":"Forge","floor":45.0,"gold_loss":0.0,"damage_taken":0.0,"cards_upgraded":["Pummel"]}],"is_beta":true,"boss_relics":[{"not_picked":["Fusion Hammer","Runic Cube"],"picked":"Mark of Pain"},{"not_picked":["Tiny House","Lizard Tail"],"picked":"Calling Bell"}],"items_purged_floors":[2,22,36],"is_endless":false,"potions_floor_spawned":[6,14,16,18,21,31,35,41],"killed_by":"Awakened One","ascension_level":20}