{"gold_per_floor":[117,130,2,13,88,88,99,99,99,113,133,133,133,133,133,133],"floor_reached":16,"playtime":541,"items_purged":["Parasite"],"score":184,"play_id":"8b7ac626-79db-4602-acd0-0488bf09cd1a","local_time":"20190428204755","is_ascension_mode":true,"campfire_choices":[{"data":"Immolate","floor":6,"key":"SMITH"},{"data":"Bash","floor":8,"key":"SMITH"},{"data":"Sword Boomerang","floor":12,"key":"SMITH"},{"data":"Shrug It Off","floor":15,"key":"SMITH"}],"neow_cost":"CURSE","seed_source_timestamp":1582138776123600,"circlet_count":0,"master_deck":["AscendersBane","Strike_R","Strike_R","Strike_R+1","Strike_R","Strike_R","Defend_R","Defend_R","Defend_R","Defend_R+1","Bash+1","Immolate+1","Shrug It Off+1","Sword Boomerang+1","Pummel+1"],"relics":["Burning Blood","Singing Bowl"],"potions_floor_usage":[11],"damage_taken":[{"damage":0,"enemies":"Cultist","floor":1,"turns":2},{"damage":3,"enemies":"Small Slimes","floor":2,"turns":3},{"damage":7,"enemies":"Jaw Worm","floor":4,"turns":3},{"damage":12,"enemies":"Large Slime","floor":7,"turns":6},{"damage":0,"enemies":"2 Fungi Beasts","floor":10,"turns":1},{"damage":6,"enemies":"Blue Slaver","floor":11,"turns":3},{"damage":40,"enemies":"Hexaghost","floor":16,"turns":7}],"seed_played":"8608571477701436393","potions_obtained":[{"floor":1,"key":"Explosive Potion"},{"floor":10,"key":"SkillPotion"}],"is_trial":false,"path_per_floor":["M","M","$","M","?","R","M","R","T","M","M","R","?","?","R","B"],"character_chosen":"IRONCLAD","items_purchased":["Shrug It Off"],"campfire_rested":0,"item_purchase_floors":[3],"current_hp_per_floor":[74,75,72,71,60,60,54,54,54,62,62,62,62,40,40,0],"gold":133,"neow_bonus":"THREE_RARE_CARDS","is_prod":false,"is_daily":false,"chose_seed":false,"campfire_upgraded":4,"win_rate":0,"timestamp":1556477275,"path_taken":["M","M","$","?","?","R","M","R","T","M","M","R","?","?","R","BOSS"],"build_version":"2019-04-23","purchased_purges":1,"victory":false,"max_hp_per_floor":[75,75,72,72,72,72,72,72,72,74,74,74,74,74,74,74],"card_choices":[{"not_picked":["Offering","Impervious"],"picked":"Immolate","floor":0},{"not_picked":["Pommel Strike","Wild Strike","Anger"],"picked":"SKIP","floor":1},{"not_picked":["Cleave","Havoc","Spot Weakness"],"picked":"SKIP","floor":2},{"not_picked":["Warcry","Clash"],"picked":"Sword Boomerang","floor":4},{"not_picked":["Seeing Red","Body Slam","Bludgeon"],"picked":"SKIP","floor":7},{"not_picked":["Disarm","Warcry","Armaments"],"picked":"Singing Bowl","floor":10},{"not_picked":["Havoc","Headbutt"],"picked":"Pummel","floor":11}],"player_experience":1422188,"relics_obtained":[{"floor":9,"key":"Singing Bowl"}],"event_choices":[{"damage_healed":0,"gold_gain":75,"player_choice":"Gather Gold","damage_taken":11,"max_hp_gain":0,"max_hp_loss":0,"event_name":"World of Goop","floor":5,"gold_loss":0},{"damage_healed":0,"gold_gain":0,"player_choice":"Grow","damage_taken":0,"max_hp_gain":0,"max_hp_loss":0,"event_name":"Living Wall","floor":13,"gold_loss":0,"cards_upgraded":["Pummel"]},{"damage_healed":0,"gold_gain":0,"player_choice":"Entered Light","damage_taken":22,"max_hp_gain":0,"max_hp_loss":0,"event_name":"Shining Light","floor":14,"gold_loss":0,"cards_upgraded":["Strike_R","Defend_R"]}],"is_beta":true,"boss_relics":[],"items_purged_floors":[3],"is_endless":false,"potions_floor_spawned":[1,10],"killed_by":"Hexaghost","ascension_level":20}