{"gold_per_floor":[114,131,147,160,176,176,192,220,275,275],"floor_reached":10,"playtime":445,"items_purged":[],"score":144,"play_id":"d7628a55-b24c-4937-8a31-1e5d30691054","local_time":"20190328232353","is_ascension_mode":true,"campfire_choices":[{"floor":6,"key":"REST"}],"neow_cost":"NONE","seed_source_timestamp":688100607933300,"circlet_count":0,"master_deck":["AscendersBane","Strike_R","Strike_R","Strike_R","Strike_R","Strike_R","Defend_R","Defend_R","Defend_R","Defend_R","Bash+1","Feed"],"relics":["Burning Blood","Letter Opener","Tiny Chest"],"potions_floor_usage":[8,10,10],"damage_taken":[{"damage":14,"enemies":"Jaw Worm","floor":1,"turns":4},{"damage":8,"enemies":"2 Louse","floor":2,"turns":4},{"damage":7,"enemies":"Small Slimes","floor":3,"turns":3},{"damage":7,"enemies":"2 Fungi Beasts","floor":4,"turns":5},{"damage":28,"enemies":"Exordium Thugs","floor":5,"turns":5},{"damage":11,"enemies":"3 Louse","floor":7,"turns":6},{"damage":31,"enemies":"Gremlin Nob","floor":8,"turns":4},{"damage":26,"enemies":"3 Sentries","floor":10,"turns":3}],"seed_played":"7188854721234380222","potions_obtained":[{"floor":3,"key":"Poison Potion"},{"floor":7,"key":"Explosive Potion"},{"floor":8,"key":"Dexterity Potion"}],"is_trial":false,"path_per_floor":["M","M","M","M","M","R","M","E","T","E"],"character_chosen":"IRONCLAD","items_purchased":[],"campfire_rested":1,"item_purchase_floors":[],"current_hp_per_floor":[60,58,57,56,34,56,51,26,26,0],"gold":275,"neow_bonus":"UPGRADE_CARD","is_prod":false,"is_daily":false,"chose_seed":false,"campfire_upgraded":0,"win_rate":0,"timestamp":1553811833,"path_taken":["M","M","M","M","M","R","M","E","T","E"],"build_version":"2019-03-15","purchased_purges":0,"victory":false,"max_hp_per_floor":[75,75,75,75,75,75,75,75,75,75],"card_choices":[{"not_picked":["Clothesline","Second Wind","Hemokinesis"],"picked":"SKIP","floor":1},{"not_picked":["Spot Weakness","Infernal Blade","Clothesline"],"picked":"SKIP","floor":2},{"not_picked":["Havoc","Cleave","Headbutt"],"picked":"SKIP","floor":3},{"not_picked":["True Grit","Rupture","Dual Wield"],"picked":"SKIP","floor":4},{"not_picked":["Clothesline","Blood for Blood","Armaments"],"picked":"SKIP","floor":5},{"not_picked":["Carnage","True Grit","Disarm"],"picked":"SKIP","floor":7},{"not_picked":["Spot Weakness","Perfected Strike"],"picked":"Feed","floor":8}],"player_experience":1300472,"relics_obtained":[{"floor":8,"key":"Letter Opener"},{"floor":9,"key":"Tiny Chest"}],"event_choices":[],"is_beta":true,"boss_relics":[],"items_purged_floors":[],"is_endless":false,"potions_floor_spawned":[3,7,8],"killed_by":"3 Sentries","ascension_level":20}