{"gold_per_floor":[149,224,374,128,128,128,147,147,147,165,65,80,80,100,100,176,176,188,203,222,222,222,222,222,232,285,299,312,26,26,0,0,0],"floor_reached":33,"playtime":721,"items_purged":["Doubt","Pain","Decay"],"score":474,"play_id":"6eae9233-9846-41c8-a4e2-f76d305b109c","local_time":"20190324224647","is_ascension_mode":true,"campfire_choices":[{"data":"Bash","floor":6,"key":"SMITH"},{"data":"Inflame","floor":8,"key":"SMITH"},{"floor":15,"key":"REST"},{"floor":23,"key":"REST"},{"floor":32,"key":"REST"}],"neow_cost":"NONE","seed_source_timestamp":339977386202200,"circlet_count":0,"master_deck":["AscendersBane","Strike_R","Strike_R","Strike_R","Strike_R","Strike_R","Defend_R","Defend_R","Defend_R","Bash+1","Inflame+1","Heavy Blade","Twin Strike","Double Tap+1","Shrug It Off+1","Shrug It Off+1","Immolate"],"relics":["Burning Blood","Tiny Chest","Regal Pillow","WarpedTongs","Toxic Egg 2","Cursed Key","Oddly Smooth Stone"],"potions_floor_usage":[10,19,20,27,28],"damage_taken":[{"damage":15,"enemies":"Small Slimes","floor":1,"turns":5},{"damage":4,"enemies":"2 Louse","floor":7,"turns":4},{"damage":3,"enemies":"Cultist","floor":10,"turns":3},{"damage":9,"enemies":"Looter","floor":12,"turns":3},{"damage":12,"enemies":"2 Fungi Beasts","floor":14,"turns":4},{"damage":64,"enemies":"Hexaghost","floor":16,"turns":7},{"damage":11,"enemies":"Spheric Guardian","floor":18,"turns":3},{"damage":18,"enemies":"Shell Parasite","floor":19,"turns":3},{"damage":13,"enemies":"Cultist and Chosen","floor":20,"turns":4},{"damage":26,"enemies":"Snake Plant","floor":25,"turns":4},{"damage":0,"enemies":"Centurion and Healer","floor":27,"turns":4},{"damage":58,"enemies":"Cultist and Chosen","floor":28,"turns":7},{"damage":13,"enemies":"Colosseum Slavers","floor":30,"turns":2},{"damage":44,"enemies":"Automaton","floor":33,"turns":4}],"seed_played":"-2244965010407093005","potions_obtained":[{"floor":1,"key":"AttackPotion"},{"floor":7,"key":"Block Potion"},{"floor":14,"key":"BloodPotion"},{"floor":16,"key":"GamblersBrew"},{"floor":19,"key":"Energy Potion"},{"floor":25,"key":"Ancient Potion"},{"floor":27,"key":"BloodPotion"}],"is_trial":false,"path_per_floor":["M","?","?","$","?","R","M","R","T","M","$","M","?","M","R","B",null,"M","M","M","?","$","R","$","M","T","M","M","$","?","?","R","B"],"character_chosen":"IRONCLAD","items_purchased":["Regal Pillow","Oddly Smooth Stone"],"campfire_rested":3,"item_purchase_floors":[4,29],"current_hp_per_floor":[59,48,48,48,48,48,50,50,50,53,53,50,43,37,74,16,60,55,43,36,36,36,73,73,53,53,59,14,14,7,7,44,0],"gold":0,"neow_bonus":"RANDOM_COMMON_RELIC","is_prod":false,"is_daily":false,"chose_seed":false,"campfire_upgraded":2,"win_rate":0,"timestamp":1553464007,"path_taken":["M","?","?","$","?","R","?","R","T","M","$","M","?","M","R","BOSS","M","M","M","?","$","R","?","M","T","M","M","$","?","?","R","BOSS"],"build_version":"2019-03-15","purchased_purges":3,"victory":false,"max_hp_per_floor":[75,75,75,75,75,75,75,75,75,75,75,75,75,75,75,75,75,75,75,75,75,75,75,75,75,75,75,75,75,75,75,75,75],"card_choices":[{"not_picked":["Battle Trance","Clothesline","Bloodletting"],"picked":"SKIP","floor":1},{"not_picked":["Flex","True Grit"],"picked":"Inflame","floor":7},{"not_picked":["Clash","Second Wind+1","Carnage"],"picked":"SKIP","floor":10},{"not_picked":["Burning Pact+1","Body Slam"],"picked":"Heavy Blade","floor":12},{"not_picked":["True Grit+1","Ghostly Armor+1"],"picked":"Twin Strike","floor":14},{"not_picked":["Juggernaut","Fiend Fire"],"picked":"Double Tap+1","floor":16},{"not_picked":["Second Wind+1","Whirlwind","Dual Wield+1"],"picked":"SKIP","floor":18},{"not_picked":["Sword Boomerang","Anger"],"picked":"Shrug It Off+1","floor":19},{"not_picked":["Corruption","Anger","Body Slam"],"picked":"SKIP","floor":20},{"not_picked":["Bloodletting+1","Sever Soul","Perfected Strike"],"picked":"SKIP","floor":25},{"not_picked":["Burning Pact+1","Clothesline","Rampage"],"picked":"SKIP","floor":27},{"not_picked":["Clash","Cleave"],"picked":"Immolate","floor":28}],"player_experience":1275095,"relics_obtained":[{"floor":9,"key":"Toxic Egg 2"}],"event_choices":[{"damage_healed":0,"gold_gain":75,"player_choice":"Gather Gold","damage_taken":11,"max_hp_gain":0,"max_hp_loss":0,"event_name":"World of Goop","floor":2,"gold_loss":0},{"damage_healed":0,"gold_gain":150,"player_choice":"AGREE","damage_taken":0,"max_hp_gain":0,"max_hp_loss":0,"event_name":"Liars Game","floor":3,"gold_loss":0,"cards_obtained":["Doubt"]},{"damage_healed":0,"gold_gain":0,"player_choice":"Rummage","damage_taken":0,"relics_obtained":["WarpedTongs"],"max_hp_gain":0,"max_hp_loss":0,"event_name":"Accursed Blacksmith","floor":5,"gold_loss":0,"cards_obtained":["Pain"]},{"cards_removed":["Defend_R"],"damage_healed":0,"gold_gain":0,"player_choice":"Card Removal","damage_taken":7,"max_hp_gain":0,"max_hp_loss":0,"event_name":"Golden Wing","floor":13,"gold_loss":0},{"damage_healed":0,"gold_gain":0,"player_choice":"Copied","damage_taken":0,"max_hp_gain":0,"max_hp_loss":0,"event_name":"Duplicator","floor":21,"gold_loss":0,"cards_obtained":["Shrug It Off"]},{"damage_healed":0,"gold_gain":0,"player_choice":"Fight","damage_taken":0,"max_hp_gain":0,"max_hp_loss":0,"event_name":"Colosseum","floor":30,"gold_loss":0},{"damage_healed":0,"gold_gain":0,"player_choice":"Fled From Nobs","damage_taken":0,"max_hp_gain":0,"max_hp_loss":0,"event_name":"Colosseum","floor":30,"gold_loss":0},{"damage_healed":0,"gold_gain":0,"player_choice":"Paid Fearfully","damage_taken":0,"max_hp_gain":0,"max_hp_loss":0,"event_name":"Masked Bandits","floor":31,"gold_loss":26}],"is_beta":true,"boss_relics":[{"not_picked":["Philosopher\u0027s Stone","Black Star"],"picked":"Cursed Key"}],"items_purged_floors":[4,11,29],"is_endless":false,"potions_floor_spawned":[1,7,14,16,19,25,27],"killed_by":"Automaton","ascension_level":20}