{"gold_per_floor":[115,135,135,152,41,75,75,75,152,168,168,168,186,204,204,204],"floor_reached":16,"playtime":683,"items_purged":[],"score":204,"play_id":"ec2cc7c8-388b-4a5e-a075-f7d6d985f80e","local_time":"20190119145821","is_ascension_mode":true,"campfire_choices":[{"data":"Neutralize","floor":8,"key":"SMITH"},{"floor":12,"key":"REST"},{"data":"Blade Dance","floor":15,"key":"SMITH"}],"neow_cost":"NONE","seed_source_timestamp":8295228531700,"circlet_count":0,"master_deck":["AscendersBane","Defend_G","Defend_G","Defend_G","Defend_G","Strike_G","Strike_G","Strike_G","Strike_G","Strike_G","Survivor","Neutralize+1","After Image","Escape Plan","Footwork","Dodge and Roll","Escape Plan","All Out Attack","Blade Dance+1","Footwork"],"relics":["Ring of the Snake","Vajra","Potion Belt","Gremlin Horn","Ancient Tea Set"],"potions_floor_usage":[6,6],"damage_taken":[{"damage":0,"enemies":"2 Louse","floor":1,"turns":3},{"damage":1,"enemies":"Cultist","floor":2,"turns":4},{"damage":0,"enemies":"Jaw Worm","floor":4,"turns":7},{"damage":21,"enemies":"Gremlin Nob","floor":6,"turns":5},{"damage":1,"enemies":"Red Slaver","floor":10,"turns":7},{"damage":3,"enemies":"Large Slime","floor":13,"turns":7},{"damage":0,"enemies":"Looter","floor":14,"turns":4},{"damage":48,"enemies":"Slime Boss","floor":16,"turns":12}],"seed_played":"-7602815084417137479","potions_obtained":[{"floor":2,"key":"AttackPotion"},{"floor":3,"key":"GhostInAJar"},{"floor":6,"key":"SmokeBomb"}],"is_trial":false,"path_per_floor":["M","M","?","M","$","E","?","R","T","M","?","R","M","M","R","B"],"character_chosen":"THE_SILENT","items_purchased":["Footwork","Dodge and Roll"],"campfire_rested":1,"item_purchase_floors":[5,5],"current_hp_per_floor":[59,58,58,58,58,37,37,37,37,36,25,44,41,41,41,0],"gold":204,"neow_bonus":"RANDOM_COMMON_RELIC","is_prod":false,"is_daily":false,"chose_seed":false,"campfire_upgraded":2,"win_rate":0,"timestamp":1547906301,"path_taken":["M","M","?","M","?","E","?","R","T","?","?","R","M","M","R","BOSS"],"build_version":"2019-01-17","purchased_purges":0,"victory":false,"max_hp_per_floor":[66,66,66,66,66,66,66,66,66,66,66,66,66,66,66,66],"card_choices":[{"not_picked":["Quick Slash","Reflex","Prepared"],"picked":"SKIP","floor":1},{"not_picked":["Dodge and Roll","PiercingWail"],"picked":"After Image","floor":2},{"not_picked":["Dodge and Roll","Deadly Poison"],"picked":"Escape Plan","floor":4},{"not_picked":["Expertise","Bane"],"picked":"Escape Plan","floor":6},{"not_picked":["PiercingWail","Bane","Endless Agony"],"picked":"SKIP","floor":10},{"not_picked":["Quick Slash","Wraith Form v2"],"picked":"Blade Dance","floor":13},{"not_picked":["Outmaneuver","Bane"],"picked":"Footwork","floor":14}],"player_experience":1051398,"relics_obtained":[{"floor":6,"key":"Potion Belt"},{"floor":9,"key":"Gremlin Horn"}],"event_choices":[{"damage_healed":0,"gold_gain":0,"player_choice":"Got Potions","damage_taken":0,"max_hp_gain":0,"max_hp_loss":0,"event_name":"Lab","floor":3,"gold_loss":0},{"damage_healed":0,"gold_gain":0,"cards_transformed":["Defend_G"],"player_choice":"Transformed","damage_taken":0,"max_hp_gain":0,"max_hp_loss":0,"event_name":"Transmorgrifier","floor":7,"gold_loss":0,"cards_obtained":["All Out Attack"]},{"damage_healed":0,"gold_gain":0,"player_choice":"Success","damage_taken":11,"relics_obtained":["Ancient Tea Set"],"max_hp_gain":0,"max_hp_loss":0,"event_name":"Scrap Ooze","floor":11,"gold_loss":0}],"is_beta":true,"boss_relics":[],"items_purged_floors":[],"is_endless":false,"potions_floor_spawned":[2,4,6],"killed_by":"Slime Boss","ascension_level":20}