{"gold_per_floor":[119,129,54,129,11,11,11,24,50,50,65,65,37,62,62,62],"floor_reached":16,"playtime":364,"items_purged":["Defend_R"],"score":196,"play_id":"b55b7e78-6195-41c5-a441-af48e1edff7b","local_time":"20190405221523","is_ascension_mode":true,"campfire_choices":[{"data":"Bash","floor":6.0,"key":"SMITH"},{"data":"Inflame","floor":10.0,"key":"SMITH"},{"data":"Whirlwind","floor":12.0,"key":"SMITH"},{"floor":15.0,"key":"REST"}],"neow_cost":"CURSE","seed_source_timestamp":0,"circlet_count":0,"master_deck":["AscendersBane","Strike_R","Strike_R","Strike_R","Strike_R","Strike_R","Defend_R","Defend_R","Defend_R","Bash+1","Inflame+1","Sword Boomerang","Whirlwind+1","Clothesline","Pummel"],"special_seed":0,"relics":["Burning Blood","Bag of Preparation","Bronze Scales"],"potions_floor_usage":[16],"damage_taken":[{"damage":15.0,"enemies":"Small Slimes","floor":1.0,"turns":5.0},{"damage":9.0,"enemies":"Jaw Worm","floor":2.0,"turns":4.0},{"damage":1.0,"enemies":"Cultist","floor":8.0,"turns":3.0},{"damage":15.0,"enemies":"3 Louse","floor":11.0,"turns":4.0},{"damage":30.0,"enemies":"3 Sentries","floor":14.0,"turns":5.0},{"damage":48,"enemies":"The Guardian","floor":16,"turns":6}],"seed_played":"-8843418756990431993","potions_obtained":[{"floor":8.0,"key":"SkillPotion"}],"is_trial":false,"path_per_floor":["M","M","?","?","$","R","$","M","T","R","M","R","$","E","R","B"],"character_chosen":"IRONCLAD","items_purchased":["Inflame","Clothesline"],"campfire_rested":1,"item_purchase_floors":[5,13],"current_hp_per_floor":[59,56,56,45,45,45,45,50,50,50,41,41,41,17,39,0],"gold":62,"neow_bonus":"THREE_RARE_CARDS","is_prod":false,"is_daily":false,"chose_seed":false,"campfire_upgraded":3,"win_rate":0,"timestamp":1554495323,"path_taken":["M","M","?","?","$","R","?","?","T","R","M","R","$","E","R","BOSS"],"build_version":"2019-04-04","purchased_purges":1,"victory":false,"max_hp_per_floor":[75,75,75,75,75,75,75,75,75,75,75,75,75,75,75,75],"card_choices":[{"not_picked":["True Grit","Entrench","Evolve"],"picked":"SKIP","floor":1.0},{"not_picked":["Dual Wield","Rage","Ghostly Armor"],"picked":"SKIP","floor":2.0},{"not_picked":["Power Through","Anger"],"picked":"Sword Boomerang","floor":8.0},{"not_picked":["Rampage","Wild Strike"],"picked":"Whirlwind","floor":11.0},{"not_picked":["Warcry","Spot Weakness"],"picked":"Pummel","floor":14.0}],"player_experience":1334132,"relics_obtained":[{"floor":9.0,"key":"Bag of Preparation"},{"floor":14.0,"key":"Bronze Scales"}],"event_choices":[{"cards_removed":["Shame"],"damage_healed":0.0,"max_hp_gain":0.0,"max_hp_loss":0.0,"gold_gain":0.0,"event_name":"The Cleric","player_choice":"Card Removal","floor":3.0,"gold_loss":75.0,"damage_taken":0.0},{"damage_healed":0.0,"max_hp_gain":0.0,"max_hp_loss":0.0,"gold_gain":75.0,"event_name":"World of Goop","player_choice":"Gather Gold","floor":4.0,"gold_loss":0.0,"damage_taken":11.0}],"is_beta":true,"boss_relics":[],"items_purged_floors":[5],"is_endless":false,"potions_floor_spawned":[8],"killed_by":"The Guardian","ascension_level":20}