{"gold_per_floor":[118,18,30,41,52,52,78,78,78,78,146,146],"floor_reached":12,"playtime":702,"items_purged":[],"score":132,"play_id":"b08ee12b-5c5c-440d-bd71-30a73cc91130","local_time":"20190503222041","is_ascension_mode":true,"campfire_choices":[{"data":"Zap","floor":6.0,"key":"SMITH"},{"data":"Dualcast","floor":8.0,"key":"SMITH"}],"neow_cost":"NONE","seed_source_timestamp":583160548859924,"circlet_count":0,"master_deck":["AscendersBane","Strike_B","Strike_B","Strike_B","Defend_B","Defend_B","Defend_B","Defend_B","Zap+1","Dualcast+1","Coolheaded","Seek","Capacitor"],"special_seed":0,"relics":["Cracked Core","Meat on the Bone","Gremlin Horn","SsserpentHead"],"potions_floor_usage":[],"damage_taken":[{"damage":0.0,"enemies":"2 Louse","floor":1.0,"turns":2.0},{"damage":0.0,"enemies":"Cultist","floor":3.0,"turns":4.0},{"damage":0.0,"enemies":"Small Slimes","floor":4.0,"turns":3.0},{"damage":16.0,"enemies":"3 Louse","floor":5.0,"turns":3.0},{"damage":27.0,"enemies":"3 Sentries","floor":7.0,"turns":8.0},{"damage":0.0,"enemies":"Large Slime","floor":11.0,"turns":4.0},{"damage":71,"enemies":"Gremlin Nob","floor":12,"turns":5}],"seed_played":"-6406148354784658586","potions_obtained":[{"floor":3.0,"key":"FearPotion"},{"floor":5.0,"key":"EssenceOfSteel"},{"floor":7.0,"key":"Fire Potion"},{"floor":11.0,"key":"SteroidPotion"}],"is_trial":false,"path_per_floor":["M","$","M","M","M","R","E","R","T","?","M","E"],"character_chosen":"DEFECT","items_purchased":["Fruit Juice"],"campfire_rested":0,"item_purchase_floors":[2],"current_hp_per_floor":[68,73,73,73,57,57,30,30,30,30,42,0],"gold":146,"neow_bonus":"REMOVE_CARD","is_prod":false,"is_daily":false,"chose_seed":false,"campfire_upgraded":2,"win_rate":0,"timestamp":1556893241,"path_taken":["M","$","M","M","M","R","E","R","T","?","?","E"],"build_version":"2019-01-23","purchased_purges":0,"victory":false,"max_hp_per_floor":[75,80,80,80,80,80,80,80,80,80,80,80],"card_choices":[{"not_picked":["Conserve Battery","Leap"],"picked":"Coolheaded","floor":1.0},{"not_picked":["Leap","Scrape","Turbo"],"picked":"SKIP","floor":3.0},{"not_picked":["Darkness","Sweeping Beam","Auto Shields"],"picked":"SKIP","floor":4.0},{"not_picked":["Steam","Barrage","Stack"],"picked":"SKIP","floor":5.0},{"not_picked":["Heatsinks","Go for the Eyes"],"picked":"Seek","floor":7.0},{"not_picked":["Barrage","Steam"],"picked":"Capacitor","floor":11.0}],"player_experience":468789,"relics_obtained":[{"floor":7.0,"key":"Meat on the Bone"},{"floor":9.0,"key":"Gremlin Horn"}],"event_choices":[{"damage_healed":0.0,"max_hp_gain":0.0,"max_hp_loss":0.0,"gold_gain":0.0,"event_name":"FaceTrader","player_choice":"Trade","floor":10.0,"gold_loss":0.0,"damage_taken":0.0,"relics_obtained":["SsserpentHead"]}],"is_beta":false,"boss_relics":[],"items_purged_floors":[],"is_endless":false,"potions_floor_spawned":[3,5,7,11],"killed_by":"Gremlin Nob","ascension_level":13}