{"gold_per_floor":[118,118,118,73,85,114,133,161,161,177,206,206,537,537,537,635,635,652,667,667],"floor_reached":20,"playtime":716,"items_purged":[],"score":202,"play_id":"caa756b5-b82a-4dde-a95f-ed9ecf6b09a6","local_time":"20190315212526","is_ascension_mode":false,"campfire_choices":[{"data":"Sword Boomerang","floor":12,"key":"SMITH"},{"data":"Limit Break","floor":15,"key":"SMITH"}],"neow_cost":"NONE","seed_source_timestamp":168176619599400,"circlet_count":0,"master_deck":["Strike_R","Strike_R+1","Strike_R","Strike_R+1","Strike_R","Defend_R","Defend_R","Defend_R","Defend_R","Bash+1","Shrug It Off","Sword Boomerang+1","Limit Break+1","Shrug It Off","Pain","Doubt","Shame","Sword Boomerang+1"],"relics":["Burning Blood","Bronze Scales","Whetstone","Question Card","PreservedInsect","Vajra","Old Coin","GremlinMask","Calling Bell","Omamori","Self Forming Clay","Magic Flower"],"potions_floor_usage":[8,13,16],"damage_taken":[{"damage":0,"enemies":"2 Louse","floor":1,"turns":3},{"damage":3,"enemies":"Jaw Worm","floor":5,"turns":6},{"damage":39,"enemies":"Lagavulin","floor":6,"turns":8},{"damage":0,"enemies":"Cultist","floor":7,"turns":3},{"damage":19,"enemies":"3 Sentries","floor":8,"turns":8},{"damage":2,"enemies":"2 Fungi Beasts","floor":10,"turns":3},{"damage":14,"enemies":"Gremlin Nob","floor":11,"turns":4},{"damage":10,"enemies":"Lagavulin","floor":13,"turns":3},{"damage":17,"enemies":"Slime Boss","floor":16,"turns":9},{"damage":20,"enemies":"Shell Parasite","floor":18,"turns":8},{"damage":25,"enemies":"Spheric Guardian","floor":19,"turns":5},{"damage":58,"enemies":"Snecko","floor":20,"turns":7}],"seed_played":"-9170408082770541629","potions_obtained":[{"floor":5,"key":"SneckoOil"},{"floor":7,"key":"Explosive Potion"},{"floor":10,"key":"PowerPotion"},{"floor":13,"key":"Ancient Potion"},{"floor":19,"key":"Regen Potion"}],"is_trial":false,"path_per_floor":["M","?","?","$","M","E","M","E","T","M","E","R","E","?","R","B",null,"M","M","M"],"character_chosen":"IRONCLAD","items_purchased":["Shrug It Off"],"campfire_rested":0,"item_purchase_floors":[4],"current_hp_per_floor":[80,80,80,80,80,47,53,40,40,44,36,36,32,32,32,21,80,69,53,0],"gold":667,"neow_bonus":"RANDOM_COMMON_RELIC","is_prod":false,"is_daily":false,"chose_seed":false,"campfire_upgraded":2,"win_rate":0,"timestamp":1552681526,"path_taken":["M","?","?","$","?","E","M","E","T","M","E","R","E","?","R","BOSS","M","?","M"],"build_version":"2019-02-06","purchased_purges":0,"victory":false,"max_hp_per_floor":[80,80,80,80,80,80,80,80,80,80,80,80,80,80,80,80,80,80,80,80],"card_choices":[{"not_picked":["Twin Strike","Armaments","Blood for Blood"],"picked":"SKIP","floor":1},{"not_picked":["Twin Strike","Whirlwind","Sever Soul"],"picked":"SKIP","floor":5},{"not_picked":["Intimidate","Perfected Strike","Anger"],"picked":"SKIP","floor":6},{"not_picked":["True Grit","Pommel Strike"],"picked":"Sword Boomerang","floor":7},{"not_picked":["Second Wind","Shockwave"],"picked":"Limit Break","floor":8},{"not_picked":["Headbutt","Clash","Cleave"],"picked":"Shrug It Off","floor":10},{"not_picked":["Bludgeon","Headbutt","Sword Boomerang","Iron Wave"],"picked":"SKIP","floor":11},{"not_picked":["Perfected Strike","Infernal Blade","Spot Weakness","Exhume"],"picked":"SKIP","floor":13},{"not_picked":["Sentinel+1","Sword Boomerang","Burning Pact+1","Clash+1"],"picked":"SKIP","floor":18},{"not_picked":["Cleave","Entrench+1","Iron Wave+1"],"picked":"Sword Boomerang+1","floor":19}],"player_experience":1256404,"relics_obtained":[{"floor":6,"key":"Whetstone"},{"floor":8,"key":"Question Card"},{"floor":9,"key":"PreservedInsect"},{"floor":11,"key":"Vajra"},{"floor":13,"key":"Old Coin"},{"floor":17,"key":"Omamori"},{"floor":17,"key":"Self Forming Clay"},{"floor":17,"key":"Magic Flower"}],"event_choices":[{"damage_healed":0,"gold_gain":0,"player_choice":"Grow","damage_taken":0,"max_hp_gain":0,"max_hp_loss":0,"event_name":"Living Wall","floor":2,"gold_loss":0,"cards_upgraded":["Bash"]},{"damage_healed":0,"gold_gain":0,"player_choice":"Ignored","damage_taken":0,"max_hp_gain":0,"max_hp_loss":0,"event_name":"NoteForYourself","floor":3,"gold_loss":0},{"damage_healed":0,"gold_gain":0,"player_choice":"Trade","damage_taken":0,"relics_obtained":["GremlinMask"],"max_hp_gain":0,"max_hp_loss":0,"event_name":"FaceTrader","floor":14,"gold_loss":0}],"is_beta":true,"boss_relics":[{"not_picked":["Black Star","Ectoplasm"],"picked":"Calling Bell"}],"items_purged_floors":[],"is_endless":false,"potions_floor_spawned":[5,7,10,13,19],"killed_by":"Snecko","ascension_level":0}