{"gold_per_floor":[110,122,122,138,57,82,82,82,108,108,122,147,157,213,213,311,311,330,330,350,365,151,179,179,190,190,190,204,234,234,96,96,96],"floor_reached":33,"playtime":1488,"items_purged":["Strike_G","Regret"],"score":358,"play_id":"b1134199-f351-4de8-bb78-8942bf552388","local_time":"20180902110634","is_ascension_mode":true,"campfire_choices":[{"data":"Riddle With Holes","floor":8,"key":"SMITH"},{"data":"Neutralize","floor":15,"key":"SMITH"},{"floor":24,"key":"REST"},{"floor":27,"key":"REST"},{"floor":32,"key":"REST"}],"neow_cost":"NONE","seed_source_timestamp":145021509381900,"circlet_count":0,"master_deck":["Defend_G","Defend_G+1","Defend_G","Defend_G","Defend_G","Strike_G","Strike_G","Strike_G+1","Survivor","Neutralize+1","Riddle With Holes+1","Quick Slash","Dash","Blade Dance","Backstab","Infinite Blades","Corpse Explosion","RitualDagger","Glass Knife","Writhe","Backflip","Footwork"],"relics":["Cursed Key","Juzu Bracelet","Potion Belt","Ice Cream","Ancient Tea Set","White Beast Statue","Bottled Flame","Pantograph","Red Mask"],"potions_floor_usage":[6,14,14,21,23,23,28,28,33,33,33],"damage_taken":[{"damage":4,"enemies":"Small Slimes","floor":1,"turns":4},{"damage":4,"enemies":"Cultist","floor":2,"turns":4},{"damage":2,"enemies":"Jaw Worm","floor":4,"turns":4},{"damage":17,"enemies":"Lagavulin","floor":6,"turns":7},{"damage":0,"enemies":"Large Slime","floor":11,"turns":5},{"damage":6,"enemies":"3 Sentries","floor":12,"turns":7},{"damage":5,"enemies":"Gremlin Gang","floor":13,"turns":3},{"damage":13,"enemies":"Lagavulin Event","floor":14,"turns":5},{"damage":14,"enemies":"The Guardian","floor":16,"turns":11},{"damage":9,"enemies":"3 Byrds","floor":18,"turns":4},{"damage":13,"enemies":"Shell Parasite","floor":20,"turns":5},{"damage":14,"enemies":"Snake Plant","floor":21,"turns":5},{"damage":9,"enemies":"Slavers","floor":23,"turns":2},{"damage":12,"enemies":"Chosen and Byrds","floor":25,"turns":6},{"damage":16,"enemies":"Cultist and Chosen","floor":28,"turns":4},{"damage":0,"enemies":"Masked Bandits","floor":29,"turns":2},{"damage":71,"enemies":"Champ","floor":33,"turns":14}],"seed_played":"-5218789755077590722","potions_obtained":[{"floor":4,"key":"PowerPotion"},{"floor":6,"key":"Swift Potion"},{"floor":11,"key":"Ancient Potion"},{"floor":12,"key":"Poison Potion"},{"floor":16,"key":"Energy Potion"},{"floor":18,"key":"Dexterity Potion"},{"floor":20,"key":"Poison Potion"},{"floor":21,"key":"SpeedPotion"},{"floor":23,"key":"FearPotion"},{"floor":25,"key":"GamblersBrew"},{"floor":28,"key":"LiquidBronze"},{"floor":29,"key":"Weak Potion"}],"is_trial":false,"path_per_floor":["M","M","?","M","$","E","?","R","T","?","M","E","M","?","R","B",null,"M","?","M","M","$","E","R","M","T","R","M","?","?","$","R"],"character_chosen":"THE_SILENT","items_purchased":["Dash","Glass Knife","Footwork"],"campfire_rested":3,"item_purchase_floors":[5,22,31],"current_hp_per_floor":[59,55,55,53,53,36,22,22,22,70,70,64,59,46,46,32,61,52,46,33,19,19,10,31,19,19,40,24,24,11,11,33,0],"gold":96,"neow_bonus":"BOSS_RELIC","is_prod":false,"is_daily":false,"chose_seed":false,"campfire_upgraded":2,"win_rate":0,"timestamp":1535911594,"path_taken":["M","M","?","M","$","E","?","R","T","?","M","E","M","?","R","BOSS","M","?","M","M","$","E","R","M","T","R","M","?","?","$","R","BOSS"],"build_version":"2018-08-30","purchased_purges":2,"victory":false,"max_hp_per_floor":[70,70,70,70,70,70,70,70,70,70,70,70,70,70,70,70,70,70,70,70,70,70,70,70,70,70,70,70,70,75,75,75,75],"card_choices":[{"not_picked":["Deadly Poison","Slice"],"picked":"Riddle With Holes","floor":1},{"not_picked":["Predator","Finisher","Deadly Poison"],"picked":"SKIP","floor":2},{"not_picked":["Distraction","Sucker Punch"],"picked":"Quick Slash","floor":4},{"not_picked":["Skewer","Bouncing Flask","Catalyst"],"picked":"SKIP","floor":6},{"not_picked":["Setup","Flying Knee"],"picked":"Blade Dance","floor":11},{"not_picked":["Caltrops","Unload"],"picked":"Backstab","floor":12},{"not_picked":["Acrobatics","Poisoned Stab","Eviscerate"],"picked":"SKIP","floor":13},{"not_picked":["Deadly Poison","Backstab"],"picked":"Infinite Blades","floor":14},{"not_picked":["Wraith Form v2","Bullet Time"],"picked":"Corpse Explosion","floor":16},{"not_picked":["Flying Knee","PiercingWail","Calculated Gamble"],"picked":"SKIP","floor":18},{"not_picked":["Accuracy","Caltrops","Bane"],"picked":"SKIP","floor":20},{"not_picked":["Deflect+1","Crippling Poison","Expertise"],"picked":"SKIP","floor":21},{"not_picked":["Accuracy","Dagger Spray","Dodge and Roll"],"picked":"SKIP","floor":23},{"not_picked":["Deadly Poison","Dagger Throw+1","Dagger Spray"],"picked":"SKIP","floor":25},{"not_picked":["Deflect+1","Crippling Poison"],"picked":"Backflip","floor":28}],"player_experience":247679,"relics_obtained":[{"floor":6,"key":"Juzu Bracelet"},{"floor":9,"key":"Potion Belt"},{"floor":12,"key":"Ice Cream"},{"floor":14,"key":"Ancient Tea Set"},{"floor":23,"key":"Bottled Flame"},{"floor":26,"key":"Pantograph"},{"floor":29,"key":"Red Mask"}],"event_choices":[{"event_name":"Purifier","player_choice":"One Purge","floor":3,"damage_taken":0},{"event_name":"Shining Light","player_choice":"Entered Light","floor":7,"damage_taken":0},{"event_name":"Wheel of Change","player_choice":"Full Heal","floor":10,"damage_taken":0},{"event_name":"Dead Adventurer","player_choice":"Searched \u00271\u0027 times","floor":14,"damage_taken":0},{"event_name":"Nest","player_choice":"Joined the Cult","floor":19,"damage_taken":0},{"event_name":"Masked Bandits","player_choice":"Fought Bandits","floor":29,"damage_taken":0},{"event_name":"Forgotten Altar","player_choice":"Shed Blood","floor":30,"damage_taken":0}],"is_beta":true,"boss_relics":[{"not_picked":["Orrery","Pandora\u0027s Box"],"picked":"White Beast Statue"}],"items_purged_floors":[22,31],"is_endless":false,"potions_floor_spawned":[4,6,11,12,16,18,20,21,23,25,28,29],"killed_by":"Champ","ascension_level":6}