{"path_per_floor":["M","?","M","M","M","E","?","R","T","R","M","$","?","M","R"],"character_chosen":"IRONCLAD","items_purchased":["Shrug It Off"],"gold_per_floor":[109,109,127,142,157,192,249,249,276,276,288,168,168,188,188,188],"floor_reached":16,"campfire_rested":1,"playtime":623,"current_hp_per_floor":[41,67,68,68,69,50,7,7,7,31,33,33,33,39,39,1],"items_purged":["Strike_R"],"gold":188,"score":102,"play_id":"fdeeead9-eac3-4608-ae9c-be73b995e014","local_time":"20180516225219","is_prod":false,"is_daily":false,"chose_seed":false,"is_ascension_mode":false,"campfire_upgraded":2,"timestamp":1526536339,"path_taken":["M","?","M","M","M","E","?","R","T","R","M","?","?","?","R","BOSS"],"build_version":"2018-05-15","seed_source_timestamp":169949457610852,"purchased_purges":1,"victory":false,"master_deck":["Strike_R","Strike_R","Strike_R","Defend_R","Defend_R","Defend_R","Defend_R","Offering+1","Dropkick","Body Slam","Cleave","Metallicize","Iron Wave","Armaments+1","Shrug It Off","Pommel Strike"],"max_hp_per_floor":[80,80,80,80,80,80,80,80,80,80,80,80,74,74,74,74],"relics":["Burning Blood","Vajra","Oddly Smooth Stone","Omamori","Golden Idol"],"card_choices":[{"not_picked":["Heavy Blade","Blood for Blood"],"picked":"Body Slam","floor":1},{"not_picked":["Sword Boomerang","Thunderclap"],"picked":"Cleave","floor":3},{"not_picked":["Sword Boomerang","Body Slam"],"picked":"Metallicize","floor":4},{"not_picked":["Headbutt","Warcry","Clash"],"picked":"SKIP","floor":5},{"not_picked":["Immolate","Second Wind"],"picked":"Iron Wave","floor":6},{"not_picked":["True Grit","Corruption"],"picked":"Armaments","floor":7},{"not_picked":["Cleave","Armaments","Intimidate"],"picked":"SKIP","floor":11},{"not_picked":["Feel No Pain","Impervious"],"picked":"Pommel Strike","floor":14}],"player_experience":81803,"potions_floor_usage":[7,16],"damage_taken":[{"damage":5,"enemies":"Cultist","floor":1,"turns":4},{"damage":5,"enemies":"Jaw Worm","floor":3,"turns":3},{"damage":6,"enemies":"Small Slimes","floor":4,"turns":3},{"damage":5,"enemies":"2 Fungi Beasts","floor":5,"turns":5},{"damage":25,"enemies":"3 Sentries","floor":6,"turns":7},{"damage":49,"enemies":"Lagavulin Event","floor":7,"turns":7},{"damage":4,"enemies":"Looter","floor":11,"turns":4},{"damage":0,"enemies":"Exordium Thugs","floor":14,"turns":6},{"damage":38,"enemies":"The Guardian","floor":16,"turns":14}],"relics_obtained":[{"floor":6,"key":"Vajra"},{"floor":9,"key":"Omamori"}],"event_choices":[{"event_name":"Big Fish","player_choice":"Banana","floor":2,"damage_taken":0},{"event_name":"Dead Adventurer","player_choice":"Searched \u00273\u0027 times","floor":7,"damage_taken":0},{"event_name":"Golden Idol","player_choice":"Lose Max HP","floor":13,"damage_taken":0}],"boss_relics":[],"potions_floor_spawned":[5,6,7],"seed_played":"8801928903836110758","killed_by":"The Guardian","ascension_level":0,"potions_obtained":[{"floor":5,"key":"Ancient Potion"},{"floor":6,"key":"LiquidBronze"},{"floor":7,"key":"SneckoOil"}],"is_trial":false}