{"gold_per_floor":[110,110,125,138,154,154,226,226,249,260,185,185,460,478,478,552,552,564,582,24,39,49,68,83,83],"floor_reached":25,"playtime":803,"items_purged":["Defend_R","Regret"],"score":388,"play_id":"03232f2d-e0c8-4551-995c-151fe5c907be","local_time":"20181018203139","is_ascension_mode":true,"campfire_choices":[{"data":"True Grit","floor":6,"key":"SMITH"},{"data":"Inflame","floor":8,"key":"SMITH"},{"data":"Flame Barrier","floor":15,"key":"SMITH"}],"neow_cost":"NONE","seed_source_timestamp":692128182542832,"circlet_count":0,"master_deck":["Strike_R","Strike_R","Strike_R","Strike_R","Strike_R","Defend_R","Defend_R","Bash","AscendersBane","Shockwave+1","Inflame+1","Twin Strike","True Grit+1","Metallicize+1","Flame Barrier+1","Immolate","Sword Boomerang+1","Spot Weakness","Heavy Blade","Shrug It Off","True Grit+1"],"relics":["Burning Blood","NeowsBlessing","Frozen Egg 2","Strawberry","Mark of Pain","Lee\u0027s Waffle","Vajra"],"potions_floor_usage":[5,14,16,23,24,25,25],"damage_taken":[{"damage":0,"enemies":"Small Slimes","floor":1,"turns":1},{"damage":0,"enemies":"Jaw Worm","floor":3,"turns":1},{"damage":0,"enemies":"Cultist","floor":4,"turns":1},{"damage":10,"enemies":"Exordium Thugs","floor":5,"turns":4},{"damage":20,"enemies":"Exordium Wildlife","floor":10,"turns":4},{"damage":11,"enemies":"Large Slime","floor":14,"turns":5},{"damage":56,"enemies":"Hexaghost","floor":16,"turns":10},{"damage":34,"enemies":"Spheric Guardian","floor":18,"turns":6},{"damage":19,"enemies":"Shell Parasite","floor":19,"turns":4},{"damage":40,"enemies":"Cultist and Chosen","floor":21,"turns":6},{"damage":52,"enemies":"Shelled Parasite and Fungi","floor":22,"turns":5},{"damage":1,"enemies":"Snecko","floor":23,"turns":4},{"damage":1,"enemies":"Snake Plant","floor":24,"turns":3},{"damage":24,"enemies":"Centurion and Healer","floor":25,"turns":3}],"seed_played":"2569713861435073225","potions_obtained":[{"floor":1,"key":"Weak Potion"},{"floor":3,"key":"SneckoOil"},{"floor":10,"key":"BloodPotion"},{"floor":16,"key":"Poison Potion"},{"floor":22,"key":"Energy Potion"},{"floor":23,"key":"Block Potion"},{"floor":24,"key":"Explosive Potion"}],"is_trial":false,"path_per_floor":["M","?","M","M","M","R","T","R","T","M","$","?","?","M","R","B",null,"M","M","$","M","M","M","M"],"character_chosen":"IRONCLAD","items_purchased":["Lee\u0027s Waffle","Vajra","Spot Weakness"],"campfire_rested":0,"item_purchase_floors":[20,20,20],"current_hp_per_floor":[74,67,73,75,71,71,71,71,78,64,64,64,64,67,67,17,66,38,25,89,55,9,14,19,0],"gold":83,"neow_bonus":"THREE_ENEMY_KILL","is_prod":false,"is_daily":false,"chose_seed":false,"campfire_upgraded":3,"win_rate":0,"timestamp":1539887499,"path_taken":["M","?","M","?","M","R","?","R","T","M","?","?","?","M","R","BOSS","M","?","$","M","M","M","M","?"],"build_version":"2018-10-17v3","purchased_purges":2,"victory":false,"max_hp_per_floor":[75,75,75,75,75,75,75,75,82,82,82,82,82,82,82,82,82,82,82,89,89,89,89,89,89],"card_choices":[{"not_picked":["Rage","Flex"],"picked":"Shockwave","floor":1},{"not_picked":["Dropkick","Thunderclap"],"picked":"Inflame","floor":3},{"not_picked":["Shockwave","Perfected Strike"],"picked":"Twin Strike","floor":4},{"not_picked":["Armaments","Clash"],"picked":"True Grit","floor":5},{"not_picked":["Rage","Corruption+1"],"picked":"Metallicize+1","floor":10},{"not_picked":["Havoc","Cleave"],"picked":"Flame Barrier","floor":14},{"not_picked":["Offering","Exhume"],"picked":"Immolate","floor":16},{"not_picked":["Warcry","Iron Wave"],"picked":"Sword Boomerang+1","floor":18},{"not_picked":["Seeing Red","Twin Strike","Clash"],"picked":"SKIP","floor":19},{"not_picked":["Rampage+1","Body Slam"],"picked":"Heavy Blade","floor":21},{"not_picked":["Intimidate","Clash"],"picked":"Shrug It Off","floor":22},{"not_picked":["Entrench","Shockwave"],"picked":"True Grit+1","floor":23},{"not_picked":["Corruption+1","Anger","Fire Breathing+1"],"picked":"SKIP","floor":24}],"player_experience":836656,"relics_obtained":[{"floor":7,"key":"Frozen Egg 2"},{"floor":9,"key":"Strawberry"}],"event_choices":[{"cards_removed":["Defend_R"],"damage_healed":0,"gold_gain":0,"player_choice":"Card Removal","damage_taken":7,"max_hp_gain":0,"max_hp_loss":0,"event_name":"Golden Wing","floor":2,"gold_loss":0},{"damage_healed":0,"gold_gain":0,"player_choice":"Grow","damage_taken":0,"max_hp_gain":0,"max_hp_loss":0,"event_name":"Living Wall","floor":12,"gold_loss":0,"cards_upgraded":["Shockwave"]},{"damage_healed":0,"gold_gain":275,"player_choice":"Desecrate","damage_taken":0,"max_hp_gain":0,"max_hp_loss":0,"event_name":"Golden Shrine","floor":13,"gold_loss":0,"cards_obtained":["Regret"]}],"is_beta":true,"boss_relics":[{"not_picked":["Lizard Tail","Runic Pyramid"],"picked":"Mark of Pain"}],"items_purged_floors":[11,20],"is_endless":false,"potions_floor_spawned":[1,3,10,16,22,23,24],"killed_by":"Centurion and Healer","ascension_level":19}