{"path_per_floor":["M","?","M","?","?","E","R","M","T","M","M","?","$","M","R","B",null,"M","?","?","M","?","M","E","R","T","?","M","M","?","M","R","B",null,"M","T","?","M","M","R","M","?","T","?","E","M","M","M","R","B"],"character_chosen":"THE_SILENT","items_purchased":[],"gold_per_floor":[114,114,129,129,129,167,167,186,211,230,249,249,174,193,193,318,318,337,337,337,356,356,371,401,401,451,366,381,396,396,411,411,511,511,526,526,526,541,556,556,571,0,0,0,30,45,60,75,75,75],"floor_reached":51,"campfire_rested":1,"playtime":2790,"current_hp_per_floor":[63,63,62,44,50,50,50,53,53,48,42,58,58,58,58,41,64,48,32,32,32,32,46,20,20,31,31,38,45,45,56,55,60,59,58,63,62,47,50,50,53,53,59,65,46,51,35,34,52,67],"items_purged":["Grand Finale"],"gold":75,"score":929,"play_id":"9662a9af-9d1f-4216-ac61-e90f73b9f812","local_time":"20180410002233","daily_mods":["Shiny","Cursed Run","Terminal"],"is_prod":false,"is_daily":true,"is_ascension_mode":false,"campfire_upgraded":5,"timestamp":1523312553,"path_taken":["M","?","M","?","?","E","R","M","T","?","M","?","$","M","R","BOSS","M","?","?","M","?","M","E","R","T","?","?","M","?","M","R","BOSS","M","?","?","M","M","R","?","?","T","?","E","M","M","M","R","BOSS"],"build_version":"2018-04-05v2","purchased_purges":1,"victory":true,"master_deck":["Adrenaline","Envenom","Burst","Venomology","Tools of the Trade+1","Night Terror+1","Phantasmal Killer","Unload","After Image","Tactician","Bullet Time","Glass Knife+1","Die Die Die","A Thousand Cuts+1","Injury","Well Laid Plans+1","Footwork","Decay","Adrenaline","Dagger Throw+1","Caltrops+1","Acrobatics+1","Writhe","Bite","Bite","Bite","Bite","Bite","Doubt","Footwork+1","Backstab","Doubt","Normality","Blur","Writhe"],"max_hp_per_floor":[68,67,66,65,70,69,68,67,66,65,64,63,62,61,60,65,64,63,62,61,60,59,58,57,56,61,60,59,58,57,56,55,60,59,58,63,62,61,60,59,58,57,62,67,66,65,64,63,62,67],"relics":["Cursed Key","Darkstone Periapt","Du-Vu Doll","Blue Candle","Bloody Idol","Omamori","Dream Catcher","Astrolabe","Enchiridion","Tough Bandages","Bag of Preparation","Lizard Tail","Ancient Tea Set","Red Mask","Ginger","Art of War"],"card_choices":[{"not_picked":["Skewer","Heel Hook"],"picked":"Distraction","floor":6},{"not_picked":["Dagger Throw","Dagger Spray"],"picked":"Well Laid Plans","floor":10},{"not_picked":["Finisher","Slice"],"picked":"Footwork","floor":11},{"not_picked":["A Thousand Cuts","Grand Finale"],"picked":"Adrenaline","floor":16},{"not_picked":["Poisoned Stab","Acrobatics"],"picked":"Footwork","floor":38},{"not_picked":["Skewer","PiercingWail"],"picked":"Backstab","floor":41},{"not_picked":["Poisoned Stab","Finisher"],"picked":"Blur","floor":45}],"player_experience":367448,"potions_floor_usage":[6,6,8,8,10,10,16,21,21,23,24,24,28,29,33,33,41,45,47,47,48,50,50,50],"damage_taken":[{"damage":6,"enemies":"Jaw Worm","floor":1,"turns":3},{"damage":1,"enemies":"Cultist","floor":3,"turns":4},{"damage":0,"enemies":"3 Sentries","floor":6,"turns":5},{"damage":0,"enemies":"Small Slimes","floor":8,"turns":3},{"damage":5,"enemies":"Looter","floor":10,"turns":2},{"damage":6,"enemies":"Exordium Wildlife","floor":11,"turns":2},{"damage":0,"enemies":"Large Slime","floor":14,"turns":5},{"damage":23,"enemies":"The Guardian","floor":16,"turns":6},{"damage":16,"enemies":"3 Byrds","floor":18,"turns":2},{"damage":0,"enemies":"Chosen","floor":21,"turns":2},{"damage":0,"enemies":"Centurion and Healer","floor":23,"turns":4},{"damage":31,"enemies":"Gremlin Leader","floor":24,"turns":4},{"damage":0,"enemies":"Sentry and Sphere","floor":28,"turns":3},{"damage":0,"enemies":"3 Cultists","floor":29,"turns":2},{"damage":0,"enemies":"Centurion and Healer","floor":31,"turns":3},{"damage":8,"enemies":"Collector","floor":33,"turns":4},{"damage":4,"enemies":"Orb Walker","floor":35,"turns":2},{"damage":20,"enemies":"3 Darklings","floor":38,"turns":3},{"damage":16,"enemies":"Maw","floor":39,"turns":5},{"damage":4,"enemies":"Sphere and 2 Shapes","floor":41,"turns":2},{"damage":40,"enemies":"Nemesis","floor":45,"turns":5},{"damage":2,"enemies":"4 Shapes","floor":46,"turns":3},{"damage":29,"enemies":"3 Darklings","floor":47,"turns":4},{"damage":10,"enemies":"Sphere and 2 Shapes","floor":48,"turns":3},{"damage":3,"enemies":"Time Eater","floor":50,"turns":11}],"event_choices":[{"event_name":"Living Wall","player_choice":"Forget","floor":2,"damage_taken":0},{"event_name":"Scrap Ooze","player_choice":"success","floor":4,"damage_taken":18},{"event_name":"Golden Idol","player_choice":"Take Wound","floor":5,"damage_taken":0},{"event_name":"Mushrooms","player_choice":"Healed and dodged fight","floor":12,"damage_taken":0},{"event_name":"Cursed Tome","player_choice":"Obtained Book","floor":19,"damage_taken":0},{"event_name":"Ghosts","player_choice":"Ignored","floor":20,"damage_taken":0},{"event_name":"Forgotten Altar","player_choice":"Gave Idol","floor":22,"damage_taken":0},{"event_name":"Addict","player_choice":"Obtained Relic","floor":27,"damage_taken":0},{"event_name":"Vampires","player_choice":"Became a vampire (Vial)","floor":30,"damage_taken":0},{"event_name":"Tomb of Lord Red Mask","player_choice":"Paid","floor":42,"damage_taken":0},{"event_name":"Transmorgrifier","player_choice":"Transform","floor":44,"damage_taken":0}],"boss_relics":[{"not_picked":["Orrery","Black Star"],"picked":"Astrolabe"},{"not_picked":["Eternal Feather","Sozu"],"picked":"Lizard Tail"}],"potions_floor_spawned":[3,6,8,14,16,23,29,31,33,38,41,47,48],"seed_played":"-2721555855400712205","ascension_level":0,"is_trial":false}