{"gold_per_floor":[112,37,212,212,112,112,125,125,125,135,135,135,164,175,175,273,273,291,245,260,280,280,132,150,150,223,223,138,237,237],"floor_reached":30,"playtime":727,"items_purged":["Defend_R","Strike_R"],"score":216,"play_id":"9cdd5635-4774-4252-84db-baf0535d3260","local_time":"20190219225341","is_ascension_mode":false,"campfire_choices":[{"data":"Bash","floor":6,"key":"SMITH"},{"data":"Strike_R","floor":8,"key":"SMITH"},{"data":"Strike_R","floor":11,"key":"SMITH"},{"floor":15,"key":"REST"},{"floor":25,"key":"REST"}],"neow_cost":"PERCENT_DAMAGE","seed_source_timestamp":241225365079600,"circlet_count":0,"master_deck":["Strike_R+1","Strike_R+1","Defend_R+1","Bash+1","Shrug It Off"],"relics":["Burning Blood","Mango","Odd Mushroom","Empty Cage","Pen Nib","Bottled Lightning","Potion Belt"],"potions_floor_usage":[14,16,21,24],"damage_taken":[{"damage":5,"enemies":"Jaw Worm","floor":1,"turns":5},{"damage":0,"enemies":"Small Slimes","floor":7,"turns":4},{"damage":4,"enemies":"2 Louse","floor":10,"turns":3},{"damage":33,"enemies":"The Mushroom Lair","floor":13,"turns":5},{"damage":20,"enemies":"Exordium Wildlife","floor":14,"turns":5},{"damage":27,"enemies":"Slime Boss","floor":16,"turns":10},{"damage":40,"enemies":"Spheric Guardian","floor":18,"turns":5},{"damage":26,"enemies":"Shell Parasite","floor":20,"turns":11},{"damage":9,"enemies":"Snecko","floor":21,"turns":5},{"damage":24,"enemies":"Chosen and Byrds","floor":24,"turns":8},{"damage":0,"enemies":"Gremlin Leader","floor":30,"turns":1}],"seed_played":"2538677612915129574","potions_obtained":[{"floor":1,"key":"Fire Potion"},{"floor":13,"key":"Poison Potion"},{"floor":16,"key":"Poison Potion"},{"floor":18,"key":"Strength Potion"},{"floor":20,"key":"Ancient Potion"}],"is_trial":false,"path_per_floor":["M","$","?","?","$","R","M","R","T","M","R","?","?","M","R","B",null,"M","$","M","M","?","$","M","R","T","?","?","?","E"],"character_chosen":"IRONCLAD","items_purchased":["Shrug It Off","Pen Nib"],"campfire_rested":2,"item_purchase_floors":[19,23],"current_hp_per_floor":[57,57,57,50,50,50,56,56,70,72,72,53,26,12,40,19,94,60,60,40,37,37,37,19,47,47,47,47,47,47],"gold":237,"neow_bonus":"REMOVE_TWO","is_prod":false,"is_daily":false,"chose_seed":false,"campfire_upgraded":3,"win_rate":0,"timestamp":1550613221,"path_taken":["M","$","?","?","$","R","M","R","T","M","R","?","?","M","R","BOSS","M","$","M","M","?","$","?","R","T","?","?","?","E"],"build_version":"2019-02-06","purchased_purges":2,"victory":false,"max_hp_per_floor":[80,80,80,80,80,80,80,80,94,94,94,94,94,94,94,94,94,94,94,94,94,94,94,94,94,94,94,94,94,94],"card_choices":[{"not_picked":["Uppercut","Headbutt","Pommel Strike"],"picked":"SKIP","floor":1},{"not_picked":["Intimidate","Perfected Strike","Sword Boomerang"],"picked":"SKIP","floor":7},{"not_picked":["Searing Blow","Heavy Blade","Thunderclap"],"picked":"SKIP","floor":10},{"not_picked":["Disarm","Rupture","Rage"],"picked":"SKIP","floor":14},{"not_picked":["Body Slam","Blood for Blood+1","Uppercut"],"picked":"SKIP","floor":18},{"not_picked":["Wild Strike","Sword Boomerang","Warcry"],"picked":"SKIP","floor":20},{"not_picked":["Cleave","Sever Soul+1","Sword Boomerang"],"picked":"SKIP","floor":21},{"not_picked":["Armaments","Cleave","Ghostly Armor"],"picked":"SKIP","floor":24}],"player_experience":1161462,"relics_obtained":[{"floor":9,"key":"Mango"},{"floor":13,"key":"Odd Mushroom"},{"floor":26,"key":"Bottled Lightning"}],"event_choices":[{"damage_healed":0,"gold_gain":175,"player_choice":"AGREE","damage_taken":0,"max_hp_gain":0,"max_hp_loss":0,"event_name":"Liars Game","floor":3,"gold_loss":0,"cards_obtained":["Doubt"]},{"cards_removed":["Doubt"],"damage_healed":0,"gold_gain":0,"player_choice":"Card Removal","damage_taken":7,"max_hp_gain":0,"max_hp_loss":0,"event_name":"Golden Wing","floor":4,"gold_loss":0},{"damage_healed":0,"gold_gain":0,"player_choice":"Entered Light","damage_taken":19,"max_hp_gain":0,"max_hp_loss":0,"event_name":"Shining Light","floor":12,"gold_loss":0,"cards_upgraded":["Strike_R","Defend_R"]},{"damage_healed":0,"gold_gain":0,"player_choice":"Fought Mushrooms","damage_taken":0,"max_hp_gain":0,"max_hp_loss":0,"event_name":"Mushrooms","floor":13,"gold_loss":0},{"damage_healed":0,"gold_gain":0,"player_choice":"Ignored","damage_taken":0,"max_hp_gain":0,"max_hp_loss":0,"event_name":"Duplicator","floor":22,"gold_loss":0},{"damage_healed":0,"gold_gain":0,"player_choice":"Ignored","damage_taken":0,"max_hp_gain":0,"max_hp_loss":0,"event_name":"Beggar","floor":27,"gold_loss":0},{"damage_healed":0,"gold_gain":0,"player_choice":"Obtained Relic","damage_taken":0,"relics_obtained":["Potion Belt"],"max_hp_gain":0,"max_hp_loss":0,"event_name":"Addict","floor":28,"gold_loss":85},{"damage_healed":0,"gold_gain":99,"player_choice":"Stole From Cult","damage_taken":0,"max_hp_gain":0,"max_hp_loss":0,"event_name":"Nest","floor":29,"gold_loss":0}],"is_beta":true,"boss_relics":[{"not_picked":["Pandora\u0027s Box","Runic Dome"],"picked":"Empty Cage"}],"items_purged_floors":[2,5],"is_endless":false,"potions_floor_spawned":[1,13,16,18,20],"killed_by":"Gremlin Leader","ascension_level":0}