{"gold_per_floor":[368,368,2,18,28,57,57,57,84,110,122,147,147,157,157,253,253,264,264,23,43,143,177,177,30,55,55,84,95,111,26,26,124,174,191,191,191,191,202,235,246,291,291,291,319,334,334,334,334,334],"floor_reached":51,"playtime":1761,"items_purged":["Normality"],"score":911,"play_id":"fd551b3a-0696-4781-97b7-d8bebe2ccc0d","local_time":"20190307153114","is_ascension_mode":false,"campfire_choices":[{"data":"Inflame","floor":8,"key":"SMITH"},{"data":"Inflame","floor":15,"key":"SMITH"},{"data":"Heavy Blade","floor":24,"key":"SMITH"},{"data":"Inflame","floor":32,"key":"SMITH"},{"floor":47,"key":"REST"},{"data":"Bash","floor":49,"key":"SMITH"}],"neow_cost":"CURSE","seed_source_timestamp":435584038048900,"circlet_count":0,"master_deck":["Strike_R","Strike_R+1","Strike_R+1","Strike_R","Strike_R+1","Defend_R","Defend_R","Bash+1","Uppercut+1","Inflame+1","Shrug It Off","Inflame+1","Offering","Heavy Blade+1","Inflame+1","Feed+1","Shrug It Off+1","Sword Boomerang+1"],"relics":["Burning Blood","Ginger","Anchor","Omamori","Bronze Scales","Ornamental Fan","Cursed Key","Vajra","Paper Frog","Du-Vu Doll","Molten Egg 2","Nunchaku","Boot","Lantern","Bag of Preparation","Matryoshka","Tiny House","Mango","Thread and Needle","Smiling Mask","Blood Vial"],"potions_floor_usage":[12,23,33,41],"damage_taken":[{"damage":5,"enemies":"Jaw Worm","floor":1,"turns":4},{"damage":8,"enemies":"2 Louse","floor":4,"turns":2},{"damage":0,"enemies":"Small Slimes","floor":5,"turns":3},{"damage":17,"enemies":"Gremlin Nob","floor":6,"turns":4},{"damage":16,"enemies":"Lagavulin","floor":10,"turns":5},{"damage":0,"enemies":"Gremlin Gang","floor":11,"turns":5},{"damage":25,"enemies":"Gremlin Nob","floor":12,"turns":4},{"damage":2,"enemies":"Blue Slaver","floor":14,"turns":3},{"damage":10,"enemies":"Slime Boss","floor":16,"turns":8},{"damage":19,"enemies":"Shell Parasite","floor":18,"turns":3},{"damage":11,"enemies":"Spheric Guardian","floor":21,"turns":3},{"damage":6,"enemies":"Colosseum Slavers","floor":22,"turns":3},{"damage":12,"enemies":"Colosseum Nobs","floor":22,"turns":3},{"damage":6,"enemies":"Book of Stabbing","floor":23,"turns":2},{"damage":11,"enemies":"Gremlin Leader","floor":28,"turns":4},{"damage":0,"enemies":"Centurion and Healer","floor":29,"turns":4},{"damage":0,"enemies":"Snake Plant","floor":30,"turns":2},{"damage":16,"enemies":"Automaton","floor":33,"turns":6},{"damage":6,"enemies":"Orb Walker","floor":35,"turns":1},{"damage":8,"enemies":"3 Shapes","floor":39,"turns":5},{"damage":35,"enemies":"Nemesis","floor":40,"turns":3},{"damage":6,"enemies":"3 Darklings","floor":41,"turns":3},{"damage":40,"enemies":"2 Orb Walkers","floor":42,"turns":4},{"damage":13,"enemies":"Giant Head","floor":45,"turns":5},{"damage":0,"enemies":"4 Shapes","floor":46,"turns":5},{"damage":80,"enemies":"Awakened One","floor":50,"turns":8}],"seed_played":"2202204661277233723","potions_obtained":[{"floor":1,"key":"SpeedPotion"},{"floor":6,"key":"SkillPotion"},{"floor":10,"key":"Block Potion"},{"floor":16,"key":"Strength Potion"},{"floor":22,"key":"SteroidPotion"},{"floor":28,"key":"Swift Potion"},{"floor":33,"key":"Fire Potion"},{"floor":40,"key":"Fire Potion"},{"floor":45,"key":"SteroidPotion"}],"is_trial":false,"path_per_floor":["M","?","$","M","M","E","?","R","T","E","M","E","?","M","R","B",null,"M","?","$","M","?","E","R","$","T","?","E","M","M","?","R","B",null,"M","$","?","?","M","E","M","?","T","?","E","M","R","?","R","B",null],"character_chosen":"IRONCLAD","items_purchased":["Ginger","Paper Frog","Boot"],"campfire_rested":1,"item_purchase_floors":[3,20,25],"current_hp_per_floor":[80,64,64,62,68,57,57,57,57,47,53,34,27,31,31,27,80,67,67,67,62,56,56,56,56,56,56,51,57,63,63,63,53,85,85,85,81,81,79,64,64,34,34,34,31,43,75,75,75,7],"gold":334,"neow_bonus":"TWO_FIFTY_GOLD","is_prod":false,"is_daily":false,"chose_seed":false,"campfire_upgraded":5,"win_rate":0,"timestamp":1551969074,"path_taken":["M","?","$","M","M","E","?","R","T","E","M","E","?","M","R","BOSS","M","?","$","M","?","E","R","?","T","?","E","M","?","?","R","BOSS","M","$","?","?","M","E","M","?","T","?","E","?","R","?","R","BOSS"],"build_version":"2019-02-06","purchased_purges":1,"victory":true,"max_hp_per_floor":[80,80,80,80,80,80,80,80,80,80,80,80,80,80,80,80,80,80,80,80,80,80,80,80,80,80,80,80,80,80,80,80,80,85,85,85,81,81,81,95,95,99,99,99,103,107,107,107,107,111],"card_choices":[{"not_picked":["Searing Blow","Clash","Flex"],"picked":"SKIP","floor":1},{"not_picked":["True Grit","Wild Strike"],"picked":"Uppercut","floor":4},{"not_picked":["Cleave","Pommel Strike","Burning Pact"],"picked":"SKIP","floor":5},{"not_picked":["Armaments","Exhume"],"picked":"Inflame","floor":6},{"not_picked":["Power Through","Perfected Strike","Iron Wave"],"picked":"SKIP","floor":10},{"not_picked":["Reckless Charge","True Grit"],"picked":"Shrug It Off","floor":11},{"not_picked":["Thunderclap","Whirlwind","Battle Trance"],"picked":"SKIP","floor":12},{"not_picked":["Twin Strike","Perfected Strike"],"picked":"Inflame","floor":14},{"not_picked":["Brutality","Fiend Fire"],"picked":"Offering","floor":16},{"not_picked":["Iron Wave","Rage","Wild Strike"],"picked":"SKIP","floor":18},{"not_picked":["Clothesline+1","Sever Soul"],"picked":"Heavy Blade","floor":21},{"not_picked":["Impervious","Wild Strike+1","Searing Blow+1"],"picked":"SKIP","floor":23},{"not_picked":["Anger+1","Rampage+1","Juggernaut"],"picked":"SKIP","floor":28},{"not_picked":["Burning Pact","Clash+1"],"picked":"Inflame","floor":29},{"not_picked":["Bloodletting+1","Pommel Strike+1","True Grit"],"picked":"SKIP","floor":30},{"not_picked":["True Grit+1","Thunderclap+1","Wild Strike+1"],"picked":"SKIP","floor":35},{"not_picked":["Uppercut+1","Warcry+1","Wild Strike+1"],"picked":"SKIP","floor":39},{"not_picked":["Cleave+1","Entrench+1"],"picked":"Feed+1","floor":40},{"not_picked":["Hemokinesis+1","Body Slam+1"],"picked":"Shrug It Off+1","floor":41},{"not_picked":["Cleave+1","Second Wind"],"picked":"Sword Boomerang+1","floor":42},{"not_picked":["Warcry","Exhume","Anger+1"],"picked":"SKIP","floor":45},{"not_picked":["Body Slam+1","True Grit","Uppercut+1"],"picked":"SKIP","floor":46}],"player_experience":1224956,"relics_obtained":[{"floor":6,"key":"Anchor"},{"floor":9,"key":"Omamori"},{"floor":10,"key":"Bronze Scales"},{"floor":12,"key":"Ornamental Fan"},{"floor":22,"key":"Du-Vu Doll"},{"floor":22,"key":"Molten Egg 2"},{"floor":23,"key":"Nunchaku"},{"floor":26,"key":"Lantern"},{"floor":28,"key":"Bag of Preparation"},{"floor":40,"key":"Mango"},{"floor":42,"key":"Thread and Needle"},{"floor":43,"key":"Smiling Mask"},{"floor":45,"key":"Blood Vial"}],"event_choices":[{"damage_healed":0,"gold_gain":0,"player_choice":"Entered Light","damage_taken":16,"max_hp_gain":0,"max_hp_loss":0,"event_name":"Shining Light","floor":2,"gold_loss":0,"cards_upgraded":["Strike_R","Strike_R"]},{"damage_healed":0,"gold_gain":0,"player_choice":"Grow","damage_taken":0,"max_hp_gain":0,"max_hp_loss":0,"event_name":"Living Wall","floor":7,"gold_loss":0,"cards_upgraded":["Uppercut"]},{"cards_removed":["Defend_R"],"damage_healed":0,"gold_gain":0,"player_choice":"Card Removal","damage_taken":7,"max_hp_gain":0,"max_hp_loss":0,"event_name":"Golden Wing","floor":13,"gold_loss":0},{"damage_healed":0,"gold_gain":0,"player_choice":"Opened","damage_taken":0,"relics_obtained":["Vajra"],"max_hp_gain":0,"max_hp_loss":0,"event_name":"The Mausoleum","floor":19,"gold_loss":0,"cards_obtained":["Writhe"]},{"damage_healed":0,"gold_gain":0,"player_choice":"Fight","damage_taken":0,"max_hp_gain":0,"max_hp_loss":0,"event_name":"Colosseum","floor":22,"gold_loss":0},{"damage_healed":0,"gold_gain":0,"player_choice":"Fought Nobs","damage_taken":0,"max_hp_gain":0,"max_hp_loss":0,"event_name":"Colosseum","floor":22,"gold_loss":0},{"damage_healed":0,"gold_gain":0,"player_choice":"0 cards matched","damage_taken":0,"max_hp_gain":0,"max_hp_loss":0,"event_name":"Match and Keep!","floor":27,"gold_loss":0,"cards_obtained":[]},{"damage_healed":0,"gold_gain":0,"player_choice":"Obtained Relic","damage_taken":0,"relics_obtained":["Matryoshka"],"max_hp_gain":0,"max_hp_loss":0,"event_name":"Addict","floor":31,"gold_loss":85},{"damage_healed":0,"gold_gain":0,"player_choice":"Max HP","damage_taken":0,"max_hp_gain":0,"max_hp_loss":4,"event_name":"Winding Halls","floor":37,"gold_loss":0},{"cards_removed":["Defend_R"],"damage_healed":0,"gold_gain":0,"player_choice":"Removed Skill","damage_taken":0,"max_hp_gain":0,"max_hp_loss":0,"event_name":"Falling","floor":38,"gold_loss":0},{"damage_healed":0,"gold_gain":0,"player_choice":"Fight","damage_taken":0,"max_hp_gain":0,"max_hp_loss":0,"event_name":"Mysterious Sphere","floor":42,"gold_loss":0},{"cards_removed":["Regret"],"damage_healed":0,"gold_gain":0,"player_choice":"Removed Curses","damage_taken":0,"max_hp_gain":0,"max_hp_loss":0,"event_name":"Fountain of Cleansing","floor":44,"gold_loss":0},{"damage_healed":0,"gold_gain":0,"player_choice":"Ignored","damage_taken":0,"max_hp_gain":0,"max_hp_loss":0,"event_name":"Tomb of Lord Red Mask","floor":48,"gold_loss":0}],"is_beta":true,"boss_relics":[{"not_picked":["Velvet Choker","Black Blood"],"picked":"Cursed Key"},{"not_picked":["Coffee Dripper","Lizard Tail"],"picked":"Tiny House"}],"items_purged_floors":[3],"is_endless":false,"potions_floor_spawned":[1,6,10,16,22,28,30,33,40,45,46],"ascension_level":0}