{"gold_per_floor":[119,137,312,387,407,435,453,453,453,453,453,453,453,469,469,567,567,578,432,432,445,545,545,576,576,576,595,608,634,549,560,560,661,661,679,679,280,290,290,321,334,353,353,353,353,363,363,37,37,37,37,37,37,37],"floor_reached":54,"playtime":2436,"items_purged":["Defend_G","Skewer+1","Strike_G"],"score":680,"play_id":"92e57aac-37f9-48f1-8521-c1b831ea625a","local_time":"20190224040308","is_ascension_mode":false,"campfire_choices":[{"data":"Neutralize","floor":8,"key":"SMITH"},{"data":"Dagger Spray","floor":10,"key":"SMITH"},{"floor":13,"key":"REST"},{"data":"Cloak And Dagger","floor":15,"key":"SMITH"},{"data":"Footwork","floor":23,"key":"SMITH"},{"data":"Cloak And Dagger","floor":25,"key":"SMITH"},{"floor":32,"key":"REST"},{"floor":45,"key":"REST"},{"floor":47,"key":"REST"},{"floor":49,"key":"RECALL"},{"data":"Cloak And Dagger","floor":52,"key":"SMITH"}],"neow_cost":"NONE","seed_source_timestamp":358114318743200,"circlet_count":0,"master_deck":["Defend_G","Defend_G","Strike_G+1","Strike_G+1","Strike_G+1","Survivor","Neutralize+1","Cloak And Dagger+1","Accuracy+1","Cloak And Dagger+1","Dagger Spray+1","Malaise","Footwork+1","Footwork+1","Backflip","Leg Sweep+1","Cloak And Dagger+1","Heel Hook","Night Terror+1","Expertise+1"],"relics":["Ring of the Snake","Shuriken","White Beast Statue","Darkstone Periapt","Whetstone","Matryoshka","Oddly Smooth Stone","Astrolabe","StoneCalendar","Vajra","Snake Skull","Orichalcum","Bag of Preparation"],"potions_floor_usage":[18,21,24,27,29,33,33,38,40,42,42,50],"damage_taken":[{"damage":0,"enemies":"Small Slimes","floor":1,"turns":3},{"damage":0,"enemies":"Jaw Worm","floor":2,"turns":4},{"damage":0,"enemies":"2 Louse","floor":5,"turns":3},{"damage":24,"enemies":"3 Sentries","floor":6,"turns":13},{"damage":13,"enemies":"Large Slime","floor":7,"turns":8},{"damage":1,"enemies":"Exordium Wildlife","floor":14,"turns":5},{"damage":8,"enemies":"The Guardian","floor":16,"turns":11},{"damage":10,"enemies":"Spheric Guardian","floor":18,"turns":4},{"damage":0,"enemies":"3 Byrds","floor":21,"turns":5},{"damage":12,"enemies":"Book of Stabbing","floor":24,"turns":8},{"damage":8,"enemies":"Shelled Parasite and Fungi","floor":27,"turns":7},{"damage":3,"enemies":"Snake Plant","floor":28,"turns":6},{"damage":27,"enemies":"Slavers","floor":29,"turns":5},{"damage":2,"enemies":"Centurion and Healer","floor":31,"turns":8},{"damage":3,"enemies":"Champ","floor":33,"turns":12},{"damage":7,"enemies":"3 Shapes","floor":35,"turns":5},{"damage":14,"enemies":"3 Darklings","floor":38,"turns":7},{"damage":38,"enemies":"Giant Head","floor":40,"turns":9},{"damage":13,"enemies":"Maw","floor":41,"turns":8},{"damage":28,"enemies":"Spire Growth","floor":42,"turns":6},{"damage":17,"enemies":"Transient","floor":46,"turns":5},{"damage":14,"enemies":"Time Eater","floor":50,"turns":15},{"damage":95,"enemies":"Shield and Spear","floor":54,"turns":6}],"seed_played":"-2558395523046350277","potions_obtained":[{"floor":1,"key":"Block Potion"},{"floor":7,"key":"Explosive Potion"},{"floor":14,"key":"Energy Potion"},{"floor":18,"key":"Regen Potion"},{"floor":21,"key":"GhostInAJar"},{"floor":24,"key":"Ancient Potion"},{"floor":27,"key":"Fire Potion"},{"floor":28,"key":"Strength Potion"},{"floor":29,"key":"Swift Potion"},{"floor":33,"key":"AttackPotion"},{"floor":35,"key":"FearPotion"},{"floor":38,"key":"GhostInAJar"},{"floor":40,"key":"Swift Potion"},{"floor":41,"key":"Regen Potion"},{"floor":42,"key":"LiquidBronze"},{"floor":46,"key":"GamblersBrew"}],"is_trial":false,"path_per_floor":["M","M","?","?","M","E","M","R","T","R","?","?","R","M","R","B",null,"M","$","?","M","?","R","E","R","T","M","M","E","?","M","R","B",null,"M","?","$","M","?","E","M","M","T","?","R","M","R","$","R","B",null,"R","$","E"],"character_chosen":"THE_SILENT","items_purchased":["Footwork","StoneCalendar","SteroidPotion","Bag of Preparation"],"campfire_rested":4,"item_purchase_floors":[19,37,48,48],"current_hp_per_floor":[77,77,77,66,66,42,29,29,29,29,14,7,30,29,29,21,77,67,67,67,67,67,67,55,55,55,62,59,32,32,30,53,50,77,70,70,70,56,81,43,30,17,17,17,41,24,48,48,48,34,83,83,83,0],"gold":37,"neow_bonus":"TEN_PERCENT_HP_BONUS","is_prod":false,"is_daily":false,"chose_seed":false,"campfire_upgraded":6,"win_rate":0,"timestamp":1550977388,"path_taken":["M","M","?","?","M","E","M","R","T","R","?","?","R","M","R","BOSS","M","$","?","M","?","R","E","R","T","?","M","E","?","M","R","BOSS","M","?","$","M","?","E","M","M","T","?","R","M","R","$","R","BOSS","R","$","E"],"build_version":"2019-02-06","purchased_purges":3,"victory":false,"max_hp_per_floor":[77,77,77,77,77,77,77,77,77,77,77,77,77,77,77,77,77,77,77,77,77,77,77,77,77,77,77,77,77,77,77,77,77,77,77,77,77,77,83,83,83,83,83,83,83,83,83,83,83,83,83,83,83,83],"card_choices":[{"not_picked":["Setup","Expertise"],"picked":"Cloak And Dagger","floor":1},{"not_picked":["Eviscerate","Tactician"],"picked":"Accuracy","floor":2},{"not_picked":["Flying Knee","Terror"],"picked":"Cloak And Dagger","floor":5},{"not_picked":["Quick Slash","Slice","PiercingWail"],"picked":"SKIP","floor":6},{"not_picked":["Dodge and Roll","Terror"],"picked":"Dagger Spray","floor":7},{"not_picked":["Dagger Throw","Caltrops","A Thousand Cuts"],"picked":"SKIP","floor":14},{"not_picked":["Grand Finale","Tools of the Trade"],"picked":"Malaise","floor":16},{"not_picked":["Acrobatics+1","Expertise"],"picked":"Footwork+1","floor":18},{"not_picked":["Reflex","Slice","Tactician"],"picked":"SKIP","floor":21},{"not_picked":["Deadly Poison","Bouncing Flask"],"picked":"Leg Sweep+1","floor":24},{"not_picked":["Acrobatics","Bouncing Flask","Backflip"],"picked":"SKIP","floor":27},{"not_picked":["Acrobatics","Bouncing Flask","Backflip"],"picked":"SKIP","floor":27},{"not_picked":["Poisoned Stab","Caltrops"],"picked":"Cloak And Dagger","floor":28},{"not_picked":["Quick Slash+1","Slice","Backflip+1"],"picked":"SKIP","floor":29},{"not_picked":["Prepared","Deflect"],"picked":"Heel Hook","floor":31},{"not_picked":["Concentrate","Poisoned Stab","Outmaneuver+1"],"picked":"SKIP","floor":35},{"not_picked":["Bane","Noxious Fumes+1","Backflip+1"],"picked":"SKIP","floor":38},{"not_picked":["Flechettes","Caltrops+1","Malaise"],"picked":"SKIP","floor":40},{"not_picked":["Acrobatics","Tactician","Slice+1"],"picked":"SKIP","floor":41},{"not_picked":["Quick Slash","Riddle With Holes","PiercingWail+1"],"picked":"SKIP","floor":42},{"not_picked":["Eviscerate+1","Skewer","Outmaneuver"],"picked":"SKIP","floor":46}],"player_experience":1182259,"relics_obtained":[{"floor":6,"key":"Shuriken"},{"floor":24,"key":"Darkstone Periapt"},{"floor":26,"key":"Whetstone"},{"floor":29,"key":"Matryoshka"},{"floor":40,"key":"Vajra"},{"floor":43,"key":"Snake Skull"},{"floor":43,"key":"Orichalcum"}],"event_choices":[{"damage_healed":0,"gold_gain":175,"player_choice":"AGREE","damage_taken":0,"max_hp_gain":0,"max_hp_loss":0,"event_name":"Liars Game","floor":3,"gold_loss":0,"cards_obtained":["Doubt"]},{"damage_healed":0,"gold_gain":75,"player_choice":"Gather Gold","damage_taken":11,"max_hp_gain":0,"max_hp_loss":0,"event_name":"World of Goop","floor":4,"gold_loss":0},{"damage_healed":0,"gold_gain":0,"player_choice":"Entered Light","damage_taken":15,"max_hp_gain":0,"max_hp_loss":0,"event_name":"Shining Light","floor":11,"gold_loss":0,"cards_upgraded":["Strike_G","Accuracy"]},{"cards_removed":["Doubt"],"damage_healed":0,"gold_gain":0,"player_choice":"Card Removal","damage_taken":7,"max_hp_gain":0,"max_hp_loss":0,"event_name":"Golden Wing","floor":12,"gold_loss":0},{"damage_healed":0,"gold_gain":0,"player_choice":"Read","damage_taken":0,"max_hp_gain":0,"max_hp_loss":0,"event_name":"The Library","floor":20,"gold_loss":0,"cards_obtained":["Backflip"]},{"damage_healed":0,"gold_gain":100,"player_choice":"Pray","damage_taken":0,"max_hp_gain":0,"max_hp_loss":0,"event_name":"Golden Shrine","floor":22,"gold_loss":0},{"damage_healed":0,"gold_gain":0,"player_choice":"Obtained Relic","damage_taken":0,"relics_obtained":["Oddly Smooth Stone"],"max_hp_gain":0,"max_hp_loss":0,"event_name":"Addict","floor":30,"gold_loss":85},{"damage_healed":0,"gold_gain":0,"player_choice":"Ignored","damage_taken":0,"max_hp_gain":0,"max_hp_loss":0,"event_name":"Tomb of Lord Red Mask","floor":36,"gold_loss":0},{"damage_healed":19,"gold_gain":0,"player_choice":"Writhe","damage_taken":0,"max_hp_gain":0,"max_hp_loss":0,"event_name":"Winding Halls","floor":39,"gold_loss":0,"cards_obtained":["Writhe"]},{"cards_removed":["Writhe"],"damage_healed":0,"gold_gain":0,"player_choice":"Purged","damage_taken":0,"max_hp_gain":0,"max_hp_loss":0,"event_name":"Purifier","floor":44,"gold_loss":0}],"is_beta":true,"boss_relics":[{"not_picked":["Ectoplasm","Pandora\u0027s Box"],"picked":"White Beast Statue"},{"not_picked":["Runic Pyramid","Sozu"],"picked":"Astrolabe"}],"items_purged_floors":[19,37,48],"is_endless":false,"potions_floor_spawned":[1,7,14,18,21,24,27,28,29,31,33,35,38,40,41,42,46],"killed_by":"Shield and Spear","ascension_level":0}