{"gold_per_floor":[115,134,134,154,31,56,56,73,73,86,112,112,144,174,174,277,277,290,290,304,314,326,176,176,195,277,277,295,295,295,310,310,407,407,425,425,425,95,95,120,120,155,155,186,229,241,253,279,291,303],"floor_reached":51,"playtime":3784,"items_purged":["Pain","Writhe","Flex"],"score":1156,"play_id":"25e88df8-b13b-4e71-99ec-9468fc456270","local_time":"20181126234858","is_ascension_mode":true,"campfire_choices":[{"data":"Bash","floor":7,"key":"SMITH"},{"data":"Demon Form","floor":15,"key":"SMITH"},{"data":"Clothesline","floor":27,"key":"PURGE"},{"data":"Limit Break","floor":29,"key":"SMITH"},{"data":"True Grit","floor":32,"key":"SMITH"},{"floor":41,"key":"REST"},{"data":"Offering","floor":47,"key":"SMITH"},{"floor":49,"key":"REST"}],"neow_cost":"NONE","seed_source_timestamp":1125785501849628,"circlet_count":0,"master_deck":["Bash+1","Shrug It Off","Thunderclap","Shrug It Off","Demon Form+1","Spot Weakness","Iron Wave+1","Limit Break+1","Body Slam+1","Rampage","Shrug It Off","Sword Boomerang+1","Headbutt","Sword Boomerang+1","True Grit+1","Shrug It Off+1","Shrug It Off+1","Offering+1","Iron Wave+1","Reaper"],"relics":["Burning Blood","NeowsBlessing","WarpedTongs","FossilizedHelix","Peace Pipe","Prayer Wheel","Pear","Gambling Chip","Pandora\u0027s Box","Blood Vial","Enchiridion","Letter Opener","Black Star","Sling","PreservedInsect","Whetstone","StoneCalendar","Calipers","MawBank","Ancient Tea Set","Bag of Marbles"],"potions_floor_usage":[13,13,13,33,48,50,50],"damage_taken":[{"damage":0,"enemies":"2 Louse","floor":1,"turns":1},{"damage":0,"enemies":"Cultist","floor":2,"turns":1},{"damage":0,"enemies":"Jaw Worm","floor":4,"turns":1},{"damage":26,"enemies":"3 Sentries","floor":6,"turns":8},{"damage":7,"enemies":"3 Louse","floor":8,"turns":3},{"damage":6,"enemies":"Looter","floor":10,"turns":4},{"damage":15,"enemies":"Lagavulin","floor":11,"turns":8},{"damage":0,"enemies":"Gremlin Nob","floor":13,"turns":3},{"damage":16,"enemies":"Hexaghost","floor":16,"turns":9},{"damage":0,"enemies":"Shell Parasite","floor":18,"turns":3},{"damage":0,"enemies":"Chosen","floor":20,"turns":4},{"damage":6,"enemies":"Centurion and Healer","floor":21,"turns":4},{"damage":42,"enemies":"Snake Plant","floor":22,"turns":6},{"damage":0,"enemies":"Snecko","floor":25,"turns":3},{"damage":0,"enemies":"Centurion and Healer","floor":28,"turns":3},{"damage":3,"enemies":"Snake Plant","floor":31,"turns":5},{"damage":36,"enemies":"Automaton","floor":33,"turns":8},{"damage":21,"enemies":"3 Shapes","floor":35,"turns":6},{"damage":50,"enemies":"Nemesis","floor":40,"turns":9},{"damage":0,"enemies":"Giant Head","floor":42,"turns":4},{"damage":0,"enemies":"Orb Walker","floor":44,"turns":3},{"damage":41,"enemies":"Reptomancer","floor":45,"turns":5},{"damage":45,"enemies":"Spire Growth","floor":48,"turns":6},{"damage":55,"enemies":"Donu and Deca","floor":50,"turns":7}],"seed_played":"-7372588759858875977","potions_obtained":[{"floor":2,"key":"BloodPotion"},{"floor":8,"key":"FairyPotion"},{"floor":11,"key":"Energy Potion"},{"floor":16,"key":"FearPotion"},{"floor":18,"key":"EssenceOfSteel"},{"floor":33,"key":"SteroidPotion"},{"floor":44,"key":"Swift Potion"}],"is_trial":false,"path_per_floor":["M","M","?","M","$","E","R","M","T","M","E","?","E","?","R","B",null,"M","?","M","M","M","$","?","M","T","R","M","R","?","M","R","B",null,"M","?","?","$","$","E","R","E","T","M","E","?","R","M","R","B",null],"character_chosen":"IRONCLAD","items_purchased":["PowerPotion","Strength Potion","Sling"],"campfire_rested":2,"item_purchase_floors":[5,23,38],"current_hp_per_floor":[78,80,80,80,80,60,60,59,59,59,50,50,74,74,74,64,84,90,90,90,90,54,54,38,46,46,46,54,54,54,59,59,31,75,62,62,62,62,62,20,47,55,55,63,30,30,30,40,65,85],"gold":315,"neow_bonus":"THREE_ENEMY_KILL","is_prod":false,"is_daily":false,"chose_seed":false,"campfire_upgraded":5,"win_rate":0,"timestamp":1543312138,"path_taken":["M","M","?","?","$","E","R","M","T","M","E","?","E","?","R","BOSS","M","?","M","M","M","$","?","M","T","R","M","R","?","M","R","BOSS","M","?","?","?","$","E","R","E","T","M","E","?","R","M","R","BOSS"],"build_version":"2018-11-15","purchased_purges":3,"victory":true,"max_hp_per_floor":[80,80,80,80,80,80,80,80,80,80,80,80,90,90,90,90,90,90,90,90,90,90,90,90,90,90,90,90,90,90,90,90,90,90,90,90,90,90,90,90,90,90,90,90,90,85,85,85,85,85],"card_choices":[{"not_picked":["Clash","Spot Weakness"],"picked":"Shrug It Off","floor":1},{"not_picked":["Battle Trance","Blood for Blood"],"picked":"Thunderclap","floor":2},{"not_picked":["Infernal Blade","Headbutt"],"picked":"Shrug It Off","floor":4},{"not_picked":["Body Slam","Warcry"],"picked":"Demon Form","floor":6},{"not_picked":["Heavy Blade","Thunderclap"],"picked":"Spot Weakness","floor":8},{"not_picked":["Clothesline","Clash"],"picked":"Iron Wave","floor":10},{"not_picked":["Anger","Sever Soul","Fiend Fire"],"picked":"SKIP","floor":11},{"not_picked":["Exhume","Havoc","Blood for Blood"],"picked":"SKIP","floor":13},{"not_picked":["Demon Form","Dark Embrace"],"picked":"Limit Break","floor":16},{"not_picked":["Warcry","Infernal Blade"],"picked":"Sword Boomerang+1","floor":18},{"not_picked":["Havoc","Armaments","Searing Blow"],"picked":"SKIP","floor":18},{"not_picked":["Warcry","Armaments"],"picked":"True Grit","floor":20},{"not_picked":["Flex","Body Slam","Sword Boomerang"],"picked":"SKIP","floor":20},{"not_picked":["Headbutt","Juggernaut"],"picked":"Shrug It Off+1","floor":21},{"not_picked":["Inflame","Wild Strike","Cleave+1"],"picked":"SKIP","floor":21},{"not_picked":["Entrench","Rampage"],"picked":"Shrug It Off+1","floor":22},{"not_picked":["Wild Strike","Corruption","Dropkick"],"picked":"SKIP","floor":22},{"not_picked":["Sword Boomerang","Body Slam+1","Rage"],"picked":"SKIP","floor":25},{"not_picked":["Clash","Wild Strike","Havoc"],"picked":"SKIP","floor":25},{"not_picked":["Battle Trance","Demon Form","Body Slam"],"picked":"SKIP","floor":28},{"not_picked":["Armaments+1","Heavy Blade+1","Clash"],"picked":"SKIP","floor":28},{"not_picked":["Entrench","Heavy Blade+1","Rage"],"picked":"SKIP","floor":31},{"not_picked":["Rampage","Armaments","Flex"],"picked":"SKIP","floor":31},{"not_picked":["Exhume","Bludgeon"],"picked":"Offering","floor":33},{"not_picked":["Warcry","Intimidate+1","Havoc+1"],"picked":"SKIP","floor":35},{"not_picked":["Flame Barrier","Clothesline","Clash+1"],"picked":"SKIP","floor":35},{"not_picked":["Perfected Strike+1","Seeing Red+1"],"picked":"Iron Wave+1","floor":40},{"not_picked":["Havoc+1","Carnage","Seeing Red"],"picked":"SKIP","floor":42},{"not_picked":["Iron Wave","Fire Breathing","Clash"],"picked":"SKIP","floor":44},{"not_picked":["Warcry+1","Headbutt","Whirlwind"],"picked":"SKIP","floor":44},{"not_picked":["Anger","Sword Boomerang+1"],"picked":"Reaper","floor":45},{"not_picked":["Shrug It Off","Twin Strike","Havoc"],"picked":"SKIP","floor":48},{"not_picked":["Combust","True Grit","Body Slam"],"picked":"SKIP","floor":48}],"player_experience":326470,"relics_obtained":[{"floor":6,"key":"FossilizedHelix"},{"floor":9,"key":"Peace Pipe"},{"floor":11,"key":"Prayer Wheel"},{"floor":13,"key":"Pear"},{"floor":24,"key":"Enchiridion"},{"floor":26,"key":"Letter Opener"},{"floor":40,"key":"PreservedInsect"},{"floor":40,"key":"Whetstone"},{"floor":42,"key":"StoneCalendar"},{"floor":42,"key":"Calipers"},{"floor":43,"key":"MawBank"},{"floor":45,"key":"Ancient Tea Set"},{"floor":45,"key":"Bag of Marbles"}],"event_choices":[{"damage_healed":0,"gold_gain":0,"player_choice":"Rummage","damage_taken":0,"relics_obtained":["WarpedTongs"],"max_hp_gain":0,"max_hp_loss":0,"event_name":"Accursed Blacksmith","floor":3,"gold_loss":0,"cards_obtained":["Pain"]},{"damage_healed":0,"gold_gain":0,"player_choice":"Grow","damage_taken":0,"max_hp_gain":0,"max_hp_loss":0,"event_name":"Living Wall","floor":12,"gold_loss":0,"cards_upgraded":["Iron Wave"]},{"damage_healed":0,"gold_gain":30,"player_choice":"Searched \u00272\u0027 times","damage_taken":0,"relics_obtained":["Gambling Chip"],"max_hp_gain":0,"max_hp_loss":0,"event_name":"Dead Adventurer","floor":14,"gold_loss":0},{"damage_healed":0,"gold_gain":0,"player_choice":"Opened","damage_taken":0,"relics_obtained":["Blood Vial"],"max_hp_gain":0,"max_hp_loss":0,"event_name":"The Mausoleum","floor":19,"gold_loss":0,"cards_obtained":["Writhe"]},{"damage_healed":0,"gold_gain":0,"player_choice":"Obtained Book","damage_taken":16,"max_hp_gain":0,"max_hp_loss":0,"event_name":"Cursed Tome","floor":24,"gold_loss":0},{"cards_removed":["Havoc"],"damage_healed":0,"gold_gain":0,"player_choice":"Elegance","damage_taken":0,"max_hp_gain":0,"max_hp_loss":0,"event_name":"Back to Basics","floor":30,"gold_loss":0},{"damage_healed":0,"gold_gain":0,"player_choice":"Ignored","damage_taken":0,"max_hp_gain":0,"max_hp_loss":0,"event_name":"Mysterious Sphere","floor":36,"gold_loss":0},{"cards_removed":["Headbutt"],"damage_healed":0,"gold_gain":0,"player_choice":"Removed Attack","damage_taken":0,"max_hp_gain":0,"max_hp_loss":0,"event_name":"Falling","floor":37,"gold_loss":0},{"damage_healed":0,"gold_gain":0,"player_choice":"Max HP","damage_taken":0,"max_hp_gain":0,"max_hp_loss":5,"event_name":"Winding Halls","floor":46,"gold_loss":0}],"is_beta":false,"boss_relics":[{"not_picked":["Empty Cage","Tiny House"],"picked":"Pandora\u0027s Box"},{"not_picked":["Philosopher\u0027s Stone","White Beast Statue"],"picked":"Black Star"}],"items_purged_floors":[5,23,38],"is_endless":false,"potions_floor_spawned":[2,8,11,16,18,28,31,33,40,44],"ascension_level":9}