{"gold_per_floor":[114,114,64,64,80,80,114,114,141,175,191,217,231,241,241,344,344,357,357,376,376,118,177,192,192],"floor_reached":25,"playtime":997,"items_purged":["Writhe"],"score":362,"play_id":"56dc7327-90ea-45e1-94c0-89c2c0cacdb4","local_time":"20181119203423","is_ascension_mode":true,"campfire_choices":[{"data":"Bash","floor":6.0,"key":"SMITH"},{"floor":8.0,"key":"RECALL"},{"floor":15.0,"key":"REST"}],"neow_cost":"TEN_PERCENT_HP_LOSS","seed_source_timestamp":0,"circlet_count":0,"master_deck":["AscendersBane","Strike_R","Strike_R","Strike_R","Defend_R","Defend_R","Defend_R","Defend_R","Bash+1","Pommel Strike","Intimidate+1","Flex+1","Shrug It Off+1","Cleave","Double Tap+1","Disarm+1","Rampage","Immolate","Carnage","Whirlwind","Offering+1"],"special_seed":0,"relics":["Burning Blood","Incense Burner","Toxic Egg 2","Oddly Smooth Stone","Letter Opener","Bottled Lightning","Snecko Eye","Centennial Puzzle","Orichalcum","Tiny Chest"],"potions_floor_usage":[25,25],"damage_taken":[{"damage":0.0,"enemies":"Small Slimes","floor":1.0,"turns":3.0},{"damage":12.0,"enemies":"Jaw Worm","floor":5.0,"turns":6.0},{"damage":13.0,"enemies":"Gremlin Nob","floor":7.0,"turns":4.0},{"damage":27.0,"enemies":"Lagavulin","floor":10.0,"turns":7.0},{"damage":0.0,"enemies":"2 Louse","floor":11.0,"turns":5.0},{"damage":8.0,"enemies":"3 Sentries","floor":12.0,"turns":7.0},{"damage":3.0,"enemies":"Exordium Wildlife","floor":13.0,"turns":4.0},{"damage":0.0,"enemies":"Blue Slaver","floor":14.0,"turns":3.0},{"damage":38.0,"enemies":"Hexaghost","floor":16.0,"turns":9.0},{"damage":21.0,"enemies":"Chosen","floor":18.0,"turns":7.0},{"damage":0.0,"enemies":"2 Thieves","floor":20.0,"turns":1.0},{"damage":30.0,"enemies":"Gremlin Leader","floor":23.0,"turns":4.0},{"damage":12.0,"enemies":"Snake Plant","floor":24.0,"turns":3.0},{"damage":23,"enemies":"Book of Stabbing","floor":25,"turns":4}],"seed_played":"8567520681225279736","potions_obtained":[{"floor":10.0,"key":"Dexterity Potion"},{"floor":11.0,"key":"Dexterity Potion"},{"floor":12.0,"key":"SteroidPotion"},{"floor":16.0,"key":"Explosive Potion"},{"floor":23.0,"key":"Weak Potion"}],"is_trial":false,"path_per_floor":["M","?","?","?","M","R","E","R","T","E","M","E","M","M","R","B",null,"M","?","M","?","$","E","M","E"],"character_chosen":"IRONCLAD","items_purchased":["Whirlwind","Orichalcum"],"campfire_rested":1,"item_purchase_floors":[22,22],"current_hp_per_floor":[72,60,60,53,47,47,40,40,40,19,25,23,26,32,53,21,59,44,44,50,50,50,26,20,0],"gold":192,"neow_bonus":"ONE_RARE_RELIC","is_prod":false,"is_daily":false,"chose_seed":false,"campfire_upgraded":1,"win_rate":0,"timestamp":1542688463,"path_taken":["M","?","?","?","M","R","E","R","T","E","?","E","M","M","R","BOSS","M","?","M","?","$","E","M","E"],"build_version":"2018-11-15","purchased_purges":1,"victory":false,"max_hp_per_floor":[72,72,72,72,72,72,72,72,72,72,72,72,72,72,72,72,72,72,72,72,72,72,72,72,72],"card_choices":[{"not_picked":["Heavy Blade","Seeing Red"],"picked":"Pommel Strike","floor":1.0},{"not_picked":["Havoc+1","Pommel Strike"],"picked":"Intimidate+1","floor":5.0},{"not_picked":["Anger","Shockwave+1"],"picked":"Flex+1","floor":7.0},{"not_picked":["Battle Trance+1","Anger"],"picked":"Shrug It Off+1","floor":10.0},{"not_picked":["Pommel Strike","Armaments+1"],"picked":"Cleave","floor":11.0},{"not_picked":["Juggernaut","Perfected Strike"],"picked":"Double Tap+1","floor":12.0},{"not_picked":["Ghostly Armor+1","Hemokinesis"],"picked":"Disarm+1","floor":13.0},{"not_picked":["Body Slam","Headbutt"],"picked":"Rampage","floor":14.0},{"not_picked":["Exhume+1","Berserk"],"picked":"Immolate","floor":16.0},{"not_picked":["Perfected Strike","Twin Strike"],"picked":"Carnage","floor":18.0},{"not_picked":["Anger","Flex+1","Second Wind+1"],"picked":"SKIP","floor":20.0},{"not_picked":["Heavy Blade+1","Rampage"],"picked":"Offering+1","floor":23.0},{"not_picked":["True Grit+1","Headbutt","Cleave+1"],"picked":"SKIP","floor":24.0}],"player_experience":412407,"relics_obtained":[{"floor":7.0,"key":"Oddly Smooth Stone"},{"floor":10.0,"key":"Letter Opener"},{"floor":12.0,"key":"Bottled Lightning"},{"floor":23.0,"key":"Tiny Chest"}],"event_choices":[{"damage_healed":0.0,"max_hp_gain":0.0,"max_hp_loss":0.0,"gold_gain":0.0,"event_name":"Scrap Ooze","player_choice":"Success","floor":2.0,"gold_loss":0.0,"damage_taken":12.0,"relics_obtained":["Toxic Egg 2"]},{"cards_removed":["Strike_R"],"damage_healed":0.0,"max_hp_gain":0.0,"max_hp_loss":0.0,"gold_gain":0.0,"event_name":"The Cleric","player_choice":"Card Removal","floor":3.0,"gold_loss":50.0,"damage_taken":0.0},{"cards_removed":["Strike_R"],"damage_healed":0.0,"max_hp_gain":0.0,"max_hp_loss":0.0,"gold_gain":0.0,"event_name":"Golden Wing","player_choice":"Card Removal","floor":4.0,"gold_loss":0.0,"damage_taken":7.0},{"damage_healed":0.0,"max_hp_gain":0.0,"max_hp_loss":0.0,"gold_gain":0.0,"event_name":"Beggar","player_choice":"Ignored","floor":19.0,"gold_loss":0.0,"damage_taken":0.0},{"damage_healed":0.0,"max_hp_gain":0.0,"max_hp_loss":0.0,"gold_gain":0.0,"event_name":"The Mausoleum","player_choice":"Opened","floor":21.0,"gold_loss":0.0,"damage_taken":0.0,"relics_obtained":["Centennial Puzzle"],"cards_obtained":["Writhe"]}],"is_beta":true,"boss_relics":[{"not_picked":["White Beast Statue","Runic Dome"],"picked":"Snecko Eye"}],"items_purged_floors":[22],"is_endless":false,"potions_floor_spawned":[10,11,12,16,23],"killed_by":"Book of Stabbing","ascension_level":10}