{"gold_per_floor":[361,373,386,386,7,7,19,39,39,39,57,22,81,100,100,172,172,182,195,210,38,52,52,52],"floor_reached":24,"playtime":917,"items_purged":[],"score":384,"play_id":"a1003df4-34e1-4d10-9fe7-9b810602d2f2","local_time":"20190113174309","is_ascension_mode":true,"campfire_choices":[{"data":"Dagger Spray","floor":6,"key":"SMITH"},{"data":"Footwork","floor":10,"key":"SMITH"},{"data":"Neutralize","floor":15,"key":"SMITH"},{"floor":23,"key":"REST"}],"neow_cost":"PERCENT_DAMAGE","seed_source_timestamp":336942498870000,"circlet_count":0,"master_deck":["AscendersBane","Defend_G","Defend_G","Defend_G","Defend_G","Defend_G","Strike_G+1","Strike_G","Strike_G","Strike_G","Survivor","Neutralize+1","Flying Knee+1","Dagger Spray+1","Blade Dance","Backstab","Footwork+1","Well Laid Plans","Escape Plan+1","Die Die Die","Noxious Fumes+1","Noxious Fumes","Cloak And Dagger+1"],"relics":["Ring of the Serpent","TwistedFunnel","Whetstone","Toxic Egg 2","Snake Skull"],"potions_floor_usage":[16,22,22,24],"damage_taken":[{"damage":6,"enemies":"Cultist","floor":1,"turns":4},{"damage":5,"enemies":"2 Louse","floor":2,"turns":4},{"damage":2,"enemies":"Jaw Worm","floor":3,"turns":7},{"damage":0,"enemies":"2 Fungi Beasts","floor":7,"turns":2},{"damage":9,"enemies":"Exordium Thugs","floor":8,"turns":5},{"damage":0,"enemies":"Blue Slaver","floor":11,"turns":2},{"damage":0,"enemies":"3 Louse","floor":14,"turns":2},{"damage":8,"enemies":"The Guardian","floor":16,"turns":13},{"damage":9,"enemies":"Chosen","floor":18,"turns":6},{"damage":22,"enemies":"2 Thieves","floor":19,"turns":3},{"damage":10,"enemies":"Snake Plant","floor":20,"turns":4},{"damage":12,"enemies":"3 Cultists","floor":22,"turns":4},{"damage":28,"enemies":"Snecko","floor":24,"turns":4}],"seed_played":"2391376329306356599","potions_obtained":[{"floor":2,"key":"LiquidBronze"},{"floor":7,"key":"Block Potion"},{"floor":8,"key":"Fire Potion"},{"floor":19,"key":"AttackPotion"},{"floor":22,"key":"Swift Potion"}],"is_trial":false,"path_per_floor":["M","M","M","?","$","R","M","M","T","R","M","?","?","M","R","B",null,"M","M","M","$","M","R","M"],"character_chosen":"THE_SILENT","items_purchased":["TwistedFunnel","Whetstone","Snake Skull"],"campfire_rested":1,"item_purchase_floors":[5,5,21],"current_hp_per_floor":[38,33,31,31,31,31,31,22,22,22,22,38,38,38,38,30,57,48,26,16,16,4,23,0],"gold":52,"neow_bonus":"TWO_FIFTY_GOLD","is_prod":false,"is_daily":false,"chose_seed":false,"campfire_upgraded":3,"win_rate":0,"timestamp":1547397789,"path_taken":["M","M","?","?","$","R","M","M","T","R","?","?","?","M","R","BOSS","M","M","M","$","M","R","M"],"build_version":"2019-01-10","purchased_purges":0,"victory":false,"max_hp_per_floor":[66,66,66,66,66,66,66,66,66,66,66,66,66,66,66,66,66,66,66,66,66,66,66,66],"card_choices":[{"not_picked":["Deflect","Poisoned Stab"],"picked":"Flying Knee","floor":1},{"not_picked":["Tactician","Expertise"],"picked":"Dagger Spray","floor":2},{"not_picked":["Prepared","Acrobatics"],"picked":"Blade Dance","floor":3},{"not_picked":["PiercingWail","Deadly Poison"],"picked":"Backstab","floor":7},{"not_picked":["Catalyst","Dodge and Roll"],"picked":"Footwork","floor":8},{"not_picked":["Predator","Heel Hook"],"picked":"Well Laid Plans","floor":11},{"not_picked":["Sucker Punch","Slice"],"picked":"Escape Plan+1","floor":14},{"not_picked":["Night Terror+1","Unload"],"picked":"Die Die Die","floor":16},{"not_picked":["Distraction+1","Eviscerate"],"picked":"Noxious Fumes+1","floor":18},{"not_picked":["Quick Slash","Finisher"],"picked":"Noxious Fumes","floor":19},{"not_picked":["Infinite Blades","Dagger Spray","Dagger Throw"],"picked":"SKIP","floor":20},{"not_picked":["Underhanded Strike","Prepared+1"],"picked":"Cloak And Dagger+1","floor":22}],"player_experience":1031066,"relics_obtained":[{"floor":9,"key":"Toxic Egg 2"}],"event_choices":[{"cards_removed":["Strike_G"],"damage_healed":0,"gold_gain":0,"player_choice":"Purged","damage_taken":0,"max_hp_gain":0,"max_hp_loss":0,"event_name":"Purifier","floor":4,"gold_loss":0},{"damage_healed":16,"gold_gain":0,"player_choice":"Healed","damage_taken":0,"max_hp_gain":0,"max_hp_loss":0,"event_name":"The Cleric","floor":12,"gold_loss":35},{"damage_healed":0,"gold_gain":59,"player_choice":"Gained Gold","damage_taken":0,"max_hp_gain":0,"max_hp_loss":0,"event_name":"Golden Wing","floor":13,"gold_loss":0}],"is_beta":true,"boss_relics":[{"not_picked":["Black Star","WristBlade"],"picked":"Ring of the Serpent"}],"items_purged_floors":[],"is_endless":false,"potions_floor_spawned":[2,7,8,14,19,22],"killed_by":"Snecko","ascension_level":20}