{"gold_per_floor":[113,113,113,131,148,148,175,192,192,192,224,224,249,249,249,349,349,361,286,306,306,326,326,341,341,393,405,418,59,59,72,72,72],"floor_reached":33,"playtime":659,"items_purged":["Defend_R","Defend_R"],"score":267,"play_id":"ca695cba-3fe1-44e6-9049-956913a6a625","local_time":"20190216000741","is_ascension_mode":false,"campfire_choices":[{"data":"Whirlwind","floor":6.0,"key":"SMITH"},{"data":"Bash","floor":10.0,"key":"SMITH"},{"floor":12.0,"key":"REST"},{"floor":15.0,"key":"REST"},{"floor":23.0,"key":"REST"},{"data":"Bludgeon","floor":32.0,"key":"SMITH"}],"neow_cost":"NONE","seed_source_timestamp":0,"circlet_count":0,"master_deck":["Strike_R","Strike_R","Strike_R","Strike_R","Strike_R","Defend_R","Defend_R","Bash+1","Whirlwind+1","Pommel Strike","Bludgeon+1","Shrug It Off+1","Shrug It Off"],"special_seed":0,"relics":["Burning Blood","NeowsBlessing","Dream Catcher","Bronze Scales","Question Card","Ancient Tea Set","Lantern","Velvet Choker","Omamori","Pantograph","Kunai"],"potions_floor_usage":[33],"damage_taken":[{"damage":0.0,"enemies":"Cultist","floor":1.0,"turns":1.0},{"damage":0.0,"enemies":"Jaw Worm","floor":4.0,"turns":1.0},{"damage":0.0,"enemies":"Small Slimes","floor":5.0,"turns":1.0},{"damage":28.0,"enemies":"Gremlin Nob","floor":7.0,"turns":4.0},{"damage":24.0,"enemies":"Exordium Thugs","floor":8.0,"turns":4.0},{"damage":22.0,"enemies":"3 Sentries","floor":11.0,"turns":4.0},{"damage":36.0,"enemies":"Lagavulin","floor":13.0,"turns":5.0},{"damage":55.0,"enemies":"Hexaghost","floor":16.0,"turns":8.0},{"damage":3.0,"enemies":"3 Byrds","floor":18.0,"turns":3.0},{"damage":17.0,"enemies":"Shell Parasite","floor":20.0,"turns":4.0},{"damage":30.0,"enemies":"Colosseum Slavers","floor":21.0,"turns":4.0},{"damage":23.0,"enemies":"Shelled Parasite and Fungi","floor":22.0,"turns":3.0},{"damage":11.0,"enemies":"Snake Plant","floor":24.0,"turns":2.0},{"damage":5.0,"enemies":"Chosen and Byrds","floor":27.0,"turns":4.0},{"damage":21.0,"enemies":"Centurion and Healer","floor":28.0,"turns":4.0},{"damage":6.0,"enemies":"3 Cultists","floor":31.0,"turns":3.0},{"damage":98,"enemies":"Automaton","floor":33,"turns":12}],"seed_played":"-2768599307512115695","potions_obtained":[{"floor":3.0,"key":"SkillPotion"},{"floor":3.0,"key":"Regen Potion"},{"floor":3.0,"key":"GamblersBrew"},{"floor":11.0,"key":"Swift Potion"},{"floor":24.0,"key":"LiquidBronze"},{"floor":27.0,"key":"SteroidPotion"},{"floor":31.0,"key":"FearPotion"}],"is_trial":false,"path_per_floor":["M","$","?","M","M","R","E","M","T","R","E","R","E","?","R","B",null,"M","$","M","?","M","R","M","?","T","M","M","$","?","M","R","B"],"character_chosen":"IRONCLAD","items_purchased":["Pantograph"],"campfire_rested":3,"item_purchase_floors":[29],"current_hp_per_floor":[80,80,80,80,80,80,58,40,40,40,24,48,32,32,56,7,80,80,80,69,45,28,52,47,73,73,74,59,59,59,59,59,0],"gold":72,"neow_bonus":"THREE_ENEMY_KILL","is_prod":false,"is_daily":false,"chose_seed":false,"campfire_upgraded":3,"win_rate":0,"timestamp":1550272061,"path_taken":["M","?","?","M","M","R","E","?","T","R","E","R","E","?","R","BOSS","M","$","M","?","M","R","M","?","T","M","M","$","?","M","R","BOSS"],"build_version":"2019-02-06","purchased_purges":2,"victory":false,"max_hp_per_floor":[80,80,80,80,80,80,80,80,80,80,80,80,80,80,80,80,80,80,80,80,80,80,80,80,80,80,80,80,80,80,80,80,80],"card_choices":[{"not_picked":["Armaments","Havoc"],"picked":"Clash","floor":1.0},{"not_picked":["Rage","Anger"],"picked":"Whirlwind","floor":4.0},{"not_picked":["Cleave","Combust","Battle Trance"],"picked":"SKIP","floor":5.0},{"not_picked":["Havoc","True Grit","Heavy Blade"],"picked":"SKIP","floor":7.0},{"not_picked":["Cleave","Clothesline","Entrench"],"picked":"SKIP","floor":8.0},{"not_picked":["Sentinel","Carnage","Evolve"],"picked":"SKIP","floor":11.0},{"not_picked":["True Grit","Combust","Reckless Charge","Brutality"],"picked":"SKIP","floor":13.0},{"not_picked":["Rage","Wild Strike","Warcry"],"picked":"Pommel Strike","floor":15.0},{"not_picked":["Brutality","Juggernaut","Demon Form"],"picked":"Bludgeon","floor":16.0},{"not_picked":["Cleave","Sword Boomerang","Twin Strike+1","Fire Breathing"],"picked":"SKIP","floor":18.0},{"not_picked":["True Grit","Sword Boomerang","Hemokinesis","Corruption+1"],"picked":"SKIP","floor":20.0},{"not_picked":["Clothesline","Headbutt","Flex","Heavy Blade"],"picked":"SKIP","floor":22.0},{"not_picked":["Havoc","Pummel","Twin Strike"],"picked":"Shrug It Off+1","floor":24.0},{"not_picked":["Cleave","Rupture","Shrug It Off+1","Thunderclap"],"picked":"SKIP","floor":27.0},{"not_picked":["Infernal Blade+1","Twin Strike","Havoc+1","Fire Breathing"],"picked":"SKIP","floor":28.0},{"not_picked":["Perfected Strike+1","Armaments","Bludgeon"],"picked":"Shrug It Off","floor":31.0}],"player_experience":1148489,"relics_obtained":[{"floor":7.0,"key":"Dream Catcher"},{"floor":9.0,"key":"Bronze Scales"},{"floor":11.0,"key":"Question Card"},{"floor":13.0,"key":"Ancient Tea Set"},{"floor":26.0,"key":"Omamori"}],"event_choices":[{"damage_healed":0.0,"max_hp_gain":0.0,"max_hp_loss":0.0,"gold_gain":0.0,"event_name":"Lab","player_choice":"Got Potions","floor":3.0,"gold_loss":0.0,"damage_taken":0.0},{"cards_removed":["Clash"],"damage_healed":0.0,"max_hp_gain":0.0,"max_hp_loss":0.0,"gold_gain":0.0,"event_name":"WeMeetAgain","player_choice":"Gave Card","floor":14.0,"gold_loss":0.0,"damage_taken":0.0,"relics_obtained":["Lantern"]},{"damage_healed":0.0,"max_hp_gain":0.0,"max_hp_loss":0.0,"gold_gain":0.0,"event_name":"Colosseum","player_choice":"Fight","floor":21.0,"gold_loss":0.0,"damage_taken":0.0},{"damage_healed":0.0,"max_hp_gain":0.0,"max_hp_loss":0.0,"gold_gain":0.0,"event_name":"Colosseum","player_choice":"Fled From Nobs","floor":21.0,"gold_loss":0.0,"damage_taken":0.0},{"damage_healed":26.0,"max_hp_gain":0.0,"max_hp_loss":0.0,"gold_gain":0.0,"event_name":"The Library","player_choice":"Heal","floor":25.0,"gold_loss":0.0,"damage_taken":0.0},{"damage_healed":0.0,"max_hp_gain":0.0,"max_hp_loss":0.0,"gold_gain":0.0,"event_name":"Addict","player_choice":"Stole Relic","floor":30.0,"gold_loss":0.0,"damage_taken":0.0,"relics_obtained":["Kunai"],"cards_obtained":["Shame"]}],"is_beta":true,"boss_relics":[{"not_picked":["Ectoplasm","Astrolabe"],"picked":"Velvet Choker"}],"items_purged_floors":[19,29],"is_endless":false,"potions_floor_spawned":[5,11,21,24,27,31],"killed_by":"Automaton","ascension_level":0}