{"gold_per_floor":[214,1,101,120,135,135,152,165,165,179,179,179,179,219,219,219],"floor_reached":16,"playtime":593,"items_purged":[],"score":204,"play_id":"b526c1ba-8529-4d11-a976-d0216ebd7277","local_time":"20190127233853","is_ascension_mode":true,"campfire_choices":[{"data":"All Out Attack","floor":6,"key":"SMITH"},{"data":"Neutralize","floor":11,"key":"SMITH"},{"data":"Dash","floor":13,"key":"SMITH"},{"floor":15,"key":"REST"}],"neow_cost":"NONE","seed_source_timestamp":730852800657400,"circlet_count":0,"master_deck":["AscendersBane","Defend_G","Defend_G","Defend_G","Defend_G","Defend_G","Strike_G+1","Strike_G+1","Strike_G","Strike_G","Strike_G","Survivor","Neutralize+1","All Out Attack+1","Backflip","Dash+1","Leg Sweep"],"relics":["Ring of the Snake","Membership Card","Letter Opener","Golden Idol","Whetstone"],"potions_floor_usage":[14,16],"damage_taken":[{"damage":10,"enemies":"Small Slimes","floor":1,"turns":4},{"damage":6,"enemies":"Cultist","floor":4,"turns":3},{"damage":0,"enemies":"2 Louse","floor":5,"turns":3},{"damage":0,"enemies":"2 Fungi Beasts","floor":7,"turns":2},{"damage":6,"enemies":"Large Slime","floor":8,"turns":6},{"damage":0,"enemies":"Red Slaver","floor":10,"turns":4},{"damage":28,"enemies":"Lagavulin","floor":14,"turns":8},{"damage":38,"enemies":"Slime Boss","floor":16,"turns":7}],"seed_played":"-860924229093950207","potions_obtained":[{"floor":1,"key":"Dexterity Potion"},{"floor":5,"key":"SpeedPotion"},{"floor":7,"key":"Fire Potion"}],"is_trial":false,"path_per_floor":["M","$","?","M","M","R","M","M","T","M","R","?","R","E","R","B"],"character_chosen":"THE_SILENT","items_purchased":["Membership Card"],"campfire_rested":1,"item_purchase_floors":[2],"current_hp_per_floor":[49,49,49,43,43,43,43,37,37,37,37,37,37,9,27,0],"gold":219,"neow_bonus":"HUNDRED_GOLD","is_prod":false,"is_daily":false,"chose_seed":false,"campfire_upgraded":3,"win_rate":0,"timestamp":1548628733,"path_taken":["M","$","?","M","?","R","M","M","T","M","R","?","R","E","R","BOSS"],"build_version":"2019-01-23","purchased_purges":0,"victory":false,"max_hp_per_floor":[66,66,66,66,66,66,66,66,66,66,66,60,60,60,60,60],"card_choices":[{"not_picked":["Acrobatics","Distraction"],"picked":"All Out Attack","floor":1},{"not_picked":["Deflect","Quick Slash"],"picked":"Backflip","floor":4},{"not_picked":["Acrobatics","Deflect"],"picked":"Dash","floor":5},{"not_picked":["Tactician","Flechettes","Sucker Punch"],"picked":"SKIP","floor":7},{"not_picked":["Caltrops","Tactician","Blade Dance"],"picked":"SKIP","floor":8},{"not_picked":["PiercingWail","Bouncing Flask"],"picked":"Leg Sweep","floor":10},{"not_picked":["Endless Agony","Flechettes","Masterful Stab"],"picked":"SKIP","floor":14}],"player_experience":1093287,"relics_obtained":[{"floor":9,"key":"Letter Opener"},{"floor":14,"key":"Whetstone"}],"event_choices":[{"damage_healed":0,"gold_gain":100,"player_choice":"Gold","damage_taken":0,"max_hp_gain":0,"max_hp_loss":0,"event_name":"Wheel of Change","floor":3,"gold_loss":0},{"damage_healed":0,"gold_gain":0,"player_choice":"Lose Max HP","damage_taken":0,"relics_obtained":["Golden Idol"],"max_hp_gain":0,"max_hp_loss":6,"event_name":"Golden Idol","floor":12,"gold_loss":0}],"is_beta":true,"boss_relics":[],"items_purged_floors":[],"is_endless":false,"potions_floor_spawned":[1,5,7,8],"killed_by":"Slime Boss","ascension_level":20}