{"gold_per_floor":[114,114,114,141,153,195,227,239,300,312,324,370,392,417,429,516,528,491,69,69,69,84,84,104,104],"floor_reached":25,"playtime":767,"items_purged":[],"score":472,"play_id":"ecf04cb3-b1dd-4a09-9b1b-5532b36276ec","local_time":"20190324230440","is_ascension_mode":true,"campfire_choices":[{"data":"Bash","floor":10,"key":"SMITH"},{"floor":15,"key":"REST"},{"floor":23,"key":"REST"}],"neow_cost":"NONE","seed_source_timestamp":341006028978100,"circlet_count":0,"master_deck":["AscendersBane","Strike_R","Strike_R","Strike_R","Strike_R+1","Strike_R+1","Defend_R+1","Defend_R+1","Defend_R","Bash+1","Sword Boomerang","Sword Boomerang","Shrug It Off","Reaper","Limit Break","Flame Barrier","Writhe"],"relics":["Burning Blood","NeowsBlessing","MawBank","Lantern","War Paint","Snecko Eye","Whetstone","Self Forming Clay","Oddly Smooth Stone"],"potions_floor_usage":[12,16,25,25],"damage_taken":[{"damage":0,"enemies":"Jaw Worm","floor":1,"turns":1},{"damage":0,"enemies":"Small Slimes","floor":4,"turns":1},{"damage":0,"enemies":"Gremlin Nob","floor":6,"turns":1},{"damage":9,"enemies":"2 Louse","floor":7,"turns":2},{"damage":25,"enemies":"3 Sentries","floor":12,"turns":8},{"damage":25,"enemies":"Exordium Thugs","floor":13,"turns":5},{"damage":8,"enemies":"Blue Slaver","floor":14,"turns":4},{"damage":50,"enemies":"The Guardian","floor":16,"turns":14},{"damage":33,"enemies":"2 Thieves","floor":18,"turns":5},{"damage":21,"enemies":"Chosen","floor":22,"turns":7},{"damage":9,"enemies":"Centurion and Healer","floor":24,"turns":12},{"damage":43,"enemies":"Gremlin Leader","floor":25,"turns":4}],"seed_played":"-4627616869197178202","potions_obtained":[{"floor":4,"key":"SteroidPotion"},{"floor":6,"key":"BloodPotion"},{"floor":7,"key":"Poison Potion"},{"floor":18,"key":"Energy Potion"},{"floor":22,"key":"LiquidBronze"}],"is_trial":false,"path_per_floor":["M","?","?","M","$","E","M","$","T","R","?","E","M","M","R","B",null,"M","$","?","?","M","R","M","E"],"character_chosen":"IRONCLAD","items_purchased":["Whetstone","Self Forming Clay"],"campfire_rested":2,"item_purchase_floors":[19,19],"current_hp_per_floor":[74,67,56,62,62,68,65,65,65,65,70,51,32,36,60,22,66,49,49,26,26,15,40,47,4],"gold":104,"neow_bonus":"THREE_ENEMY_KILL","is_prod":false,"is_daily":false,"chose_seed":false,"campfire_upgraded":1,"win_rate":0,"timestamp":1553465080,"path_taken":["M","?","?","M","$","E","M","$","T","R","?","E","M","M","R","BOSS","M","$","?","?","M","R","M","E"],"build_version":"2019-03-15","purchased_purges":0,"victory":false,"max_hp_per_floor":[75,75,75,75,75,75,75,75,75,75,80,80,80,80,80,80,80,80,80,85,85,85,85,85,85],"card_choices":[{"not_picked":["Hemokinesis","Flex"],"picked":"Sword Boomerang","floor":1},{"not_picked":["Armaments","Clothesline"],"picked":"Sword Boomerang","floor":4},{"not_picked":["Headbutt","Thunderclap","Entrench"],"picked":"SKIP","floor":6},{"not_picked":["Twin Strike","Anger"],"picked":"Shrug It Off","floor":7},{"not_picked":["Seeing Red","Clothesline","Anger"],"picked":"SKIP","floor":12},{"not_picked":["Rupture","Cleave"],"picked":"Reaper","floor":13},{"not_picked":["Rampage","Feel No Pain","Uppercut"],"picked":"SKIP","floor":14},{"not_picked":["Offering","Brutality"],"picked":"Limit Break","floor":16},{"not_picked":["Twin Strike+1","Spot Weakness"],"picked":"Flame Barrier","floor":18},{"not_picked":["Spot Weakness","Thunderclap","Perfected Strike"],"picked":"SKIP","floor":22},{"not_picked":["Shrug It Off","Bloodletting+1","Pommel Strike"],"picked":"SKIP","floor":24}],"player_experience":1276092,"relics_obtained":[{"floor":6,"key":"Lantern"},{"floor":12,"key":"War Paint"}],"event_choices":[{"cards_removed":["Defend_R"],"damage_healed":0,"gold_gain":0,"player_choice":"Card Removal","damage_taken":7,"max_hp_gain":0,"max_hp_loss":0,"event_name":"Golden Wing","floor":2,"gold_loss":0},{"damage_healed":0,"gold_gain":0,"player_choice":"Success","damage_taken":11,"relics_obtained":["MawBank"],"max_hp_gain":0,"max_hp_loss":0,"event_name":"Scrap Ooze","floor":3,"gold_loss":0},{"damage_healed":0,"gold_gain":0,"player_choice":"Donut","damage_taken":0,"max_hp_gain":5,"max_hp_loss":0,"event_name":"Big Fish","floor":11,"gold_loss":0},{"damage_healed":0,"gold_gain":0,"player_choice":"Shed Blood","damage_taken":28,"max_hp_gain":5,"max_hp_loss":0,"event_name":"Forgotten Altar","floor":20,"gold_loss":0},{"damage_healed":0,"gold_gain":0,"player_choice":"Opened","damage_taken":0,"relics_obtained":["Oddly Smooth Stone"],"max_hp_gain":0,"max_hp_loss":0,"event_name":"The Mausoleum","floor":21,"gold_loss":0,"cards_obtained":["Writhe"]}],"is_beta":true,"boss_relics":[{"not_picked":["Velvet Choker","Mark of Pain"],"picked":"Snecko Eye"}],"items_purged_floors":[],"is_endless":false,"potions_floor_spawned":[4,6,7,18,22],"killed_by":"Gremlin Leader","ascension_level":20}