{"gold_per_floor":[111,128,93,103,103,103,128,142,142,142,167,167,2,2,2,102,102,115,133,313,313,331,362,380,380,433,451,471,36,36,48,48,153,153,169,0,20,20,32,32,64,36,36,36,36,53,70,82,82,82],"floor_reached":51,"playtime":2031,"items_purged":["Strike_G","Strike_G"],"score":936,"play_id":"747089c5-1c29-4f7f-ba6b-e76d45656f2c","local_time":"20180811122651","is_ascension_mode":true,"campfire_choices":[{"data":"Neutralize","floor":6,"key":"SMITH"},{"data":"Blade Dance","floor":10,"key":"SMITH"},{"data":"Cloak And Dagger","floor":12,"key":"SMITH"},{"data":"Accuracy","floor":15,"key":"SMITH"},{"floor":25,"key":"REST"},{"data":"Blade Dance","floor":30,"key":"SMITH"},{"data":"Footwork","floor":32,"key":"SMITH"},{"data":"Cloak And Dagger","floor":40,"key":"SMITH"},{"data":"Blur","floor":44,"key":"SMITH"},{"floor":49,"key":"REST"}],"neow_cost":"PERCENT_DAMAGE","seed_source_timestamp":729521395040400,"circlet_count":0,"master_deck":["Defend_G","Defend_G","Defend_G","Defend_G","Defend_G","Strike_G","Strike_G","Survivor","Neutralize+1","Dash","Infinite Blades","Blade Dance+1","Cloak And Dagger+1","Accuracy+1","Blade Dance+1","Die Die Die+1","Backflip+1","Blur+1","Cloak And Dagger","Deflect","Backflip","Backflip+1","Footwork+1","Storm of Steel","Flash of Steel+1","Cloak And Dagger+1","Blur+1","Writhe","Envenom"],"relics":["Ring of the Snake","Bird Faced Urn","Molten Egg 2","Darkstone Periapt","The Courier","WristBlade","Dream Catcher","Vajra","Ornamental Fan","Oddly Smooth Stone","HoveringKite","Red Mask","Happy Flower","Dodecahedron"],"potions_floor_usage":[7,18,18,23,33,41,50,50],"damage_taken":[{"damage":1,"enemies":"2 Louse","floor":1,"turns":4},{"damage":5,"enemies":"Small Slimes","floor":2,"turns":3},{"damage":0,"enemies":"Cultist","floor":4,"turns":4},{"damage":4,"enemies":"Gremlin Nob","floor":7,"turns":5},{"damage":0,"enemies":"3 Louse","floor":8,"turns":3},{"damage":27,"enemies":"Lagavulin","floor":11,"turns":7},{"damage":0,"enemies":"Slime Boss","floor":16,"turns":7},{"damage":0,"enemies":"2 Thieves","floor":18,"turns":3},{"damage":4,"enemies":"Shell Parasite","floor":19,"turns":3},{"damage":0,"enemies":"Sentry and Sphere","floor":22,"turns":3},{"damage":21,"enemies":"Book of Stabbing","floor":23,"turns":5},{"damage":17,"enemies":"Snake Plant","floor":24,"turns":4},{"damage":12,"enemies":"Centurion and Healer","floor":27,"turns":8},{"damage":0,"enemies":"3 Cultists","floor":28,"turns":4},{"damage":1,"enemies":"Snecko","floor":31,"turns":4},{"damage":12,"enemies":"Champ","floor":33,"turns":11},{"damage":1,"enemies":"3 Darklings","floor":35,"turns":4},{"damage":0,"enemies":"3 Shapes","floor":37,"turns":3},{"damage":20,"enemies":"Snecko and Mystics","floor":39,"turns":8},{"damage":12,"enemies":"2 Orb Walkers","floor":41,"turns":5},{"damage":15,"enemies":"Maw","floor":46,"turns":8},{"damage":20,"enemies":"Sphere and 2 Shapes","floor":47,"turns":4},{"damage":23,"enemies":"4 Shapes","floor":48,"turns":4},{"damage":27,"enemies":"Awakened One","floor":50,"turns":14}],"seed_played":"6241334911929694429","potions_obtained":[{"floor":2,"key":"Dexterity Potion"},{"floor":8,"key":"Block Potion"},{"floor":16,"key":"Fire Potion"},{"floor":19,"key":"Dexterity Potion"},{"floor":22,"key":"Ancient Potion"},{"floor":24,"key":"Ancient Potion"},{"floor":35,"key":"PowerPotion"},{"floor":46,"key":"SpeedPotion"},{"floor":48,"key":"Block Potion"}],"is_trial":false,"path_per_floor":["M","M","?","M","?","R","E","M","T","R","E","R","$","?","R","B",null,"M","M","?","?","M","E","M","R","T","M","M","$","R","M","R","B",null,"M","?","M","?","M","R","E","$","T","R","?","M","M","M","R","B"],"character_chosen":"THE_SILENT","items_purchased":["Accuracy","Blade Dance","Ornamental Fan","Oddly Smooth Stone","Blur"],"campfire_rested":2,"item_purchase_floors":[13,13,29,29,42],"current_hp_per_floor":[48,43,60,62,55,55,53,53,53,53,28,28,28,51,51,55,66,70,66,45,45,49,32,17,38,38,30,32,32,32,33,33,27,59,64,64,68,68,50,50,44,44,44,44,68,59,45,26,48,29],"gold":82,"neow_bonus":"ONE_RARE_RELIC","is_prod":false,"is_daily":false,"chose_seed":false,"campfire_upgraded":8,"win_rate":0,"timestamp":1534015611,"path_taken":["M","M","?","?","?","R","E","M","T","R","E","R","$","?","R","BOSS","M","?","?","?","M","E","M","R","T","?","M","$","R","M","R","BOSS","M","?","M","?","M","R","E","?","T","R","?","?","M","M","R","BOSS"],"build_version":"2018-08-08","purchased_purges":2,"victory":true,"max_hp_per_floor":[70,70,70,70,70,70,70,70,70,70,70,70,70,70,70,70,70,70,70,70,70,70,70,70,70,70,70,70,70,70,70,70,70,70,70,70,70,70,70,70,70,70,70,70,76,76,76,76,76,76],"card_choices":[{"not_picked":["Outmaneuver","Caltrops"],"picked":"Dash","floor":1},{"not_picked":["Slice","Sucker Punch"],"picked":"Infinite Blades","floor":2},{"not_picked":["Escape Plan","Infinite Blades"],"picked":"Blade Dance","floor":4},{"not_picked":["Catalyst","Deadly Poison","Bouncing Flask"],"picked":"SKIP","floor":7},{"not_picked":["Backflip","Poisoned Stab+1"],"picked":"Cloak And Dagger","floor":8},{"not_picked":["Bane+1","PiercingWail","Dodge and Roll"],"picked":"SKIP","floor":11},{"not_picked":["Doppelganger","Corpse Explosion"],"picked":"Die Die Die+1","floor":16},{"not_picked":["PiercingWail+1","Blur+1"],"picked":"Backflip+1","floor":18},{"not_picked":["Distraction","Catalyst"],"picked":"Blur+1","floor":19},{"not_picked":["Quick Slash+1","Deadly Poison"],"picked":"Cloak And Dagger","floor":22},{"not_picked":["Predator+1","Flying Knee+1"],"picked":"Deflect","floor":23},{"not_picked":["Caltrops","Dodge and Roll"],"picked":"Backflip","floor":24},{"not_picked":["Prepared","Envenom","Dodge and Roll+1"],"picked":"SKIP","floor":27},{"not_picked":["Underhanded Strike+1","Calculated Gamble"],"picked":"Backflip+1","floor":28},{"not_picked":["Poisoned Stab+1","Prepared+1"],"picked":"Footwork","floor":31},{"not_picked":["Grand Finale+1","Die Die Die+1"],"picked":"Storm of Steel","floor":33},{"not_picked":["Quick Slash+1","Acrobatics+1","Poisoned Stab+1"],"picked":"SKIP","floor":35},{"not_picked":["Blade Dance","Eviscerate+1","Dagger Throw+1"],"picked":"SKIP","floor":37},{"not_picked":["Madness","Violence"],"picked":"Flash of Steel+1","floor":38},{"not_picked":["Leg Sweep+1","Flying Knee+1"],"picked":"Cloak And Dagger","floor":39},{"not_picked":["Dagger Throw+1","Reflex","All Out Attack+1"],"picked":"SKIP","floor":41},{"not_picked":["Sucker Punch+1","Quick Slash+1","Deflect"],"picked":"SKIP","floor":46},{"not_picked":["Sucker Punch+1","Tactician","Catalyst"],"picked":"SKIP","floor":47},{"not_picked":["Slice+1","Heel Hook+1","Bane+1"],"picked":"SKIP","floor":48},{"not_picked":["Catalyst+1","Blade Dance+1"],"picked":"Envenom","floor":49}],"player_experience":222676,"relics_obtained":[{"floor":7,"key":"Molten Egg 2"},{"floor":9,"key":"Darkstone Periapt"},{"floor":11,"key":"The Courier"},{"floor":23,"key":"Dream Catcher"},{"floor":26,"key":"Vajra"},{"floor":41,"key":"Happy Flower"},{"floor":43,"key":"Dodecahedron"}],"event_choices":[{"event_name":"The Cleric","player_choice":"Healed","floor":3,"damage_taken":0},{"event_name":"Golden Wing","player_choice":"Card Removal","floor":5,"damage_taken":0},{"event_name":"Big Fish","player_choice":"Banana","floor":14,"damage_taken":0},{"event_name":"Knowing Skull","player_choice":"GOLD GOLD ","floor":20,"damage_taken":0},{"event_name":"Drug Dealer","player_choice":"Ignored","floor":21,"damage_taken":0},{"event_name":"Tomb of Lord Red Mask","player_choice":"Paid","floor":36,"damage_taken":0},{"event_name":"SensoryStone","player_choice":"Memory 1","floor":38,"damage_taken":0},{"event_name":"Winding Halls","player_choice":"Writhe","floor":45,"damage_taken":0}],"is_beta":true,"boss_relics":[{"not_picked":["Sozu","Busted Crown"],"picked":"WristBlade"},{"not_picked":["Fusion Hammer","Lizard Tail"],"picked":"HoveringKite"}],"items_purged_floors":[13,29],"is_endless":false,"potions_floor_spawned":[2,8,16,19,22,24,35,46,48],"ascension_level":5}