{"gold_per_floor":[19,94,105,121,121,133,152,152,152,162,50,67,67,83,83,159,159,176,176,176,148,148,148,73,87,113,113,124,124,135,148,148,148],"floor_reached":33,"playtime":1762,"items_purged":["Pain"],"score":486,"play_id":"c1c51eb5-7a4d-41fa-a833-2ba39a4ba2a8","local_time":"20190120222742","is_ascension_mode":true,"campfire_choices":[{"data":"Neutralize","floor":8,"key":"SMITH"},{"data":"Footwork","floor":13,"key":"SMITH"},{"floor":15,"key":"REST"},{"floor":23,"key":"REST"},{"floor":29,"key":"REST"},{"floor":32,"key":"REST"}],"neow_cost":"NO_GOLD","seed_source_timestamp":120579815118800,"circlet_count":0,"master_deck":["AscendersBane","Defend_G+1","Defend_G+1","Strike_G","Strike_G","Strike_G","Survivor","Neutralize+1","Dodge and Roll","Well Laid Plans","Flying Knee","Escape Plan","Footwork+1","Tools of the Trade","Leg Sweep","Backflip","Die Die Die","Necronomicurse","Writhe","Riddle With Holes"],"relics":["Ring of the Snake","WarpedTongs","War Paint","Empty Cage","Necronomicon","Vajra","Lantern"],"potions_floor_usage":[10,14,16,28,28],"damage_taken":[{"damage":3,"enemies":"2 Louse","floor":1,"turns":4},{"damage":11,"enemies":"Cultist","floor":3,"turns":5},{"damage":1,"enemies":"Small Slimes","floor":4,"turns":4},{"damage":5,"enemies":"2 Fungi Beasts","floor":6,"turns":7},{"damage":3,"enemies":"Red Slaver","floor":7,"turns":5},{"damage":4,"enemies":"3 Louse","floor":10,"turns":7},{"damage":0,"enemies":"Large Slime","floor":12,"turns":7},{"damage":0,"enemies":"Exordium Thugs","floor":14,"turns":5},{"damage":18,"enemies":"Hexaghost","floor":16,"turns":13},{"damage":0,"enemies":"Shell Parasite","floor":18,"turns":10},{"damage":14,"enemies":"2 Thieves","floor":21,"turns":4},{"damage":21,"enemies":"3 Cultists","floor":25,"turns":7},{"damage":10,"enemies":"Chosen and Byrds","floor":28,"turns":9},{"damage":2,"enemies":"Snecko","floor":30,"turns":6},{"damage":3,"enemies":"Cultist and Chosen","floor":31,"turns":8},{"damage":51,"enemies":"Champ","floor":33,"turns":17}],"seed_played":"-3059711578727641171","potions_obtained":[{"floor":1,"key":"Ancient Potion"},{"floor":7,"key":"SpeedPotion"},{"floor":10,"key":"AttackPotion"},{"floor":14,"key":"Strength Potion"},{"floor":21,"key":"GhostInAJar"},{"floor":25,"key":"Explosive Potion"},{"floor":30,"key":"Swift Potion"}],"is_trial":false,"path_per_floor":["M","?","M","M","?","M","M","R","T","M","$","M","R","M","R","B",null,"M","?","?","M","?","R","?","M","T","?","M","R","M","M","R","B"],"character_chosen":"THE_SILENT","items_purchased":["Leg Sweep"],"campfire_rested":4,"item_purchase_floors":[11],"current_hp_per_floor":[56,45,34,33,33,28,25,25,25,21,21,21,21,21,40,22,55,55,34,34,20,20,39,39,18,18,18,8,27,25,22,41,0],"gold":148,"neow_bonus":"REMOVE_TWO","is_prod":false,"is_daily":false,"chose_seed":false,"campfire_upgraded":2,"win_rate":0,"timestamp":1548019662,"path_taken":["M","?","M","M","?","M","M","R","T","?","?","?","R","M","R","BOSS","M","?","?","?","?","R","?","M","T","?","M","R","?","M","R","BOSS"],"build_version":"2019-01-19","purchased_purges":1,"victory":false,"max_hp_per_floor":[66,66,66,66,66,66,66,66,66,66,66,66,66,66,66,66,66,66,66,66,66,66,66,66,66,66,66,66,66,66,66,66,66],"card_choices":[{"not_picked":["Calculated Gamble","Heel Hook"],"picked":"Dodge and Roll","floor":1},{"not_picked":["Acrobatics","Skewer"],"picked":"Well Laid Plans","floor":3},{"not_picked":["Footwork","Slice"],"picked":"Flying Knee","floor":4},{"not_picked":["PiercingWail","Tactician"],"picked":"Escape Plan","floor":6},{"not_picked":["Predator","Quick Slash"],"picked":"Footwork","floor":7},{"not_picked":["Cloak And Dagger","Infinite Blades"],"picked":"Tools of the Trade","floor":10},{"not_picked":["Bouncing Flask","Acrobatics","Blade Dance"],"picked":"SKIP","floor":12},{"not_picked":["Acrobatics","Expertise"],"picked":"Backflip","floor":14},{"not_picked":["Venomology","Envenom"],"picked":"Die Die Die","floor":16},{"not_picked":["Underhanded Strike","Flying Knee","Bane"],"picked":"SKIP","floor":18},{"not_picked":["Dagger Throw","Cloak And Dagger","PiercingWail"],"picked":"SKIP","floor":21},{"not_picked":["Poisoned Stab","Flying Knee","Caltrops"],"picked":"SKIP","floor":25},{"not_picked":["Quick Slash","Skewer"],"picked":"Riddle With Holes","floor":28},{"not_picked":["Caltrops","Setup","Blade Dance+1"],"picked":"SKIP","floor":30},{"not_picked":["PiercingWail","Skewer","Masterful Stab+1"],"picked":"SKIP","floor":31}],"player_experience":1061574,"relics_obtained":[{"floor":9,"key":"War Paint"},{"floor":19,"key":"Necronomicon"},{"floor":26,"key":"Vajra"}],"event_choices":[{"damage_healed":0,"gold_gain":75,"player_choice":"Gather Gold","damage_taken":11,"max_hp_gain":0,"max_hp_loss":0,"event_name":"World of Goop","floor":2,"gold_loss":0},{"damage_healed":0,"gold_gain":0,"player_choice":"Rummage","damage_taken":0,"relics_obtained":["WarpedTongs"],"max_hp_gain":0,"max_hp_loss":0,"event_name":"Accursed Blacksmith","floor":5,"gold_loss":0,"cards_obtained":["Pain"]},{"damage_healed":0,"gold_gain":0,"player_choice":"Obtained Book","damage_taken":21,"max_hp_gain":0,"max_hp_loss":0,"event_name":"Cursed Tome","floor":19,"gold_loss":0},{"damage_healed":0,"gold_gain":0,"player_choice":"0 cards matched","damage_taken":0,"max_hp_gain":0,"max_hp_loss":0,"event_name":"Match and Keep!","floor":20,"gold_loss":0,"cards_obtained":[]},{"damage_healed":0,"gold_gain":0,"player_choice":"Ignored","damage_taken":0,"max_hp_gain":0,"max_hp_loss":0,"event_name":"Vampires","floor":22,"gold_loss":0},{"cards_removed":["Defend_G"],"damage_healed":0,"gold_gain":0,"player_choice":"Gave Gold","damage_taken":0,"max_hp_gain":0,"max_hp_loss":0,"event_name":"Beggar","floor":24,"gold_loss":75},{"damage_healed":0,"gold_gain":0,"player_choice":"Opened","damage_taken":0,"relics_obtained":["Lantern"],"max_hp_gain":0,"max_hp_loss":0,"event_name":"The Mausoleum","floor":27,"gold_loss":0,"cards_obtained":["Writhe"]}],"is_beta":true,"boss_relics":[{"not_picked":["Orrery","Black Star"],"picked":"Empty Cage"}],"items_purged_floors":[11],"is_endless":false,"potions_floor_spawned":[1,7,10,14,21,25,30],"killed_by":"Champ","ascension_level":20}