{"gold_per_floor":[112,127,92,112,187,187,142,142,142,160,160,177,193,219,219,294,294,309,309,325,325,325],"floor_reached":22,"playtime":675,"items_purged":[],"score":372,"play_id":"b1df4199-62ed-4948-98ba-95471522655c","local_time":"20190113235630","is_ascension_mode":true,"campfire_choices":[{"data":"Neutralize","floor":6,"key":"SMITH"},{"data":"Noxious Fumes","floor":8,"key":"SMITH"},{"floor":15,"key":"REST"}],"neow_cost":"NONE","seed_source_timestamp":359585179231100,"circlet_count":0,"master_deck":["AscendersBane","Defend_G","Defend_G","Defend_G","Defend_G","Defend_G","Strike_G","Strike_G","Strike_G","Strike_G","Strike_G","Survivor","Neutralize+1","Blade Dance","Backstab","Noxious Fumes+1","Backstab","Terror","Dodge and Roll","Dagger Spray","Tools of the Trade"],"relics":["Ring of the Snake","Vajra","Gremlin Horn","Mummified Hand","Fusion Hammer","MutagenicStrength"],"potions_floor_usage":[14,16,22],"damage_taken":[{"damage":5,"enemies":"Jaw Worm","floor":1,"turns":4},{"damage":5,"enemies":"Small Slimes","floor":2,"turns":5},{"damage":0,"enemies":"2 Louse","floor":4,"turns":2},{"damage":8,"enemies":"Blue Slaver","floor":10,"turns":4},{"damage":6,"enemies":"Looter","floor":12,"turns":3},{"damage":0,"enemies":"Gremlin Gang","floor":13,"turns":3},{"damage":28,"enemies":"Gremlin Nob","floor":14,"turns":4},{"damage":10,"enemies":"The Guardian","floor":16,"turns":12},{"damage":12,"enemies":"Chosen","floor":18,"turns":5},{"damage":21,"enemies":"Spheric Guardian","floor":20,"turns":5},{"damage":31,"enemies":"Masked Bandits","floor":22,"turns":3}],"seed_played":"5611906252971172701","potions_obtained":[{"floor":1,"key":"Dexterity Potion"},{"floor":10,"key":"Weak Potion"},{"floor":14,"key":"EssenceOfSteel"},{"floor":16,"key":"Dexterity Potion"}],"is_trial":false,"path_per_floor":["M","M","?","M","?","R","$","R","T","M","?","M","M","E","R","B",null,"M","?","M","?","?"],"character_chosen":"THE_SILENT","items_purchased":["Noxious Fumes"],"campfire_rested":1,"item_purchase_floors":[7],"current_hp_per_floor":[54,49,65,65,54,54,54,54,54,46,46,40,40,12,31,21,55,43,43,22,22,0],"gold":325,"neow_bonus":"RANDOM_COMMON_RELIC","is_prod":false,"is_daily":false,"chose_seed":false,"campfire_upgraded":2,"win_rate":0,"timestamp":1547420190,"path_taken":["M","M","?","M","?","R","$","R","T","M","?","M","M","E","R","BOSS","M","?","M","?","?"],"build_version":"2019-01-10","purchased_purges":0,"victory":false,"max_hp_per_floor":[66,66,66,66,66,66,66,66,66,66,66,66,66,66,66,66,66,66,66,66,66,66],"card_choices":[{"not_picked":["Masterful Stab","Outmaneuver"],"picked":"Blade Dance","floor":1},{"not_picked":["Dodge and Roll","Poisoned Stab"],"picked":"Backstab","floor":2},{"not_picked":["Predator","Acrobatics","Prepared"],"picked":"SKIP","floor":4},{"not_picked":["Quick Slash","All Out Attack"],"picked":"Backstab","floor":10},{"not_picked":["Quick Slash","Calculated Gamble"],"picked":"Terror","floor":12},{"not_picked":["Calculated Gamble","Finisher"],"picked":"Dodge and Roll","floor":13},{"not_picked":["Predator","Accuracy"],"picked":"Dagger Spray","floor":14},{"not_picked":["Malaise","Glass Knife"],"picked":"Tools of the Trade","floor":16},{"not_picked":["Bane","Acrobatics","Outmaneuver"],"picked":"SKIP","floor":18},{"not_picked":["Finisher+1","Skewer","Quick Slash"],"picked":"SKIP","floor":20}],"player_experience":1035108,"relics_obtained":[{"floor":9,"key":"Gremlin Horn"},{"floor":14,"key":"Mummified Hand"}],"event_choices":[{"damage_healed":16,"gold_gain":0,"player_choice":"Healed","damage_taken":0,"max_hp_gain":0,"max_hp_loss":0,"event_name":"The Cleric","floor":3,"gold_loss":35},{"damage_healed":0,"gold_gain":75,"player_choice":"Gather Gold","damage_taken":11,"max_hp_gain":0,"max_hp_loss":0,"event_name":"World of Goop","floor":5,"gold_loss":0},{"damage_healed":0,"gold_gain":0,"player_choice":"Ignored","damage_taken":0,"max_hp_gain":0,"max_hp_loss":0,"event_name":"Liars Game","floor":11,"gold_loss":0},{"damage_healed":0,"gold_gain":0,"player_choice":"Ignored","damage_taken":0,"max_hp_gain":0,"max_hp_loss":0,"event_name":"Ghosts","floor":19,"gold_loss":0},{"damage_healed":0,"gold_gain":0,"player_choice":"Inject Mutagens","damage_taken":0,"relics_obtained":["MutagenicStrength"],"max_hp_gain":0,"max_hp_loss":0,"event_name":"Drug Dealer","floor":21,"gold_loss":0},{"damage_healed":0,"gold_gain":0,"player_choice":"Fought Bandits","damage_taken":0,"max_hp_gain":0,"max_hp_loss":0,"event_name":"Masked Bandits","floor":22,"gold_loss":0}],"is_beta":true,"boss_relics":[{"not_picked":["Velvet Choker","Black Star"],"picked":"Fusion Hammer"}],"items_purged_floors":[],"is_endless":false,"potions_floor_spawned":[1,10,12,14,16],"killed_by":"Masked Bandits","ascension_level":20}