{"gold_per_floor":[112,132,132,132,13,52,52,73,73,73,108,108,146,146,146,276,276,292,316,316,334,334,377,377,302,302,341,362,401,401,421,421,421],"floor_reached":33,"playtime":1063,"items_purged":["Strike_R"],"score":353,"play_id":"a51868a8-0cb3-483b-8b47-da090a02d2ba","local_time":"20180701214559","is_ascension_mode":true,"campfire_choices":[{"data":"Inflame","floor":7,"key":"SMITH"},{"data":"Pummel","floor":10,"key":"SMITH"},{"data":"Uppercut","floor":12,"key":"SMITH"},{"data":"Shrug It Off","floor":15,"key":"SMITH"},{"data":"Whirlwind","floor":24,"key":"SMITH"},{"data":"Fiend Fire","floor":32,"key":"SMITH"}],"neow_cost":"","seed_source_timestamp":164482402705400,"circlet_count":0,"master_deck":["Strike_R","Strike_R","Strike_R+1","Defend_R","Defend_R","Defend_R","Defend_R","Flex","Shrug It Off","Inflame+1","Shrug It Off+1","Pummel+1","Pommel Strike+1","Uppercut+1","Inflame+1","Fiend Fire+1","Whirlwind+1","Heavy Blade+1","Reaper","Writhe","Feed"],"relics":["Burning Blood","Golden Idol","Gambling Chip","Pear","Juzu Bracelet","Cursed Key","Nloth\u0027s Gift","Bronze Scales","Kunai","Bottled Lightning","Regal Pillow","Nilry\u0027s Codex"],"potions_floor_usage":[16,21,23,27,33,33],"damage_taken":[{"damage":5,"enemies":"Small Slimes","floor":1,"turns":4},{"damage":12,"enemies":"Jaw Worm","floor":2,"turns":2},{"damage":31,"enemies":"Lagavulin","floor":6,"turns":6},{"damage":0,"enemies":"Cultist","floor":8,"turns":2},{"damage":8,"enemies":"3 Sentries","floor":11,"turns":6},{"damage":8,"enemies":"Gremlin Nob","floor":13,"turns":3},{"damage":11,"enemies":"The Guardian","floor":16,"turns":8},{"damage":18,"enemies":"3 Byrds","floor":18,"turns":4},{"damage":22,"enemies":"2 Thieves","floor":19,"turns":3},{"damage":14,"enemies":"Chosen and Byrds","floor":21,"turns":4},{"damage":12,"enemies":"Book of Stabbing","floor":23,"turns":3},{"damage":19,"enemies":"Gremlin Leader","floor":27,"turns":4},{"damage":30,"enemies":"Slaver and Parasite","floor":28,"turns":4},{"damage":5,"enemies":"Book of Stabbing","floor":29,"turns":3},{"damage":6,"enemies":"3 Cultists","floor":31,"turns":4},{"damage":74,"enemies":"Champ","floor":33,"turns":6}],"seed_played":"5025634887032701538","potions_obtained":[{"floor":8,"key":"Energy Potion"},{"floor":11,"key":"SpeedPotion"},{"floor":19,"key":"Ancient Potion"},{"floor":21,"key":"AttackPotion"},{"floor":23,"key":"Regen Potion"},{"floor":29,"key":"Dexterity Potion"},{"floor":31,"key":"Ancient Potion"}],"is_trial":false,"path_per_floor":["M","M","?","?","$","E","R","M","T","R","E","R","E","?","R","B",null,"M","M","?","M","?","E","R","$","T","E","M","E","?","M","R"],"character_chosen":"IRONCLAD","items_purchased":["Inflame","Shrug It Off"],"campfire_rested":0,"item_purchase_floors":[5,5],"current_hp_per_floor":[80,74,67,47,47,22,22,28,38,38,36,36,34,34,34,29,90,78,62,62,54,54,63,63,63,63,74,50,51,35,40,40,0],"gold":421,"neow_bonus":"","is_prod":false,"is_daily":false,"chose_seed":false,"campfire_upgraded":6,"win_rate":0,"timestamp":1530506759,"path_taken":["M","M","?","?","?","E","R","M","T","R","E","R","E","?","R","BOSS","M","M","?","M","?","E","R","$","T","E","M","E","?","M","R","BOSS"],"build_version":"2018-06-29","purchased_purges":1,"victory":false,"max_hp_per_floor":[80,80,80,80,80,80,80,80,90,90,90,90,90,90,90,90,90,90,90,90,90,90,90,90,90,90,90,90,90,90,93,93,93],"card_choices":[{"not_picked":["Warcry","Clothesline"],"picked":"Flex","floor":1},{"not_picked":["True Grit","Wild Strike"],"picked":"Shrug It Off","floor":2},{"not_picked":["Iron Wave","Havoc"],"picked":"Pummel","floor":6},{"not_picked":["Sentinel","Wild Strike"],"picked":"Pommel Strike","floor":8},{"not_picked":["Wild Strike","Headbutt"],"picked":"Uppercut","floor":11},{"not_picked":["Thunderclap","Sword Boomerang"],"picked":"Inflame","floor":13},{"not_picked":["Brutality","Dark Embrace"],"picked":"Fiend Fire","floor":16},{"not_picked":["Flex+1","Body Slam+1"],"picked":"Whirlwind","floor":18},{"not_picked":["Headbutt","True Grit+1","Warcry"],"picked":"SKIP","floor":19},{"not_picked":["Clothesline","Dropkick"],"picked":"Heavy Blade+1","floor":21},{"not_picked":["Pommel Strike","Demon Form"],"picked":"Reaper","floor":23},{"not_picked":["Juggernaut","Rage+1"],"picked":"Feed","floor":27},{"not_picked":["Disarm","Thunderclap","Headbutt"],"picked":"SKIP","floor":28},{"not_picked":["Anger","Rampage","Sword Boomerang+1"],"picked":"SKIP","floor":29},{"not_picked":["Wild Strike","Twin Strike","Disarm"],"picked":"SKIP","floor":31}],"player_experience":163447,"relics_obtained":[{"floor":6,"key":"Gambling Chip"},{"floor":9,"key":"Pear"},{"floor":11,"key":"Whetstone"},{"floor":13,"key":"Juzu Bracelet"},{"floor":23,"key":"Bronze Scales"},{"floor":26,"key":"Kunai"},{"floor":27,"key":"Bottled Lightning"},{"floor":29,"key":"Regal Pillow"},{"floor":30,"key":"Nilry\u0027s Codex"}],"event_choices":[{"event_name":"Golden Wing","player_choice":"Card Removal","floor":3,"damage_taken":0},{"event_name":"Golden Idol","player_choice":"Take Damage","floor":4,"damage_taken":0},{"event_name":"Upgrade Shrine","player_choice":"Upgraded","floor":14,"damage_taken":0},{"event_name":"Bonfire Elementals","player_choice":"BASIC","floor":20,"damage_taken":0},{"event_name":"N\u0027loth","player_choice":"Traded a Whetstone","floor":22,"damage_taken":0},{"event_name":"Cursed Tome","player_choice":"Obtained Book","floor":30,"damage_taken":0}],"boss_relics":[{"not_picked":["Astrolabe","White Beast Statue"],"picked":"Cursed Key"}],"items_purged_floors":[25],"is_endless":false,"potions_floor_spawned":[8,11,19,21,23,29,31],"killed_by":"Champ","ascension_level":2}