{"gold_per_floor":[368,386,397,114,0,0,28,47,47,47,47,66,101,8,8,8],"floor_reached":16,"playtime":1375,"items_purged":["Strike_R","Strike_R"],"score":220,"play_id":"683cd39f-9e1a-4c80-8b67-d5d574647b11","local_time":"20190422234513","is_ascension_mode":true,"campfire_choices":[{"data":"True Grit","floor":6,"key":"SMITH"},{"floor":10,"key":"REST"},{"data":"Barricade","floor":15,"key":"SMITH"}],"neow_cost":"PERCENT_DAMAGE","seed_source_timestamp":359181043998745,"circlet_count":0,"master_deck":["AscendersBane","Strike_R","Strike_R","Strike_R","Defend_R","Defend_R","Defend_R","Defend_R","Bash","Flame Barrier","Shrug It Off","Headbutt","Barricade+1","True Grit+1","Feel No Pain","Shockwave","Corruption","Sentinel","Carnage","Dual Wield","Metallicize"],"relics":["Burning Blood","Pen Nib","Smiling Mask","Shuriken"],"potions_floor_usage":[7,13,16],"damage_taken":[{"damage":13,"enemies":"Cultist","floor":1,"turns":5},{"damage":7,"enemies":"Jaw Worm","floor":2,"turns":4},{"damage":1,"enemies":"2 Louse","floor":3,"turns":4},{"damage":44,"enemies":"Gremlin Nob","floor":7,"turns":5},{"damage":1,"enemies":"Blue Slaver","floor":8,"turns":5},{"damage":10,"enemies":"Red Slaver","floor":12,"turns":4},{"damage":13,"enemies":"3 Sentries","floor":13,"turns":12},{"damage":36,"enemies":"The Guardian","floor":16,"turns":2}],"seed_played":"4612662620280244734","potions_obtained":[{"floor":1,"key":"PowerPotion"},{"floor":3,"key":"SpeedPotion"},{"floor":7,"key":"LiquidBronze"},{"floor":8,"key":"SmokeBomb"},{"floor":11,"key":"AttackPotion"}],"is_trial":false,"path_per_floor":["M","M","M","$","$","R","E","M","T","R","?","M","E","$","R","B"],"character_chosen":"IRONCLAD","items_purchased":["Barricade","True Grit","Feel No Pain","Shockwave","Metallicize"],"campfire_rested":1,"item_purchase_floors":[4,4,5,5,14],"current_hp_per_floor":[43,42,47,47,47,47,9,14,14,36,36,32,25,25,25,0],"gold":8,"neow_bonus":"TWO_FIFTY_GOLD","is_prod":false,"is_daily":false,"chose_seed":false,"campfire_upgraded":2,"win_rate":0,"timestamp":1555998313,"path_taken":["M","M","M","?","$","R","E","?","T","R","?","M","E","$","R","BOSS"],"build_version":"2019-04-20","purchased_purges":2,"victory":false,"max_hp_per_floor":[75,75,75,75,75,75,75,75,75,75,75,75,75,75,75,75],"card_choices":[{"not_picked":["Carnage","Flex"],"picked":"Flame Barrier","floor":1},{"not_picked":["Iron Wave","Perfected Strike"],"picked":"Shrug It Off","floor":2},{"not_picked":["Twin Strike","Searing Blow"],"picked":"Headbutt","floor":3},{"not_picked":["Wild Strike","Anger"],"picked":"Corruption","floor":7},{"not_picked":["Dropkick","Hemokinesis"],"picked":"Sentinel","floor":8},{"not_picked":["True Grit","Warcry"],"picked":"Carnage","floor":12},{"not_picked":["Berserk","Rupture"],"picked":"Dual Wield","floor":13}],"player_experience":2964190,"relics_obtained":[{"floor":7,"key":"Pen Nib"},{"floor":9,"key":"Smiling Mask"},{"floor":13,"key":"Shuriken"}],"event_choices":[{"damage_healed":0,"gold_gain":0,"player_choice":"Got Potions","damage_taken":0,"max_hp_gain":0,"max_hp_loss":0,"event_name":"Lab","floor":11,"gold_loss":0}],"is_beta":true,"boss_relics":[],"items_purged_floors":[4,14],"is_endless":false,"potions_floor_spawned":[1,3,7,8],"killed_by":"The Guardian","ascension_level":20}