{"gold_per_floor":[115,134,151,151,170,196,207,207,260,289,301,331,343,385,397,512,524,547,574,586,618,630,676,688,700,700,714,746,760,760,774,774,871,871,884,538,586,599,652,678,678,678,678,678,697,711,711],"floor_reached":47,"playtime":1832,"items_purged":["Defend_R+1"],"score":542,"play_id":"638cbc6f-d3c7-4444-82cd-cf77b29194d3","local_time":"20190301005913","is_ascension_mode":false,"campfire_choices":[{"floor":8,"key":"REST"},{"data":"Bash","floor":11,"key":"SMITH"},{"floor":15,"key":"REST"},{"data":"Pummel","floor":24,"key":"SMITH"},{"data":"Heavy Blade","floor":30,"key":"SMITH"},{"data":"Immolate","floor":32,"key":"SMITH"},{"floor":41,"key":"REST"},{"floor":44,"key":"REST"}],"neow_cost":"NONE","seed_source_timestamp":779710614503300,"circlet_count":0,"master_deck":["Strike_R+1","Strike_R+1","Strike_R+1","Strike_R+1","Strike_R+1","Defend_R+1","Defend_R+1","Defend_R+1","Bash+1","Pummel+1","Shrug It Off","Shrug It Off","Immolate+1","Demon Form+1","Heavy Blade+1","Regret","Regret","Limit Break"],"relics":["Burning Blood","Juzu Bracelet","Gambling Chip","Frozen Egg 2","Ancient Tea Set","Orichalcum","Velvet Choker","Bronze Scales","Nloth\u0027s Gift","Shuriken","Bottled Flame","Cursed Key","Tiny Chest","PreservedInsect","Bag of Preparation","Dead Branch","Molten Egg 2","Singing Bowl"],"potions_floor_usage":[10,16,21,23,27,28,33,39,46],"damage_taken":[{"damage":1,"enemies":"2 Louse","floor":1,"turns":3},{"damage":5,"enemies":"Small Slimes","floor":2,"turns":4},{"damage":6,"enemies":"Cultist","floor":3,"turns":3},{"damage":8,"enemies":"Blue Slaver","floor":5,"turns":6},{"damage":44,"enemies":"3 Sentries","floor":6,"turns":12},{"damage":17,"enemies":"Large Slime","floor":7,"turns":10},{"damage":15,"enemies":"Gremlin Nob","floor":10,"turns":5},{"damage":0,"enemies":"Looter","floor":12,"turns":3},{"damage":31,"enemies":"Lagavulin","floor":14,"turns":5},{"damage":39,"enemies":"Slime Boss","floor":16,"turns":13},{"damage":22,"enemies":"2 Thieves","floor":18,"turns":4},{"damage":5,"enemies":"Spheric Guardian","floor":19,"turns":4},{"damage":17,"enemies":"Cultist and Chosen","floor":21,"turns":7},{"damage":29,"enemies":"Book of Stabbing","floor":23,"turns":4},{"damage":5,"enemies":"Snake Plant","floor":27,"turns":3},{"damage":7,"enemies":"Gremlin Leader","floor":28,"turns":5},{"damage":0,"enemies":"Snecko","floor":29,"turns":4},{"damage":0,"enemies":"3 Cultists","floor":31,"turns":3},{"damage":31,"enemies":"Collector","floor":33,"turns":4},{"damage":0,"enemies":"3 Shapes","floor":35,"turns":3},{"damage":9,"enemies":"3 Darklings","floor":38,"turns":3},{"damage":59,"enemies":"2 Orb Walkers","floor":39,"turns":4},{"damage":20,"enemies":"Reptomancer","floor":40,"turns":4},{"damage":31,"enemies":"Maw","floor":45,"turns":5},{"damage":26,"enemies":"Writhing Mass","floor":46,"turns":4},{"damage":20,"enemies":"Transient","floor":47,"turns":2}],"seed_played":"-5047855350718139648","potions_obtained":[{"floor":3,"key":"EssenceOfSteel"},{"floor":5,"key":"GamblersBrew"},{"floor":6,"key":"Block Potion"},{"floor":14,"key":"Strength Potion"},{"floor":16,"key":"LiquidBronze"},{"floor":23,"key":"AttackPotion"},{"floor":27,"key":"Regen Potion"},{"floor":28,"key":"Poison Potion"},{"floor":29,"key":"Poison Potion"},{"floor":35,"key":"Weak Potion"},{"floor":45,"key":"FearPotion"},{"floor":46,"key":"Strength Potion"}],"is_trial":false,"path_per_floor":["M","M","M","?","M","E","M","R","T","E","R","M","$","E","R","B",null,"M","M","$","M","?","E","R","?","T","M","E","M","R","M","R","B",null,"M","$","T","M","?","E","R","?","T","R","M","M","M"],"character_chosen":"IRONCLAD","items_purchased":["Tiny Chest","PreservedInsect"],"campfire_rested":4,"item_purchase_floors":[36,36],"current_hp_per_floor":[80,80,80,73,71,33,22,46,46,37,37,43,43,18,42,9,80,64,65,65,54,54,31,31,31,31,32,45,51,51,57,57,32,80,80,80,80,77,24,10,34,34,34,58,33,15,0],"gold":711,"neow_bonus":"RANDOM_COMMON_RELIC","is_prod":false,"is_daily":false,"chose_seed":false,"campfire_upgraded":4,"win_rate":0,"timestamp":1551398353,"path_taken":["M","M","M","?","M","E","M","R","T","E","R","M","$","E","R","BOSS","M","M","$","M","?","E","R","?","T","M","E","M","R","M","R","BOSS","M","$","?","M","?","E","R","?","T","R","M","M","M"],"build_version":"2019-02-06","purchased_purges":1,"victory":false,"max_hp_per_floor":[80,80,80,80,80,80,80,80,80,80,80,80,80,80,80,80,80,80,80,80,80,80,80,80,80,80,80,80,80,80,80,80,80,80,80,80,80,80,80,80,80,80,80,80,80,82,82],"card_choices":[{"not_picked":["Twin Strike","Shockwave"],"picked":"Pummel","floor":1},{"not_picked":["Headbutt","Warcry","Seeing Red"],"picked":"SKIP","floor":2},{"not_picked":["Dual Wield","Headbutt","Warcry"],"picked":"SKIP","floor":3},{"not_picked":["Perfected Strike","Feel No Pain"],"picked":"Shrug It Off","floor":5},{"not_picked":["Juggernaut","Pummel"],"picked":"Shrug It Off","floor":6},{"not_picked":["Corruption+1","Spot Weakness","Anger"],"picked":"SKIP","floor":7},{"not_picked":["Cleave","Whirlwind"],"picked":"Immolate","floor":10},{"not_picked":["Clash","Shrug It Off","Thunderclap"],"picked":"SKIP","floor":12},{"not_picked":["Cleave","Warcry","True Grit"],"picked":"SKIP","floor":14},{"not_picked":["Bludgeon","Limit Break"],"picked":"Demon Form+1","floor":16},{"not_picked":["Power Through","Headbutt","Carnage+1"],"picked":"SKIP","floor":18},{"not_picked":["Intimidate","True Grit","Havoc"],"picked":"SKIP","floor":19},{"not_picked":["Warcry","Bloodletting","Anger"],"picked":"SKIP","floor":21},{"not_picked":["Infernal Blade+1","Metallicize+1","Wild Strike"],"picked":"SKIP","floor":23},{"not_picked":["Thunderclap","Hemokinesis","Uppercut"],"picked":"SKIP","floor":27},{"not_picked":["Demon Form+1","Anger","Headbutt+1"],"picked":"SKIP","floor":28},{"not_picked":["Sword Boomerang","Spot Weakness"],"picked":"Heavy Blade","floor":29},{"not_picked":["Sentinel","Shrug It Off","Evolve+1"],"picked":"SKIP","floor":31},{"not_picked":["Warcry+1","Evolve+1","Perfected Strike+1"],"picked":"SKIP","floor":35},{"not_picked":["Sever Soul+1","Clothesline+1","Sword Boomerang"],"picked":"SKIP","floor":38},{"not_picked":["Ghostly Armor","Clash","Clothesline+1"],"picked":"SKIP","floor":40},{"not_picked":["Seeing Red","Perfected Strike+1"],"picked":"Limit Break","floor":45},{"not_picked":["Shrug It Off+1","Wild Strike+1","Twin Strike+1"],"picked":"Singing Bowl","floor":46}],"player_experience":1202671,"relics_obtained":[{"floor":6,"key":"Frozen Egg 2"},{"floor":9,"key":"Ancient Tea Set"},{"floor":10,"key":"MawBank"},{"floor":14,"key":"Orichalcum"},{"floor":23,"key":"Bronze Scales"},{"floor":26,"key":"Shuriken"},{"floor":28,"key":"Bottled Flame"},{"floor":37,"key":"Bag of Preparation"},{"floor":39,"key":"Dead Branch"},{"floor":40,"key":"Molten Egg 2"},{"floor":43,"key":"Singing Bowl"}],"event_choices":[{"damage_healed":0,"gold_gain":0,"player_choice":"Success","damage_taken":7,"relics_obtained":["Gambling Chip"],"max_hp_gain":0,"max_hp_loss":0,"event_name":"Scrap Ooze","floor":4,"gold_loss":0},{"damage_healed":0,"gold_gain":0,"player_choice":"Simplicity","damage_taken":0,"max_hp_gain":0,"max_hp_loss":0,"event_name":"Back to Basics","floor":22,"gold_loss":0,"cards_upgraded":["Strike_R","Strike_R","Strike_R","Strike_R","Strike_R","Defend_R","Defend_R","Defend_R","Defend_R"]},{"damage_healed":0,"gold_gain":0,"player_choice":"Traded Relic","damage_taken":0,"relics_obtained":["Nloth\u0027s Gift"],"max_hp_gain":0,"max_hp_loss":0,"event_name":"N\u0027loth","floor":25,"relics_lost":["MawBank"],"gold_loss":0},{"damage_healed":0,"gold_gain":0,"player_choice":"Fight","damage_taken":0,"max_hp_gain":0,"max_hp_loss":0,"event_name":"Mysterious Sphere","floor":39,"gold_loss":0},{"damage_healed":0,"gold_gain":0,"player_choice":"Memory 1","damage_taken":0,"max_hp_gain":0,"max_hp_loss":0,"event_name":"SensoryStone","floor":42,"gold_loss":0}],"is_beta":true,"boss_relics":[{"not_picked":["Astrolabe","Orrery"],"picked":"Velvet Choker"},{"not_picked":["White Beast Statue","Fusion Hammer"],"picked":"Cursed Key"}],"items_purged_floors":[36],"is_endless":false,"potions_floor_spawned":[3,5,6,14,16,19,23,27,28,29,35,45,46],"killed_by":"Transient","ascension_level":0}