{"gold_per_floor":[115,115,265,265,190,229,229,263,288,288,145,160,160,175,175,266,266,286,201,76,76,100,100,121,121,144,144,144,144,69,99,99,99],"floor_reached":33,"playtime":734,"items_purged":["Doubt","Regret","Injury"],"score":598,"play_id":"1c1fb3b8-cba8-4134-b821-ba94bdf6a958","local_time":"20190116235436","is_ascension_mode":true,"campfire_choices":[{"data":"Caltrops","floor":7,"key":"SMITH"},{"data":"Noxious Fumes","floor":13,"key":"SMITH"},{"data":"Neutralize","floor":15,"key":"SMITH"},{"data":"Footwork","floor":23,"key":"SMITH"},{"floor":25,"key":"REST"},{"data":"Noxious Fumes","floor":32,"key":"SMITH"}],"neow_cost":"NONE","seed_source_timestamp":618633364795700,"circlet_count":0,"master_deck":["AscendersBane","Survivor","Neutralize+1","Poisoned Stab","Caltrops+1","Backstab","Noxious Fumes+1","Sucker Punch","Burst","Storm of Steel","Expertise","Backstab","Terror","Grand Finale","Skewer","Noxious Fumes+1","Crippling Poison","Backstab","Glass Knife","Footwork+1","Backflip"],"relics":["Ring of the Snake","NeowsBlessing","Bloody Idol","Orichalcum","Mummified Hand","Snake Skull","Lantern","Pandora\u0027s Box","Dream Catcher","Pantograph","Bag of Marbles","Tiny Chest"],"potions_floor_usage":[29,33],"damage_taken":[{"damage":0,"enemies":"Small Slimes","floor":1,"turns":1},{"damage":0,"enemies":"3 Sentries","floor":6,"turns":1},{"damage":0,"enemies":"Gremlin Nob","floor":8,"turns":1},{"damage":0,"enemies":"2 Louse","floor":12,"turns":2},{"damage":0,"enemies":"Jaw Worm","floor":14,"turns":3},{"damage":13,"enemies":"Hexaghost","floor":16,"turns":9},{"damage":5,"enemies":"3 Byrds","floor":18,"turns":3},{"damage":5,"enemies":"Spheric Guardian","floor":22,"turns":3},{"damage":17,"enemies":"Snake Plant","floor":24,"turns":4},{"damage":0,"enemies":"Shelled Parasite and Fungi","floor":29,"turns":1},{"damage":66,"enemies":"Collector","floor":33,"turns":6}],"seed_played":"-5773035328991086423","potions_obtained":[{"floor":14,"key":"SmokeBomb"},{"floor":24,"key":"Explosive Potion"}],"is_trial":false,"path_per_floor":["M","?","?","?","$","E","R","E","T","?","$","M","R","M","R","B",null,"M","?","$","?","M","R","M","R","T","?","?","M","?","T","R","B"],"character_chosen":"THE_SILENT","items_purchased":["Noxious Fumes"],"campfire_rested":1,"item_purchase_floors":[11],"current_hp_per_floor":[59,39,39,39,39,39,39,39,39,39,39,39,39,39,39,26,56,51,51,51,51,46,46,29,48,48,48,48,48,48,53,53,0],"gold":99,"neow_bonus":"THREE_ENEMY_KILL","is_prod":false,"is_daily":false,"chose_seed":false,"campfire_upgraded":5,"win_rate":0,"timestamp":1547679276,"path_taken":["M","?","?","?","$","E","R","E","T","?","?","M","R","?","R","BOSS","M","?","$","?","M","R","?","R","T","?","?","M","?","?","R","BOSS"],"build_version":"2019-01-14v2","purchased_purges":3,"victory":false,"max_hp_per_floor":[66,66,66,66,66,66,66,66,66,66,66,66,66,66,66,66,66,66,66,66,66,66,66,66,66,66,66,66,66,66,66,66,66],"card_choices":[{"not_picked":["Prepared","Dagger Throw"],"picked":"Poisoned Stab","floor":1},{"not_picked":["Sucker Punch","Quick Slash"],"picked":"Caltrops","floor":6},{"not_picked":["Outmaneuver","Bane"],"picked":"Backstab","floor":8},{"not_picked":["Bane","Accuracy","Bullet Time"],"picked":"SKIP","floor":12},{"not_picked":["Underhanded Strike","Finisher"],"picked":"Sucker Punch","floor":14},{"not_picked":["Grand Finale","Storm of Steel"],"picked":"Burst","floor":16},{"not_picked":["Flying Knee","Dodge and Roll"],"picked":"Footwork","floor":18},{"not_picked":["Quick Slash","Crippling Poison"],"picked":"Backflip","floor":22},{"not_picked":["Flying Knee","Sucker Punch","Underhanded Strike"],"picked":"SKIP","floor":24}],"player_experience":1047086,"relics_obtained":[{"floor":6,"key":"Orichalcum"},{"floor":8,"key":"Mummified Hand"},{"floor":9,"key":"Snake Skull"},{"floor":26,"key":"Bag of Marbles"},{"floor":31,"key":"Tiny Chest"}],"event_choices":[{"damage_healed":0,"gold_gain":0,"player_choice":"Entered Light","damage_taken":20,"max_hp_gain":0,"max_hp_loss":0,"event_name":"Shining Light","floor":2,"gold_loss":0,"cards_upgraded":["Strike_G","Defend_G"]},{"damage_healed":0,"gold_gain":150,"player_choice":"AGREE","damage_taken":0,"max_hp_gain":0,"max_hp_loss":0,"event_name":"Liars Game","floor":3,"gold_loss":0,"cards_obtained":["Doubt"]},{"damage_healed":0,"gold_gain":0,"player_choice":"Take Wound","damage_taken":0,"relics_obtained":["Golden Idol"],"max_hp_gain":0,"max_hp_loss":0,"event_name":"Golden Idol","floor":4,"gold_loss":0,"cards_obtained":["Injury"]},{"damage_healed":0,"gold_gain":0,"player_choice":"Box","damage_taken":0,"relics_obtained":["Lantern"],"max_hp_gain":0,"max_hp_loss":0,"event_name":"Big Fish","floor":10,"gold_loss":0,"cards_obtained":["Regret"]},{"damage_healed":0,"gold_gain":0,"player_choice":"Obtained Relic","damage_taken":0,"relics_obtained":["Dream Catcher"],"max_hp_gain":0,"max_hp_loss":0,"event_name":"Addict","floor":19,"gold_loss":85},{"damage_healed":0,"gold_gain":0,"player_choice":"Opened","damage_taken":0,"relics_obtained":["Pantograph"],"max_hp_gain":0,"max_hp_loss":0,"event_name":"The Mausoleum","floor":21,"gold_loss":0,"cards_obtained":["Writhe"]},{"damage_healed":0,"gold_gain":0,"player_choice":"Gave Idol","damage_taken":0,"relics_obtained":["Bloody Idol"],"max_hp_gain":0,"max_hp_loss":0,"event_name":"Forgotten Altar","floor":27,"relics_lost":["Golden Idol"],"gold_loss":0},{"damage_healed":0,"gold_gain":0,"player_choice":"Ignored","damage_taken":0,"max_hp_gain":0,"max_hp_loss":0,"event_name":"Ghosts","floor":28,"gold_loss":0},{"cards_removed":["Writhe"],"damage_healed":0,"gold_gain":0,"player_choice":"Gave Gold","damage_taken":0,"max_hp_gain":0,"max_hp_loss":0,"event_name":"Beggar","floor":30,"gold_loss":75}],"is_beta":true,"boss_relics":[{"not_picked":["Snecko Eye","Black Star"],"picked":"Pandora\u0027s Box"}],"items_purged_floors":[5,11,20],"is_endless":false,"potions_floor_spawned":[14,24],"killed_by":"Collector","ascension_level":20}