{"gold_per_floor":[118,128,128,128,53,78,78,78,126,143,156,156,176,176,176,250,250,262,537,537],"floor_reached":20,"playtime":718,"items_purged":["Regret"],"score":340,"play_id":"3763f01c-df42-463a-8db1-f87671e20b12","local_time":"20190110211123","is_ascension_mode":true,"campfire_choices":[{"floor":7,"key":"REST"},{"data":"Noxious Fumes","floor":12,"key":"SMITH"},{"floor":15,"key":"REST"}],"neow_cost":"NONE","seed_source_timestamp":90409106195900,"circlet_count":0,"master_deck":["AscendersBane","Defend_G","Defend_G","Defend_G","Defend_G","Strike_G","Strike_G","Strike_G","Strike_G","Strike_G","Survivor","Neutralize","Noxious Fumes+1","Calculated Gamble","Backflip","Dodge and Roll","Terror","Burst","Regret"],"relics":["Ring of the Snake","StoneCalendar","Meat on the Bone","Art of War","Odd Mushroom","Bag of Preparation","Philosopher\u0027s Stone"],"potions_floor_usage":[13,18],"damage_taken":[{"damage":11,"enemies":"Cultist","floor":1,"turns":4},{"damage":8,"enemies":"2 Louse","floor":2,"turns":4},{"damage":39,"enemies":"3 Sentries","floor":6,"turns":7},{"damage":0,"enemies":"Jaw Worm","floor":10,"turns":5},{"damage":12,"enemies":"Large Slime","floor":11,"turns":7},{"damage":18,"enemies":"The Mushroom Lair","floor":13,"turns":5},{"damage":26,"enemies":"Slime Boss","floor":16,"turns":7},{"damage":33,"enemies":"Spheric Guardian","floor":18,"turns":7},{"damage":35,"enemies":"3 Byrds","floor":20,"turns":3}],"seed_played":"2401452299622846895","potions_obtained":[{"floor":10,"key":"GamblersBrew"},{"floor":11,"key":"Energy Potion"},{"floor":16,"key":"AttackPotion"}],"is_trial":false,"path_per_floor":["M","M","?","?","$","E","R","?","T","M","M","R","?","?","R","B",null,"M","?","M"],"character_chosen":"THE_SILENT","items_purchased":[],"campfire_rested":2,"item_purchase_floors":[],"current_hp_per_floor":[48,40,40,40,40,1,20,20,20,32,32,32,26,21,40,26,56,35,35,0],"gold":537,"neow_bonus":"THREE_CARDS","is_prod":false,"is_daily":false,"chose_seed":false,"campfire_upgraded":1,"win_rate":0,"timestamp":1547151083,"path_taken":["M","M","?","?","?","E","R","?","T","?","M","R","?","?","R","BOSS","M","?","?"],"build_version":"2019-01-09","purchased_purges":1,"victory":false,"max_hp_per_floor":[66,66,66,66,66,66,66,66,66,66,66,66,66,66,66,66,66,66,66,66],"card_choices":[{"not_picked":["Bane","Poisoned Stab"],"picked":"Noxious Fumes","floor":0},{"not_picked":["Deadly Poison","Prepared","Predator"],"picked":"SKIP","floor":1},{"not_picked":["Eviscerate","Bane","Dagger Throw"],"picked":"SKIP","floor":2},{"not_picked":["Deflect","All Out Attack","Wraith Form v2"],"picked":"SKIP","floor":6},{"not_picked":["Well Laid Plans","Blade Dance"],"picked":"Backflip","floor":10},{"not_picked":["Sucker Punch","Flying Knee"],"picked":"Dodge and Roll","floor":11},{"not_picked":["Accuracy","Deflect"],"picked":"Terror","floor":13},{"not_picked":["Unload","Wraith Form v2"],"picked":"Burst","floor":16},{"not_picked":["Underhanded Strike","Riddle With Holes","Deadly Poison"],"picked":"SKIP","floor":18}],"player_experience":1027318,"relics_obtained":[{"floor":6,"key":"Meat on the Bone"},{"floor":9,"key":"Art of War"},{"floor":13,"key":"Odd Mushroom"}],"event_choices":[{"damage_healed":0,"gold_gain":0,"player_choice":"Box","damage_taken":0,"relics_obtained":["StoneCalendar"],"max_hp_gain":0,"max_hp_loss":0,"event_name":"Big Fish","floor":3,"gold_loss":0,"cards_obtained":["Regret"]},{"damage_healed":0,"gold_gain":0,"player_choice":"Ignored","damage_taken":0,"max_hp_gain":0,"max_hp_loss":0,"event_name":"Shining Light","floor":4,"gold_loss":0},{"damage_healed":0,"gold_gain":0,"cards_transformed":["Defend_G"],"player_choice":"Transformed","damage_taken":0,"max_hp_gain":0,"max_hp_loss":0,"event_name":"Transmorgrifier","floor":8,"gold_loss":0,"cards_obtained":["Calculated Gamble"]},{"damage_healed":0,"gold_gain":0,"player_choice":"Fought Mushrooms","damage_taken":0,"max_hp_gain":0,"max_hp_loss":0,"event_name":"Mushrooms","floor":13,"gold_loss":0},{"damage_healed":0,"gold_gain":0,"player_choice":"Success","damage_taken":5,"relics_obtained":["Bag of Preparation"],"max_hp_gain":0,"max_hp_loss":0,"event_name":"Scrap Ooze","floor":14,"gold_loss":0},{"damage_healed":0,"gold_gain":275,"player_choice":"Desecrate","damage_taken":0,"max_hp_gain":0,"max_hp_loss":0,"event_name":"Golden Shrine","floor":19,"gold_loss":0,"cards_obtained":["Regret"]}],"is_beta":true,"boss_relics":[{"not_picked":["Eternal Feather","Pandora\u0027s Box"],"picked":"Philosopher\u0027s Stone"}],"items_purged_floors":[5],"is_endless":false,"potions_floor_spawned":[10,11,16],"killed_by":"3 Byrds","ascension_level":20}