{"gold_per_floor":[114,127,127,138,213,213,245,245,269,68,68,98,115,115,115,190,240,260,260,130,140,153,185,185,200,223,223,233,246,246],"floor_reached":30,"playtime":1057,"items_purged":["Strike_R"],"score":520,"play_id":"4195c9ab-101d-4176-965f-fb7345cb5235","local_time":"20190331201733","is_ascension_mode":true,"campfire_choices":[{"floor":6,"key":"REST"},{"floor":11,"key":"REST"},{"data":"Twin Strike","floor":15,"key":"SMITH"},{"floor":24,"key":"REST"},{"floor":27,"key":"REST"}],"neow_cost":"NONE","seed_source_timestamp":931920589421300,"circlet_count":0,"master_deck":["AscendersBane","Strike_R","Strike_R","Strike_R+1","Strike_R","Defend_R","Defend_R+1","Defend_R+1","Defend_R+1","Bash+1","Inflame+1","Twin Strike+1","Immolate","Shrug It Off","Sword Boomerang"],"relics":["Burning Blood","Mummified Hand","Pear","Bronze Scales","Pen Nib","Tiny House","War Paint","Centennial Puzzle"],"potions_floor_usage":[12,18,23,23],"damage_taken":[{"damage":1,"enemies":"Small Slimes","floor":1,"turns":4},{"damage":9,"enemies":"2 Louse","floor":2,"turns":3},{"damage":4,"enemies":"Jaw Worm","floor":4,"turns":4},{"damage":35,"enemies":"Lagavulin","floor":7,"turns":7},{"damage":8,"enemies":"Gremlin Nob","floor":12,"turns":3},{"damage":12,"enemies":"Lots of Slimes","floor":13,"turns":4},{"damage":52,"enemies":"The Guardian","floor":16,"turns":9},{"damage":7,"enemies":"3 Byrds","floor":18,"turns":2},{"damage":32,"enemies":"Shell Parasite","floor":21,"turns":3},{"damage":18,"enemies":"Snake Plant","floor":22,"turns":3},{"damage":32,"enemies":"Slavers","floor":23,"turns":4},{"damage":29,"enemies":"Cultist and Chosen","floor":25,"turns":7},{"damage":11,"enemies":"Chosen and Byrds","floor":28,"turns":5},{"damage":24,"enemies":"Snecko","floor":29,"turns":6},{"damage":15,"enemies":"Sentry and Sphere","floor":30,"turns":3}],"seed_played":"961116096006261789","potions_obtained":[{"floor":2,"key":"Fire Potion"},{"floor":7,"key":"PowerPotion"},{"floor":12,"key":"Fire Potion"},{"floor":17,"key":"Explosive Potion"},{"floor":29,"key":"Weak Potion"}],"is_trial":false,"path_per_floor":["M","M","?","M","?","R","E","T","T","$","R","E","M","$","R","B",null,"M","?","$","M","M","E","R","M","T","R","M","M","M"],"character_chosen":"IRONCLAD","items_purchased":["Bronze Scales","Twin Strike","SteroidPotion"],"campfire_rested":4,"item_purchase_floors":[10,10,20],"current_hp_per_floor":[73,70,47,49,38,60,31,41,41,41,66,64,58,58,58,12,72,71,71,71,45,33,7,34,11,11,38,33,15,0],"gold":246,"neow_bonus":"UPGRADE_CARD","is_prod":false,"is_daily":false,"chose_seed":false,"campfire_upgraded":1,"win_rate":0,"timestamp":1554056253,"path_taken":["M","M","?","M","?","R","E","?","T","$","R","E","?","?","R","BOSS","M","?","$","M","M","E","R","M","T","R","?","M","M"],"build_version":"2019-03-15","purchased_purges":1,"victory":false,"max_hp_per_floor":[75,75,75,75,75,75,75,85,85,85,85,85,85,85,85,85,90,90,90,90,90,90,90,90,90,90,90,90,90,90],"card_choices":[{"not_picked":["Thunderclap","Fire Breathing","Warcry"],"picked":"SKIP","floor":1},{"not_picked":["Clash","Shockwave"],"picked":"Inflame","floor":2},{"not_picked":["Bloodletting","Flex","Metallicize"],"picked":"SKIP","floor":4},{"not_picked":["Reckless Charge","Juggernaut","Searing Blow"],"picked":"SKIP","floor":7},{"not_picked":["Disarm","Cleave","Metallicize"],"picked":"SKIP","floor":12},{"not_picked":["Clothesline","Hemokinesis","Armaments"],"picked":"SKIP","floor":13},{"not_picked":["Double Tap","Feed"],"picked":"Immolate","floor":16},{"not_picked":["Cleave","Spot Weakness","Blood for Blood"],"picked":"SKIP","floor":18},{"not_picked":["Bludgeon","Armaments","Seeing Red"],"picked":"SKIP","floor":21},{"not_picked":["Body Slam","Havoc"],"picked":"Shrug It Off","floor":22},{"not_picked":["Hemokinesis","Flex","Brutality"],"picked":"SKIP","floor":23},{"not_picked":["Flex","Disarm"],"picked":"Sword Boomerang","floor":25},{"not_picked":["Cleave","Shockwave","Warcry"],"picked":"SKIP","floor":28},{"not_picked":["Rupture","Wild Strike","Body Slam"],"picked":"SKIP","floor":29}],"player_experience":1315045,"relics_obtained":[{"floor":7,"key":"Mummified Hand"},{"floor":8,"key":"Pear"},{"floor":12,"key":"Pen Nib"},{"floor":23,"key":"War Paint"},{"floor":26,"key":"Centennial Puzzle"}],"event_choices":[{"damage_healed":0,"gold_gain":0,"player_choice":"Entered Light","damage_taken":23,"max_hp_gain":0,"max_hp_loss":0,"event_name":"Shining Light","floor":3,"gold_loss":0,"cards_upgraded":["Defend_R","Inflame"]},{"damage_healed":0,"gold_gain":75,"player_choice":"Gather Gold","damage_taken":11,"max_hp_gain":0,"max_hp_loss":0,"event_name":"World of Goop","floor":5,"gold_loss":0},{"damage_healed":0,"gold_gain":0,"player_choice":"0 cards matched","damage_taken":0,"max_hp_gain":0,"max_hp_loss":0,"event_name":"Match and Keep!","floor":19,"gold_loss":0,"cards_obtained":[]}],"is_beta":true,"boss_relics":[{"not_picked":["Empty Cage","White Beast Statue"],"picked":"Tiny House"}],"items_purged_floors":[20],"is_endless":false,"potions_floor_spawned":[2,7,12,21,22,29],"killed_by":"Sentry and Sphere","ascension_level":20}