{"gold_per_floor":[109,109,109,127,127,165,165,208,235,250,250,271,305,70,70,161,161,185,21,41,91,109,109,152,152,234,234,257,257,304,329,329,329],"floor_reached":33,"playtime":707,"items_purged":["Strike_R"],"score":616,"play_id":"3f6bb106-c4a7-47d2-af2c-1b30180534da","local_time":"20190407222748","is_ascension_mode":true,"campfire_choices":[{"data":"Pummel","floor":7,"key":"SMITH"},{"floor":15,"key":"REST"},{"floor":23,"key":"REST"},{"floor":25,"key":"REST"},{"data":"Double Tap","floor":29,"key":"SMITH"},{"floor":32,"key":"REST"}],"neow_cost":"NONE","seed_source_timestamp":26662344017900,"circlet_count":0,"master_deck":["AscendersBane","Strike_R+1","Strike_R+1","Strike_R+1","Strike_R+1","Defend_R+1","Defend_R+1","Defend_R+1","Bash+1","Pummel+1","Double Tap+1","Twin Strike","Immolate","Heavy Blade"],"relics":["Burning Blood","NeowsBlessing","Golden Idol","Bronze Scales","Happy Flower","Red Skull","Charon\u0027s Ashes","PreservedInsect","Black Star","Pen Nib","Omamori","Orichalcum","Art of War"],"potions_floor_usage":[8,16,16,24,33,33],"damage_taken":[{"damage":0,"enemies":"Small Slimes","floor":1,"turns":1},{"damage":0,"enemies":"2 Louse","floor":4,"turns":1},{"damage":0,"enemies":"Lagavulin","floor":6,"turns":1},{"damage":35,"enemies":"3 Sentries","floor":8,"turns":7},{"damage":0,"enemies":"Cultist","floor":10,"turns":2},{"damage":1,"enemies":"3 Louse","floor":12,"turns":2},{"damage":35,"enemies":"Lagavulin","floor":13,"turns":5},{"damage":23,"enemies":"The Guardian","floor":16,"turns":5},{"damage":23,"enemies":"2 Thieves","floor":18,"turns":3},{"damage":0,"enemies":"Chosen","floor":20,"turns":3},{"damage":10,"enemies":"Snecko","floor":22,"turns":3},{"damage":42,"enemies":"Book of Stabbing","floor":24,"turns":4},{"damage":27,"enemies":"Chosen and Byrds","floor":28,"turns":5},{"damage":5,"enemies":"Sentry and Sphere","floor":31,"turns":3},{"damage":82,"enemies":"Champ","floor":33,"turns":6}],"seed_played":"5076637800849354278","potions_obtained":[{"floor":5,"key":"SneckoOil"},{"floor":5,"key":"GamblersBrew"},{"floor":6,"key":"Explosive Potion"},{"floor":10,"key":"SteroidPotion"},{"floor":12,"key":"PowerPotion"},{"floor":18,"key":"EssenceOfSteel"},{"floor":24,"key":"Strength Potion"},{"floor":28,"key":"Strength Potion"}],"is_trial":false,"path_per_floor":["M","?","?","M","?","E","R","E","T","M","?","M","E","$","R","B",null,"M","$","M","?","M","R","E","R","T","?","M","R","T","M","R","B"],"character_chosen":"IRONCLAD","items_purchased":["PreservedInsect","Pen Nib"],"campfire_rested":4,"item_purchase_floors":[14,19],"current_hp_per_floor":[74,48,48,54,54,60,60,31,31,37,37,42,13,13,35,18,61,44,44,50,50,46,68,32,54,54,54,33,33,33,34,56,0],"gold":329,"neow_bonus":"THREE_ENEMY_KILL","is_prod":false,"is_daily":false,"chose_seed":false,"campfire_upgraded":2,"win_rate":0,"timestamp":1554668868,"path_taken":["M","?","?","M","?","E","R","E","T","?","?","M","E","?","R","BOSS","M","$","M","?","?","R","E","R","T","?","M","R","?","M","R","BOSS"],"build_version":"2019-04-04","purchased_purges":1,"victory":false,"max_hp_per_floor":[75,75,75,75,75,75,75,75,75,75,75,75,75,75,75,75,75,75,75,75,75,75,75,75,75,75,75,75,75,75,75,75,75],"card_choices":[{"not_picked":["Body Slam","Corruption"],"picked":"Pummel","floor":1},{"not_picked":["Fire Breathing","Shockwave","Wild Strike"],"picked":"SKIP","floor":4},{"not_picked":["Warcry","Havoc"],"picked":"Double Tap","floor":6},{"not_picked":["Seeing Red","Intimidate","Combust"],"picked":"SKIP","floor":8},{"not_picked":["Thunderclap","Carnage"],"picked":"Twin Strike","floor":10},{"not_picked":["Flex","Dropkick","Bloodletting"],"picked":"SKIP","floor":12},{"not_picked":["Burning Pact","Hemokinesis","Sever Soul"],"picked":"SKIP","floor":13},{"not_picked":["Iron Wave","Headbutt"],"picked":"Heavy Blade","floor":18},{"not_picked":["Rage","Havoc","Pommel Strike"],"picked":"SKIP","floor":20},{"not_picked":["Reckless Charge","Iron Wave","Disarm"],"picked":"SKIP","floor":22},{"not_picked":["Disarm","Bloodletting","Twin Strike"],"picked":"SKIP","floor":24},{"not_picked":["Rampage","Hemokinesis","Ghostly Armor"],"picked":"SKIP","floor":28},{"not_picked":["Intimidate","Armaments","Iron Wave"],"picked":"SKIP","floor":31}],"player_experience":1343313,"relics_obtained":[{"floor":6,"key":"Bronze Scales"},{"floor":8,"key":"Happy Flower"},{"floor":9,"key":"Red Skull"},{"floor":13,"key":"Charon\u0027s Ashes"},{"floor":24,"key":"Omamori"},{"floor":24,"key":"Orichalcum"},{"floor":30,"key":"Art of War"}],"event_choices":[{"damage_healed":0,"gold_gain":0,"player_choice":"Take Damage","damage_taken":26,"relics_obtained":["Golden Idol"],"max_hp_gain":0,"max_hp_loss":0,"event_name":"Golden Idol","floor":2,"gold_loss":0},{"damage_healed":0,"gold_gain":0,"player_choice":"Grow","damage_taken":0,"max_hp_gain":0,"max_hp_loss":0,"event_name":"Living Wall","floor":3,"gold_loss":0,"cards_upgraded":["Bash"]},{"damage_healed":0,"gold_gain":0,"player_choice":"Got Potions","damage_taken":0,"max_hp_gain":0,"max_hp_loss":0,"event_name":"Lab","floor":5,"gold_loss":0},{"damage_healed":0,"gold_gain":0,"cards_transformed":["Defend_R"],"player_choice":"Transformed","damage_taken":0,"max_hp_gain":0,"max_hp_loss":0,"event_name":"Transmorgrifier","floor":11,"gold_loss":0,"cards_obtained":["Immolate"]},{"damage_healed":0,"gold_gain":50,"player_choice":"Pray","damage_taken":0,"max_hp_gain":0,"max_hp_loss":0,"event_name":"Golden Shrine","floor":21,"gold_loss":0},{"damage_healed":0,"gold_gain":0,"player_choice":"Simplicity","damage_taken":0,"max_hp_gain":0,"max_hp_loss":0,"event_name":"Back to Basics","floor":27,"gold_loss":0,"cards_upgraded":["Strike_R","Strike_R","Strike_R","Strike_R","Defend_R","Defend_R","Defend_R"]}],"is_beta":true,"boss_relics":[{"not_picked":["Astrolabe","Pandora\u0027s Box"],"picked":"Black Star"}],"items_purged_floors":[14],"is_endless":false,"potions_floor_spawned":[6,10,12,18,24,28,31],"killed_by":"Champ","ascension_level":20}