{"gold_per_floor":[114,127,127,202,202,202,226,6,6,30,30,65,80,99,99,192,192,205,120,144,159,79,79,104,4,4,4],"floor_reached":27,"playtime":697,"items_purged":["Regret","Writhe","Strike_R"],"score":430,"play_id":"87274f2d-2c5e-4900-b37d-cd355ff8076d","local_time":"20190326163053","is_ascension_mode":true,"campfire_choices":[{"data":"Demon Form","floor":6,"key":"SMITH"},{"floor":11,"key":"REST"},{"floor":15,"key":"REST"},{"floor":23,"key":"REST"}],"neow_cost":"CURSE","seed_source_timestamp":490256093803100,"circlet_count":0,"master_deck":["AscendersBane","Strike_R","Strike_R","Strike_R","Strike_R","Defend_R","Defend_R+1","Defend_R+1","Defend_R","Bash","Demon Form+1","Uppercut","Twin Strike","Heavy Blade","Limit Break","Immolate","Clumsy"],"relics":["Burning Blood","The Courier","Golden Idol","Bag of Marbles","Mango","Cursed Key","Gremlin Horn","War Paint"],"potions_floor_usage":[13,18,20],"damage_taken":[{"damage":10,"enemies":"Small Slimes","floor":1,"turns":3},{"damage":6,"enemies":"2 Louse","floor":2,"turns":3},{"damage":10,"enemies":"Jaw Worm","floor":7,"turns":5},{"damage":14,"enemies":"Exordium Thugs","floor":10,"turns":4},{"damage":35,"enemies":"Lagavulin","floor":12,"turns":7},{"damage":12,"enemies":"Blue Slaver","floor":13,"turns":3},{"damage":18,"enemies":"Large Slime","floor":14,"turns":5},{"damage":23,"enemies":"Slime Boss","floor":16,"turns":5},{"damage":18,"enemies":"3 Byrds","floor":18,"turns":3},{"damage":35,"enemies":"Shell Parasite","floor":20,"turns":5},{"damage":7,"enemies":"3 Cultists","floor":21,"turns":4},{"damage":44,"enemies":"Shelled Parasite and Fungi","floor":24,"turns":5},{"damage":18,"enemies":"Snake Plant","floor":27,"turns":2}],"seed_played":"7181767500503535002","potions_obtained":[{"floor":2,"key":"LiquidBronze"},{"floor":12,"key":"Regen Potion"},{"floor":14,"key":"Weak Potion"},{"floor":24,"key":"Dexterity Potion"}],"is_trial":false,"path_per_floor":["M","M","?","?","?","R","M","$","T","M","R","E","M","M","R","B",null,"M","?","M","M","$","R","M","$","T","M"],"character_chosen":"IRONCLAD","items_purchased":["Twin Strike","Bag of Marbles"],"campfire_rested":3,"item_purchase_floors":[8,8],"current_hp_per_floor":[64,64,64,53,27,27,23,23,23,15,37,22,25,13,39,22,72,60,60,31,30,30,56,18,18,18,0],"gold":4,"neow_bonus":"THREE_RARE_CARDS","is_prod":false,"is_daily":false,"chose_seed":false,"campfire_upgraded":1,"win_rate":0,"timestamp":1553614253,"path_taken":["M","M","?","?","?","R","M","$","T","M","R","E","M","M","R","BOSS","M","?","M","M","$","R","M","$","T","M"],"build_version":"2019-03-15","purchased_purges":3,"victory":false,"max_hp_per_floor":[75,75,75,75,75,75,75,75,75,75,75,89,89,89,89,89,89,89,89,89,89,89,89,89,89,89,89],"card_choices":[{"not_picked":["Fiend Fire","Offering"],"picked":"Demon Form","floor":0},{"not_picked":["Seeing Red","Wild Strike","Body Slam"],"picked":"SKIP","floor":1},{"not_picked":["Clash","Cleave"],"picked":"Uppercut","floor":2},{"not_picked":["Perfected Strike","Blood for Blood","Armaments"],"picked":"SKIP","floor":7},{"not_picked":["Infernal Blade","True Grit"],"picked":"Heavy Blade","floor":10},{"not_picked":["Burning Pact","Blood for Blood"],"picked":"Limit Break","floor":12},{"not_picked":["Fire Breathing","Heavy Blade","Warcry"],"picked":"SKIP","floor":13},{"not_picked":["Burning Pact","Cleave","Flex"],"picked":"SKIP","floor":14},{"not_picked":["Reaper","Dark Embrace"],"picked":"Immolate","floor":16},{"not_picked":["Hemokinesis","Evolve","Corruption"],"picked":"SKIP","floor":18},{"not_picked":["Heavy Blade","Iron Wave","Twin Strike"],"picked":"SKIP","floor":20},{"not_picked":["Searing Blow+1","Clash","Seeing Red"],"picked":"SKIP","floor":21},{"not_picked":["Havoc","Fire Breathing","Searing Blow"],"picked":"SKIP","floor":24}],"player_experience":1285519,"relics_obtained":[{"floor":12,"key":"Mango"},{"floor":26,"key":"War Paint"}],"event_choices":[{"damage_healed":0,"gold_gain":0,"player_choice":"Box","damage_taken":0,"relics_obtained":["The Courier"],"max_hp_gain":0,"max_hp_loss":0,"event_name":"Big Fish","floor":3,"gold_loss":0,"cards_obtained":["Regret"]},{"damage_healed":0,"gold_gain":75,"player_choice":"Gather Gold","damage_taken":11,"max_hp_gain":0,"max_hp_loss":0,"event_name":"World of Goop","floor":4,"gold_loss":0},{"damage_healed":0,"gold_gain":0,"player_choice":"Take Damage","damage_taken":26,"relics_obtained":["Golden Idol"],"max_hp_gain":0,"max_hp_loss":0,"event_name":"Golden Idol","floor":5,"gold_loss":0},{"damage_healed":0,"gold_gain":0,"player_choice":"Obtained Relic","damage_taken":0,"relics_obtained":["Gremlin Horn"],"max_hp_gain":0,"max_hp_loss":0,"event_name":"Addict","floor":19,"gold_loss":85}],"is_beta":true,"boss_relics":[{"not_picked":["Fusion Hammer","Coffee Dripper"],"picked":"Cursed Key"}],"items_purged_floors":[8,22,25],"is_endless":false,"potions_floor_spawned":[2,12,14,16,24],"killed_by":"Snake Plant","ascension_level":20}