{"gold_per_floor":[117,117,267,26,37,63,76,76,76,76,76,93,128,144,144,218,218,233,233,251,251],"floor_reached":21,"playtime":911,"items_purged":["Regret"],"score":378,"play_id":"8f3b7dbc-69e1-4898-ae33-f148e5ccf54a","local_time":"20190326161903","is_ascension_mode":true,"campfire_choices":[{"floor":8,"key":"REST"},{"floor":10,"key":"REST"},{"data":"Limit Break","floor":15,"key":"SMITH"}],"neow_cost":"PERCENT_DAMAGE","seed_source_timestamp":489331462910300,"circlet_count":0,"master_deck":["AscendersBane","Strike_R","Strike_R","Strike_R","Strike_R","Strike_R","Defend_R","Defend_R","Defend_R","Defend_R","Bash","Doubt","Limit Break+1","Sword Boomerang","Shrug It Off","Shrug It Off","Limit Break","Flame Barrier"],"relics":["Burning Blood","Du-Vu Doll","Prayer Wheel","Nunchaku","FossilizedHelix","Paper Frog","Cursed Key"],"potions_floor_usage":[6,21],"damage_taken":[{"damage":7,"enemies":"Small Slimes","floor":1,"turns":5},{"damage":10,"enemies":"2 Louse","floor":5,"turns":3},{"damage":50,"enemies":"3 Sentries","floor":6,"turns":10},{"damage":7,"enemies":"Jaw Worm","floor":7,"turns":3},{"damage":17,"enemies":"Gremlin Gang","floor":12,"turns":5},{"damage":23,"enemies":"Lagavulin","floor":13,"turns":7},{"damage":0,"enemies":"Blue Slaver","floor":14,"turns":3},{"damage":32,"enemies":"The Guardian","floor":16,"turns":10},{"damage":22,"enemies":"2 Thieves","floor":18,"turns":4},{"damage":6,"enemies":"Shell Parasite","floor":20,"turns":5},{"damage":40,"enemies":"Sentry and Sphere","floor":21,"turns":6}],"seed_played":"-389895511742787328","potions_obtained":[{"floor":1,"key":"FairyPotion"},{"floor":5,"key":"SpeedPotion"},{"floor":16,"key":"Strength Potion"}],"is_trial":false,"path_per_floor":["M","?","?","$","M","E","M","R","T","R","?","M","E","M","R","B",null,"M","?","M","M"],"character_chosen":"IRONCLAD","items_purchased":["Limit Break"],"campfire_rested":2,"item_purchase_floors":[4],"current_hp_per_floor":[49,49,49,49,45,13,12,34,34,56,56,45,28,34,34,8,58,42,35,35,0],"gold":251,"neow_bonus":"ONE_RARE_RELIC","is_prod":false,"is_daily":false,"chose_seed":false,"campfire_upgraded":1,"win_rate":0,"timestamp":1553613543,"path_taken":["M","?","?","$","M","E","M","R","T","R","?","M","E","M","R","BOSS","M","?","M","?"],"build_version":"2019-03-15","purchased_purges":1,"victory":false,"max_hp_per_floor":[75,75,75,75,75,75,75,75,75,75,75,75,75,75,75,75,75,75,75,75,75],"card_choices":[{"not_picked":["Disarm","Iron Wave","Clothesline"],"picked":"SKIP","floor":1},{"not_picked":["Shockwave","Wild Strike"],"picked":"Sword Boomerang","floor":5},{"not_picked":["Infernal Blade","Rampage","Warcry"],"picked":"SKIP","floor":5},{"not_picked":["Clash","Bludgeon","Armaments"],"picked":"SKIP","floor":6},{"not_picked":["Feel No Pain","Iron Wave"],"picked":"Shrug It Off","floor":7},{"not_picked":["Flex","Ghostly Armor","Evolve"],"picked":"SKIP","floor":7},{"not_picked":["Flex","Cleave"],"picked":"Shrug It Off","floor":12},{"not_picked":["Shockwave","Havoc","Headbutt"],"picked":"SKIP","floor":12},{"not_picked":["Whirlwind","Battle Trance","Dual Wield"],"picked":"SKIP","floor":13},{"not_picked":["Twin Strike","Feel No Pain","Clash"],"picked":"SKIP","floor":14},{"not_picked":["Clothesline","Sever Soul","Corruption"],"picked":"SKIP","floor":14},{"not_picked":["Juggernaut","Brutality"],"picked":"Limit Break","floor":16},{"not_picked":["Ghostly Armor","Anger"],"picked":"Flame Barrier","floor":18},{"not_picked":["Headbutt","Perfected Strike+1","Searing Blow"],"picked":"SKIP","floor":18},{"not_picked":["Corruption","Carnage","Anger+1"],"picked":"SKIP","floor":20},{"not_picked":["Body Slam","Twin Strike","Warcry"],"picked":"SKIP","floor":20}],"player_experience":1284608,"relics_obtained":[{"floor":6,"key":"Nunchaku"},{"floor":9,"key":"FossilizedHelix"},{"floor":13,"key":"Paper Frog"}],"event_choices":[{"damage_healed":0,"gold_gain":0,"player_choice":"Box","damage_taken":0,"relics_obtained":["Prayer Wheel"],"max_hp_gain":0,"max_hp_loss":0,"event_name":"Big Fish","floor":2,"gold_loss":0,"cards_obtained":["Regret"]},{"damage_healed":0,"gold_gain":150,"player_choice":"AGREE","damage_taken":0,"max_hp_gain":0,"max_hp_loss":0,"event_name":"Liars Game","floor":3,"gold_loss":0,"cards_obtained":["Doubt"]},{"damage_healed":0,"gold_gain":0,"player_choice":"Searched \u00271\u0027 times","damage_taken":0,"max_hp_gain":0,"max_hp_loss":0,"event_name":"Dead Adventurer","floor":11,"gold_loss":0},{"damage_healed":0,"gold_gain":0,"player_choice":"","damage_taken":7,"max_hp_gain":0,"max_hp_loss":0,"event_name":"Knowing Skull","floor":19,"potions_obtained":[],"gold_loss":0,"cards_obtained":[]}],"is_beta":true,"boss_relics":[{"not_picked":["Pandora\u0027s Box","Black Blood"],"picked":"Cursed Key"}],"items_purged_floors":[4],"is_endless":false,"potions_floor_spawned":[1,5,16],"killed_by":"Sentry and Sphere","ascension_level":20}