{"gold_per_floor":[116,135,135,154,171,171,205,217,255,285,328,352,364,427,439,556,568,593,616,228,228,228,254,254,254],"floor_reached":25,"playtime":1268,"items_purged":[],"score":333,"play_id":"862d1683-e6e8-4154-88a1-6ea34a36a76d","local_time":"20180906101949","is_ascension_mode":true,"campfire_choices":[{"data":"Backflip","floor":6,"key":"SMITH"},{"data":"Backflip","floor":8,"key":"SMITH"},{"floor":13,"key":"REST"},{"data":"Leg Sweep","floor":15,"key":"SMITH"},{"data":"Bullet Time","floor":24,"key":"SMITH"}],"neow_cost":"","seed_source_timestamp":35283715672600,"circlet_count":0,"master_deck":["Defend_G","Defend_G","Defend_G","Defend_G","Defend_G","Strike_G","Strike_G","Strike_G","Strike_G","Survivor","Neutralize","Leg Sweep+1","Dagger Throw","Backflip+1","Backflip+1","Predator","PiercingWail","Unload","Bullet Time+1","Skewer+1","Mayhem","Glass Knife"],"relics":["Ring of the Snake","MawBank","Dream Catcher","Potion Belt","Vajra","Cursed Key","ClockworkSouvenir","Frozen Egg 2"],"potions_floor_usage":[7,11,11,16,23],"damage_taken":[{"damage":1,"enemies":"Cultist","floor":1,"turns":3},{"damage":1,"enemies":"Jaw Worm","floor":2,"turns":3},{"damage":3,"enemies":"2 Louse","floor":4,"turns":4},{"damage":1,"enemies":"Red Slaver","floor":5,"turns":4},{"damage":25,"enemies":"Gremlin Nob","floor":7,"turns":5},{"damage":18,"enemies":"Exordium Thugs","floor":10,"turns":7},{"damage":0,"enemies":"3 Sentries","floor":11,"turns":12},{"damage":1,"enemies":"2 Fungi Beasts","floor":12,"turns":6},{"damage":8,"enemies":"The Guardian","floor":16,"turns":15},{"damage":4,"enemies":"Chosen","floor":18,"turns":6},{"damage":0,"enemies":"Spheric Guardian","floor":19,"turns":3},{"damage":21,"enemies":"Slavers","floor":23,"turns":8},{"damage":50,"enemies":"Book of Stabbing","floor":25,"turns":5}],"seed_played":"2818830372479802503","potions_obtained":[{"floor":2,"key":"Dexterity Potion"},{"floor":4,"key":"PowerPotion"},{"floor":10,"key":"Swift Potion"},{"floor":12,"key":"Energy Potion"},{"floor":19,"key":"Poison Potion"}],"is_trial":false,"path_per_floor":["M","M","?","M","M","R","E","R","T","M","E","M","R","T","R","B",null,"M","M","$","?","?","E","R"],"character_chosen":"THE_SILENT","items_purchased":["Mayhem","ClockworkSouvenir"],"campfire_rested":1,"item_purchase_floors":[20,20],"current_hp_per_floor":[62,61,54,51,50,50,25,25,25,7,7,6,27,27,27,19,57,53,53,53,53,53,32,32,0],"gold":254,"neow_bonus":"","is_prod":false,"is_daily":false,"chose_seed":false,"campfire_upgraded":4,"win_rate":0,"timestamp":1536254389,"path_taken":["M","M","?","?","M","R","E","R","T","M","E","M","R","?","R","BOSS","M","M","$","?","?","E","R","E"],"build_version":"2018-09-04-v2","purchased_purges":0,"victory":false,"max_hp_per_floor":[70,70,70,70,70,70,70,70,70,70,70,70,70,70,70,70,70,70,70,70,70,70,70,70,70],"card_choices":[{"not_picked":["Deadly Poison","Outmaneuver"],"picked":"Leg Sweep","floor":1},{"not_picked":["Poisoned Stab","Bane","Concentrate"],"picked":"SKIP","floor":2},{"not_picked":["Bouncing Flask","Accuracy"],"picked":"Dagger Throw","floor":4},{"not_picked":["Expertise","Heel Hook"],"picked":"Backflip","floor":5},{"not_picked":["Prepared","Bouncing Flask"],"picked":"Backflip","floor":7},{"not_picked":["Blade Dance","Dagger Throw"],"picked":"Predator","floor":10},{"not_picked":["Eviscerate","Backflip"],"picked":"PiercingWail","floor":11},{"not_picked":["Poisoned Stab","Dagger Spray"],"picked":"Unload","floor":12},{"not_picked":["A Thousand Cuts","Burst"],"picked":"Bullet Time","floor":16},{"not_picked":["Bane","Outmaneuver"],"picked":"Skewer+1","floor":18},{"not_picked":["Poisoned Stab","Dagger Throw+1","Leg Sweep+1"],"picked":"SKIP","floor":19},{"not_picked":["Backflip","Deflect","Tactician"],"picked":"SKIP","floor":23}],"player_experience":253419,"relics_obtained":[{"floor":7,"key":"MawBank"},{"floor":9,"key":"Dream Catcher"},{"floor":11,"key":"Potion Belt"},{"floor":14,"key":"Vajra"},{"floor":23,"key":"Frozen Egg 2"}],"event_choices":[{"event_name":"Golden Wing","player_choice":"Card Removal","floor":3,"damage_taken":0},{"event_name":"The Library","player_choice":"Read","floor":21,"damage_taken":0},{"event_name":"Vampires","player_choice":"Ignored","floor":22,"damage_taken":0}],"is_beta":true,"boss_relics":[{"not_picked":["WristBlade","Runic Dome"],"picked":"Cursed Key"}],"items_purged_floors":[],"is_endless":false,"potions_floor_spawned":[2,4,10,12,19],"killed_by":"Book of Stabbing","ascension_level":6}