{"path_per_floor":["M","M","$","?","?","E","M","R","T","E","R","E","M","$","R","B",null,"M","?","T","?","?","E","M","R","T","R","?","E","M","M","R","B",null,"M","M","$","?","M"],"character_chosen":"THE_SILENT","items_purchased":["Footwork"],"gold_per_floor":[99,99,26,26,26,26,26,26,26,26,26,26,26,26,26,26,26,26,26,26,26,26,26,0,0,0,0,0,0,0,0,0,0,0,0,0,0,0,0,0],"floor_reached":40,"campfire_rested":2,"playtime":2097,"item_purchase_floors":[3],"current_hp_per_floor":[70,63,63,52,40,24,23,23,23,20,20,20,14,14,50,25,70,70,70,70,49,49,48,32,32,39,39,39,26,30,25,56,18,56,47,42,42,42,14,0],"items_purged":[],"gold":0,"score":492,"play_id":"d4bf7e73-46a4-44e1-bd61-ecf154dbe577","local_time":"20180519154117","is_prod":false,"is_daily":false,"chose_seed":false,"is_ascension_mode":false,"campfire_upgraded":4,"timestamp":1526769677,"campfire_choices":[{"data":"Footwork","floor":8,"key":"SMITH"},{"data":"Backflip","floor":11,"key":"SMITH"},{"floor":15,"key":"REST"},{"data":"Choke","floor":25,"key":"SMITH"},{"data":"Caltrops","floor":27,"key":"SMITH"},{"floor":32,"key":"REST"}],"path_taken":["M","M","$","?","?","E","M","R","T","E","R","E","M","?","R","BOSS","M","?","?","?","?","E","M","R","T","R","?","E","M","M","R","BOSS","M","M","?","?","M","E"],"build_version":"2018-05-18","seed_source_timestamp":106431576412771,"purchased_purges":0,"victory":false,"master_deck":["Defend_G","Defend_G","Defend_G","Defend_G","Survivor","Neutralize","Choke+1","Footwork+1","Caltrops+1","Backflip","Backflip+1","Quick Slash","Distraction","Venomology","Skewer+1","Terror+1","Slice+1","Bite","Bite","Bite","Bite","Bite","Prepared+1","A Thousand Cuts","Blur","Dash","Burst","Slice+1"],"max_hp_per_floor":[70,70,70,70,70,70,70,70,70,70,70,70,70,70,70,70,70,70,70,70,49,49,49,49,49,56,56,56,56,56,56,56,56,56,56,56,56,56,56,56],"relics":["Ectoplasm","Juzu Bracelet","Dodecahedron","Dream Catcher","Calipers","Regal Pillow","Astrolabe","Toolbox","Question Card","Bag of Preparation","Strawberry","Matryoshka","Black Star","Red Mask"],"card_choices":[{"not_picked":["Dodge and Roll","Deadly Poison","Prepared"],"picked":"SKIP","floor":1},{"not_picked":["Slice","PiercingWail"],"picked":"Choke","floor":2},{"not_picked":["Outmaneuver","Dagger Throw"],"picked":"Caltrops","floor":6},{"not_picked":["Heel Hook","Bane"],"picked":"Backflip","floor":7},{"not_picked":["Slice","Tactician"],"picked":"Backflip","floor":10},{"not_picked":["Underhanded Strike","Deadly Poison","Leg Sweep"],"picked":"SKIP","floor":12},{"not_picked":["Masterful Stab","Dodge and Roll"],"picked":"Quick Slash","floor":13},{"not_picked":["PiercingWail","Dagger Throw"],"picked":"Distraction","floor":15},{"not_picked":["Night Terror","Corpse Explosion"],"picked":"Venomology","floor":16},{"not_picked":["Expertise+1","Predator","Deadly Poison"],"picked":"SKIP","floor":18},{"not_picked":["Backflip","Leg Sweep","Dagger Throw"],"picked":"Prepared+1","floor":23},{"not_picked":["Eviscerate","Sucker Punch","Bane+1","PiercingWail"],"picked":"SKIP","floor":24},{"not_picked":["Prepared","Outmaneuver","PiercingWail"],"picked":"A Thousand Cuts","floor":29},{"not_picked":["Predator","Flying Knee","Burst","Eviscerate+1"],"picked":"SKIP","floor":30},{"not_picked":["Prepared+1","Acrobatics","Quick Slash"],"picked":"Blur","floor":31},{"not_picked":["Endless Agony+1","Underhanded Strike","Prepared"],"picked":"Dash","floor":32},{"not_picked":["Tools of the Trade","Tactician","Doppelganger"],"picked":"Burst","floor":33},{"not_picked":["Quick Slash+1","Flying Knee","Backflip","Catalyst+1"],"picked":"SKIP","floor":35},{"not_picked":["Masterful Stab+1","Backflip+1","Sucker Punch+1"],"picked":"Slice+1","floor":36},{"not_picked":["Crippling Poison","Deadly Poison","Dagger Throw","Poisoned Stab"],"picked":"SKIP","floor":39}],"player_experience":85803,"potions_floor_usage":[10,12,23,23,24,29,29,31,33,33,36],"damage_taken":[{"damage":0,"enemies":"Small Slimes","floor":1,"turns":4},{"damage":7,"enemies":"2 Louse","floor":2,"turns":4},{"damage":16,"enemies":"Gremlin Nob","floor":6,"turns":4},{"damage":1,"enemies":"Jaw Worm","floor":7,"turns":4},{"damage":3,"enemies":"Lagavulin","floor":10,"turns":7},{"damage":0,"enemies":"3 Sentries","floor":12,"turns":8},{"damage":6,"enemies":"Large Slime","floor":13,"turns":4},{"damage":25,"enemies":"The Guardian","floor":16,"turns":15},{"damage":0,"enemies":"Shell Parasite","floor":18,"turns":4},{"damage":13,"enemies":"Slavers","floor":23,"turns":5},{"damage":19,"enemies":"2 Thieves","floor":24,"turns":3},{"damage":25,"enemies":"Gremlin Leader","floor":29,"turns":5},{"damage":0,"enemies":"Snake Plant","floor":30,"turns":4},{"damage":15,"enemies":"3 Cultists","floor":31,"turns":4},{"damage":46,"enemies":"Collector","floor":33,"turns":8},{"damage":11,"enemies":"3 Shapes","floor":35,"turns":8},{"damage":13,"enemies":"Orb Walker","floor":36,"turns":4},{"damage":32,"enemies":"Spire Growth","floor":39,"turns":6},{"damage":65,"enemies":"Giant Head","floor":40,"turns":8}],"relics_obtained":[{"floor":6,"key":"Dodecahedron"},{"floor":9,"key":"Dream Catcher"},{"floor":10,"key":"Calipers"},{"floor":12,"key":"Regal Pillow"},{"floor":20,"key":"Toolbox"},{"floor":23,"key":"Bag of Preparation"},{"floor":26,"key":"Strawberry"},{"floor":29,"key":"Matryoshka"}],"event_choices":[{"event_name":"World of Goop","player_choice":"Gather Gold","floor":4,"damage_taken":0},{"event_name":"Scrap Ooze","player_choice":"success","floor":5,"damage_taken":12},{"event_name":"Beggar","player_choice":"Ignored","floor":19,"damage_taken":0},{"event_name":"Vampires","player_choice":"Became a vampire","floor":21,"damage_taken":0},{"event_name":"The Mausoleum","player_choice":"Yes","floor":22,"damage_taken":0},{"event_name":"Masked Bandits","player_choice":"Paid Bandits 0 gold","floor":28,"damage_taken":0},{"event_name":"Tomb of Lord Red Mask","player_choice":"Paid","floor":38,"damage_taken":0}],"boss_relics":[{"not_picked":["Snecko Eye","Philosopher\u0027s Stone"],"picked":"Astrolabe"},{"not_picked":["Calling Bell","Eternal Feather"],"picked":"Black Star"}],"items_purged_floors":[],"potions_floor_spawned":[6,7,10,16,23,29,35],"seed_played":"843135814432774092","killed_by":"Giant Head","ascension_level":0,"potions_obtained":[{"floor":6,"key":"Dexterity Potion"},{"floor":7,"key":"SkillPotion"},{"floor":10,"key":"EssenceOfSteel"},{"floor":16,"key":"AttackPotion"},{"floor":29,"key":"Block Potion"},{"floor":35,"key":"AttackPotion"}],"is_trial":false}