{"gold_per_floor":[116,130,130,205,480,480,491,507,507,526,45,57,57,57,57,133,133,148,100,100],"floor_reached":20,"playtime":657,"items_purged":["Regret"],"score":332,"play_id":"fc67a026-5be1-43ca-9f8a-7afc3fbc30d1","local_time":"20190120190741","is_ascension_mode":true,"campfire_choices":[{"data":"Neutralize","floor":6,"key":"SMITH"},{"floor":13,"key":"REST"},{"data":"Caltrops","floor":15,"key":"SMITH"}],"neow_cost":"TEN_PERCENT_HP_LOSS","seed_source_timestamp":109685908955000,"circlet_count":0,"master_deck":["AscendersBane","Defend_G","Defend_G","Defend_G","Defend_G","Defend_G","Strike_G","Strike_G","Strike_G+1","Strike_G","Strike_G","Survivor","Neutralize+1","Burst","Dagger Spray","Poisoned Stab+1","Backflip","Footwork","Deadly Poison","Blur","Caltrops+1","Burst"],"relics":["Ring of the Snake","Paper Crane","Pantograph","Pear","Whetstone","Cursed Key"],"potions_floor_usage":[10,16],"damage_taken":[{"damage":0,"enemies":"Cultist","floor":1,"turns":5},{"damage":0,"enemies":"2 Louse","floor":2,"turns":3},{"damage":5,"enemies":"Small Slimes","floor":7,"turns":4},{"damage":8,"enemies":"Red Slaver","floor":8,"turns":6},{"damage":14,"enemies":"Exordium Thugs","floor":10,"turns":3},{"damage":10,"enemies":"Lots of Slimes","floor":12,"turns":5},{"damage":34,"enemies":"Hexaghost","floor":16,"turns":8},{"damage":8,"enemies":"Spheric Guardian","floor":18,"turns":6},{"damage":19,"enemies":"2 Thieves","floor":19,"turns":5},{"damage":35,"enemies":"Shelled Parasite and Fungi","floor":20,"turns":5}],"seed_played":"260166895996555889","potions_obtained":[{"floor":1,"key":"SteroidPotion"},{"floor":12,"key":"LiquidBronze"},{"floor":16,"key":"Strength Potion"}],"is_trial":false,"path_per_floor":["M","M","?","?","?","R","M","M","T","M","$","M","R","T","R","B",null,"M","M","M"],"character_chosen":"THE_SILENT","items_purchased":["Deadly Poison","Pear","Blur"],"campfire_rested":1,"item_purchase_floors":[11,11,11],"current_hp_per_floor":[59,59,54,43,43,43,38,30,30,16,26,16,37,37,37,28,60,52,33,0],"gold":100,"neow_bonus":"THREE_RARE_CARDS","is_prod":false,"is_daily":false,"chose_seed":false,"campfire_upgraded":2,"win_rate":0,"timestamp":1548007661,"path_taken":["M","M","?","?","?","R","M","M","T","M","$","?","R","?","R","BOSS","M","?","M"],"build_version":"2019-01-19","purchased_purges":1,"victory":false,"max_hp_per_floor":[60,60,60,60,60,60,60,60,60,60,70,70,70,70,70,70,70,70,70,70],"card_choices":[{"not_picked":["Corpse Explosion","Tools of the Trade"],"picked":"Burst","floor":0},{"not_picked":["Flechettes","Dodge and Roll"],"picked":"Dagger Spray","floor":1},{"not_picked":["Deflect","Accuracy"],"picked":"Poisoned Stab","floor":2},{"not_picked":["Concentrate","Dagger Spray","Infinite Blades"],"picked":"SKIP","floor":7},{"not_picked":["Underhanded Strike","Flechettes"],"picked":"Backflip","floor":8},{"not_picked":["Prepared","Infinite Blades"],"picked":"Footwork","floor":10},{"not_picked":["PiercingWail","Heel Hook"],"picked":"Caltrops","floor":12},{"not_picked":["Storm of Steel","Bullet Time"],"picked":"Burst","floor":16},{"not_picked":["Blade Dance","Bane","Slice"],"picked":"SKIP","floor":18},{"not_picked":["Blade Dance","Bane","Slice"],"picked":"SKIP","floor":18},{"not_picked":["Backflip","Prepared","Eviscerate"],"picked":"SKIP","floor":19}],"player_experience":1058689,"relics_obtained":[{"floor":9,"key":"Pantograph"},{"floor":14,"key":"Whetstone"}],"event_choices":[{"damage_healed":0,"gold_gain":0,"player_choice":"Success","damage_taken":5,"relics_obtained":["Paper Crane"],"max_hp_gain":0,"max_hp_loss":0,"event_name":"Scrap Ooze","floor":3,"gold_loss":0},{"damage_healed":0,"gold_gain":75,"player_choice":"Gather Gold","damage_taken":11,"max_hp_gain":0,"max_hp_loss":0,"event_name":"World of Goop","floor":4,"gold_loss":0},{"damage_healed":0,"gold_gain":275,"player_choice":"Desecrate","damage_taken":0,"max_hp_gain":0,"max_hp_loss":0,"event_name":"Golden Shrine","floor":5,"gold_loss":0,"cards_obtained":["Regret"]}],"is_beta":true,"boss_relics":[{"not_picked":["Lizard Tail","Ectoplasm"],"picked":"Cursed Key"}],"items_purged_floors":[11],"is_endless":false,"potions_floor_spawned":[1,12,16],"killed_by":"Shelled Parasite and Fungi","ascension_level":20}