{"gold_per_floor":[119,119,119,132,56,96,96,109,109,34,48,69,69,93,93,192,192,212,212,212,212,32,32,59,70,70,40,40,70,84,116,116,192,192,202,222,237,337,354,354,388,388,413,413,413,413,437,448,448,448,448],"floor_reached":51,"playtime":7746,"items_purged":["Strike_G","Strike_G"],"score":1491,"play_id":"afcce722-c90d-45b8-9c54-d3e7df49c57f","local_time":"20190427181836","is_ascension_mode":true,"campfire_choices":[{"data":"1","floor":7.0,"key":"LIFT"},{"data":"2","floor":13.0,"key":"LIFT"},{"data":"3","floor":15.0,"key":"LIFT"},{"data":"Well Laid Plans","floor":23.0,"key":"SMITH"},{"data":"Footwork","floor":28.0,"key":"SMITH"},{"data":"Ghostly","floor":32.0,"key":"SMITH"},{"floor":40.0,"key":"RECALL"},{"data":"Crippling Poison","floor":42.0,"key":"SMITH"},{"data":"Malaise","floor":44.0,"key":"SMITH"},{"data":"Ghostly","floor":46.0,"key":"SMITH"},{"data":"Ghostly","floor":49.0,"key":"SMITH"}],"neow_cost":"NONE","seed_source_timestamp":764963138772719,"circlet_count":0,"master_deck":["AscendersBane","Defend_G","Defend_G","Defend_G","Defend_G","Defend_G","Strike_G+1","Strike_G+1","Strike_G","Survivor","Neutralize","Bane+1","Quick Slash","Footwork+1","Infinite Blades","Dagger Spray","Dash+1","PiercingWail","Night Terror","Deadly Poison+1","Crippling Poison+1","Ghostly+1","Ghostly+1","Ghostly+1","Well Laid Plans+1","Leg Sweep","Dodge and Roll","Doppelganger","Malaise+1","Leg Sweep","Eviscerate","Dodge and Roll+1","Dash+1","Terror+1","Injury","Writhe","Deadly Poison+1"],"special_seed":0,"relics":["Ring of the Snake","NeowsBlessing","Bloody Idol","Girya","Ice Cream","Snecko Eye","Turnip","Ninja Scroll","Bag of Preparation","Nunchaku","Cursed Key","Incense Burner","Paper Crane","Whetstone"],"potions_floor_usage":[],"damage_taken":[{"damage":0.0,"enemies":"Jaw Worm","floor":1.0,"turns":1.0},{"damage":0.0,"enemies":"2 Louse","floor":4.0,"turns":1.0},{"damage":0.0,"enemies":"Lagavulin","floor":6.0,"turns":1.0},{"damage":0.0,"enemies":"Cultist","floor":8.0,"turns":3.0},{"damage":1.0,"enemies":"3 Louse","floor":11.0,"turns":5.0},{"damage":2.0,"enemies":"Blue Slaver","floor":12.0,"turns":6.0},{"damage":4.0,"enemies":"Large Slime","floor":14.0,"turns":6.0},{"damage":33.0,"enemies":"Hexaghost","floor":16.0,"turns":10.0},{"damage":0.0,"enemies":"Spheric Guardian","floor":18.0,"turns":3.0},{"damage":4.0,"enemies":"Gremlin Leader","floor":24.0,"turns":8.0},{"damage":0.0,"enemies":"Chosen","floor":25.0,"turns":7.0},{"damage":16.0,"enemies":"Book of Stabbing","floor":29.0,"turns":7.0},{"damage":1.0,"enemies":"Centurion and Healer","floor":30.0,"turns":6.0},{"damage":0.0,"enemies":"Gremlin Leader","floor":31.0,"turns":9.0},{"damage":3.0,"enemies":"Automaton","floor":33.0,"turns":12.0},{"damage":2.0,"enemies":"Orb Walker","floor":35.0,"turns":5.0},{"damage":3.0,"enemies":"3 Shapes","floor":36.0,"turns":7.0},{"damage":15.0,"enemies":"3 Darklings","floor":37.0,"turns":8.0},{"damage":0.0,"enemies":"Mind Bloom Boss Battle","floor":38.0,"turns":9.0},{"damage":0.0,"enemies":"Jaw Worm Horde","floor":39.0,"turns":5.0},{"damage":6.0,"enemies":"Giant Head","floor":41.0,"turns":11.0},{"damage":0.0,"enemies":"Maw","floor":48.0,"turns":10.0},{"damage":4.0,"enemies":"Awakened One","floor":50.0,"turns":21.0},{"damage":33,"enemies":"Donu and Deca","floor":51,"turns":9}],"seed_played":"-2894641788906751601","potions_obtained":[{"floor":4.0,"key":"Poison Potion"},{"floor":8.0,"key":"SpeedPotion"},{"floor":12.0,"key":"Swift Potion"},{"floor":14.0,"key":"Energy Potion"},{"floor":16.0,"key":"Ancient Potion"},{"floor":24.0,"key":"GamblersBrew"},{"floor":30.0,"key":"SpeedPotion"}],"is_trial":false,"path_per_floor":["M","?","?","M","$","E","R","M","T","$","M","M","R","M","R","B",null,"M","?","?","?","$","R","E","M","T","?","R","E","M","E","R","B",null,"M","M","M","?","M","R","E","R","T","R","?","R","T","M","R","B","B"],"character_chosen":"THE_SILENT","items_purchased":["Footwork","Well Laid Plans"],"campfire_rested":0,"item_purchase_floors":[5,22],"current_hp_per_floor":[59,59,41,41,41,41,41,41,41,41,40,38,38,34,34,1,45,45,45,30,30,30,30,30,30,30,30,30,19,23,28,28,30,30,30,30,20,25,30,30,29,29,30,30,30,30,30,30,30,26,0],"gold":448,"neow_bonus":"THREE_ENEMY_KILL","is_prod":false,"is_daily":false,"chose_seed":false,"campfire_upgraded":7,"win_rate":0,"timestamp":1556410716,"path_taken":["M","?","?","M","?","E","R","M","T","?","M","?","R","M","R","BOSS","M","?","?","?","$","R","E","M","T","?","R","E","M","E","R","BOSS","M","M","?","?","M","R","E","R","T","R","?","R","?","M","R","BOSS","BOSS"],"build_version":"2019-04-23","purchased_purges":2,"victory":false,"max_hp_per_floor":[66,60,60,60,60,60,60,60,60,60,60,60,60,60,60,60,60,60,60,30,30,30,30,30,30,30,30,30,30,30,30,30,30,30,30,30,30,30,30,30,30,30,30,30,30,30,30,30,30,30,30],"card_choices":[{"not_picked":["Outmaneuver","Bane","Acrobatics"],"picked":"SKIP","floor":1.0},{"not_picked":["Outmaneuver","Acrobatics"],"picked":"Bane","floor":1.0},{"not_picked":["Flying Knee","Accuracy"],"picked":"Quick Slash","floor":4.0},{"not_picked":["Sucker Punch","Outmaneuver","Prepared"],"picked":"SKIP","floor":6.0},{"not_picked":["Dagger Throw","Dodge and Roll"],"picked":"Infinite Blades","floor":8.0},{"not_picked":["Doppelganger","Underhanded Strike"],"picked":"Dagger Spray","floor":11.0},{"not_picked":["Outmaneuver","Catalyst"],"picked":"Dash","floor":12.0},{"not_picked":["Choke","Flying Knee"],"picked":"PiercingWail","floor":14.0},{"not_picked":["Doppelganger","Tools of the Trade"],"picked":"Night Terror","floor":16.0},{"not_picked":["Setup","Blur"],"picked":"Deadly Poison+1","floor":18.0},{"not_picked":["Dagger Throw","Masterful Stab","Prepared"],"picked":"SKIP","floor":24.0},{"not_picked":["Blade Dance","Prepared","Underhanded Strike+1"],"picked":"SKIP","floor":25.0},{"not_picked":["Underhanded Strike","Poisoned Stab"],"picked":"Leg Sweep","floor":29.0},{"not_picked":["Blade Dance","Dagger Spray"],"picked":"Dodge and Roll","floor":30.0},{"not_picked":["Deflect","Bane"],"picked":"Doppelganger","floor":31.0},{"not_picked":["Tools of the Trade","Storm of Steel"],"picked":"Malaise","floor":33.0},{"not_picked":["Dagger Spray","Flying Knee","Cloak And Dagger"],"picked":"SKIP","floor":35.0},{"not_picked":["Flying Knee","Outmaneuver"],"picked":"Leg Sweep","floor":36.0},{"not_picked":["Blade Dance","Dagger Spray+1"],"picked":"Eviscerate","floor":37.0},{"not_picked":["Backstab+1","Deflect"],"picked":"Dodge and Roll+1","floor":38.0},{"not_picked":["Quick Slash","Sucker Punch"],"picked":"Dash+1","floor":39.0},{"not_picked":["Endless Agony","Bane"],"picked":"Terror+1","floor":41.0},{"not_picked":["Backflip","Expertise"],"picked":"Deadly Poison+1","floor":48.0}],"player_experience":3084561,"relics_obtained":[{"floor":6.0,"key":"Girya"},{"floor":9.0,"key":"Ice Cream"},{"floor":24.0,"key":"Turnip"},{"floor":26.0,"key":"Ninja Scroll"},{"floor":29.0,"key":"Bag of Preparation"},{"floor":31.0,"key":"Nunchaku"},{"floor":38.0,"key":"Incense Burner"},{"floor":41.0,"key":"Paper Crane"},{"floor":47.0,"key":"Whetstone"}],"event_choices":[{"damage_healed":0.0,"max_hp_gain":0.0,"max_hp_loss":6.0,"gold_gain":0.0,"event_name":"Golden Idol","player_choice":"Lose Max HP","floor":2.0,"gold_loss":0.0,"damage_taken":0.0,"relics_obtained":["Golden Idol"]},{"damage_healed":0.0,"max_hp_gain":0.0,"max_hp_loss":0.0,"gold_gain":0.0,"event_name":"Shining Light","player_choice":"Entered Light","floor":3.0,"gold_loss":0.0,"damage_taken":18.0,"cards_upgraded":["Strike_G","Strike_G"]},{"damage_healed":0.0,"max_hp_gain":0.0,"max_hp_loss":0.0,"gold_gain":0.0,"event_name":"The Library","player_choice":"Read","floor":19.0,"gold_loss":0.0,"damage_taken":0.0,"cards_obtained":["Crippling Poison"]},{"damage_healed":0.0,"max_hp_gain":0.0,"max_hp_loss":30.0,"gold_gain":0.0,"event_name":"Ghosts","player_choice":"Became a Ghost","floor":20.0,"gold_loss":0.0,"damage_taken":0.0,"cards_obtained":["Ghostly","Ghostly","Ghostly"]},{"damage_healed":0.0,"max_hp_gain":0.0,"max_hp_loss":0.0,"gold_gain":0.0,"event_name":"Forgotten Altar","player_choice":"Gave Idol","floor":21.0,"relics_lost":["Golden Idol"],"gold_loss":0.0,"damage_taken":0.0,"relics_obtained":["Bloody Idol"]},{"damage_healed":0.0,"max_hp_gain":0.0,"max_hp_loss":0.0,"gold_gain":0.0,"event_name":"The Woman in Blue","player_choice":"Bought 2 Potions","floor":27.0,"gold_loss":0.0,"damage_taken":0.0},{"damage_healed":0.0,"max_hp_gain":0.0,"max_hp_loss":0.0,"gold_gain":0.0,"event_name":"MindBloom","player_choice":"Fight","floor":38.0,"gold_loss":0.0,"damage_taken":0.0},{"damage_healed":0.0,"max_hp_gain":0.0,"max_hp_loss":0.0,"gold_gain":0.0,"event_name":"Tomb of Lord Red Mask","player_choice":"Ignored","floor":45.0,"gold_loss":0.0,"damage_taken":0.0}],"is_beta":true,"boss_relics":[{"not_picked":["Runic Dome","Tiny House"],"picked":"Snecko Eye"},{"not_picked":["Velvet Choker","Orrery"],"picked":"Cursed Key"}],"items_purged_floors":[10,22],"is_endless":false,"potions_floor_spawned":[4,8,12,14,16,24,30,33,35,36,38,48],"killed_by":"Donu and Deca","ascension_level":20}