{"gold_per_floor":[115,115,130,85,101,127,127,92,92,167,200,211,211,240,240,240],"floor_reached":16,"playtime":608,"items_purged":[],"score":142,"play_id":"ed7cdc68-53c9-4b6e-85cc-0534bce8c507","local_time":"20180722212121","is_ascension_mode":true,"campfire_choices":[{"data":"Noxious Fumes","floor":7,"key":"SMITH"},{"data":"Backflip","floor":13,"key":"SMITH"},{"floor":15,"key":"REST"}],"neow_cost":"","seed_source_timestamp":0,"circlet_count":0,"master_deck":["Defend_G","Defend_G","Defend_G","Defend_G","Defend_G","Strike_G","Strike_G","Strike_G","Strike_G","Strike_G","Survivor","Neutralize","Dagger Spray+1","Backflip","Backflip+1","Adrenaline","Noxious Fumes+1","Tools of the Trade","Escape Plan","Infinite Blades"],"special_seed":0,"relics":["Ring of the Snake","Torii","Kunai","Centennial Puzzle","Orichalcum"],"potions_floor_usage":[14,16],"damage_taken":[{"damage":6.0,"enemies":"Jaw Worm","floor":1.0,"turns":5.0},{"damage":0.0,"enemies":"Cultist","floor":3.0,"turns":3.0},{"damage":2.0,"enemies":"2 Louse","floor":5.0,"turns":2.0},{"damage":42.0,"enemies":"Lagavulin","floor":6.0,"turns":7.0},{"damage":9,"enemies":"3 Sentries","floor":11,"turns":5},{"damage":0,"enemies":"Large Slime","floor":12,"turns":4},{"damage":3,"enemies":"Lagavulin","floor":14,"turns":6},{"damage":35,"enemies":"The Guardian","floor":16,"turns":9}],"seed_played":"-8898151772085985448","potions_obtained":[{"floor":1.0,"key":"AttackPotion"},{"floor":12,"key":"FearPotion"},{"floor":14,"key":"AttackPotion"}],"is_trial":false,"path_per_floor":["M","?","M","$","M","E","R","?","T","?","E","M","R","E","R"],"character_chosen":"THE_SILENT","items_purchased":["Backflip"],"campfire_rested":1,"item_purchase_floors":[4],"current_hp_per_floor":[64,64,64,64,62,20,20,37,37,26,17,17,17,14,35,0],"gold":240,"neow_bonus":"","is_prod":false,"is_daily":false,"chose_seed":false,"campfire_upgraded":2,"win_rate":0,"timestamp":1532319681,"path_taken":["M","?","M","$","M","E","R","?","T","?","E","?","R","E","R","BOSS"],"build_version":"2018-07-19","purchased_purges":0,"victory":false,"max_hp_per_floor":[70,70,70,70,70,70,70,70,70,70,70,70,70,70,70,70],"card_choices":[{"not_picked":["Terror","Tactician"],"picked":"Dagger Spray","floor":1.0},{"not_picked":["Poisoned Stab","PiercingWail"],"picked":"Backflip","floor":3.0},{"not_picked":["Quick Slash","Prepared"],"picked":"Adrenaline","floor":5.0},{"not_picked":["Flying Knee","Skewer"],"picked":"Noxious Fumes","floor":6},{"not_picked":["Quick Slash","Slice"],"picked":"Tools of the Trade","floor":11},{"not_picked":["Acrobatics","Underhanded Strike"],"picked":"Escape Plan","floor":12},{"not_picked":["Bullet Time","Leg Sweep"],"picked":"Infinite Blades","floor":14}],"player_experience":178112,"relics_obtained":[{"floor":6,"key":"Torii"},{"floor":9,"key":"Kunai"},{"floor":11,"key":"Centennial Puzzle"},{"floor":14,"key":"Orichalcum"}],"event_choices":[{"event_name":"Living Wall","player_choice":"Grow","floor":2.0,"damage_taken":0.0},{"event_name":"The Cleric","player_choice":"Healed","floor":8,"damage_taken":0},{"event_name":"World of Goop","player_choice":"Gather Gold","floor":10,"damage_taken":0}],"is_beta":true,"boss_relics":[],"items_purged_floors":[],"is_endless":false,"potions_floor_spawned":[1,12,14],"killed_by":"The Guardian","ascension_level":4}