{"gold_per_floor":[368,124,124,134,148,148,173,173,200,212,13,13,30,64,64,142,142,142,153,78,92,109,109],"floor_reached":23,"playtime":651,"items_purged":["Defend_R"],"score":402,"play_id":"21bbf3a1-11dd-4fe8-9afd-92940e2f4b7b","local_time":"20190404230816","is_ascension_mode":true,"campfire_choices":[{"data":"Bash","floor":6.0,"key":"SMITH"},{"data":"Inflame","floor":8.0,"key":"SMITH"},{"floor":10.0,"key":"REST"},{"floor":15,"key":"REST"}],"neow_cost":"TEN_PERCENT_HP_LOSS","seed_source_timestamp":0,"circlet_count":0,"master_deck":["AscendersBane","Strike_R","Strike_R","Strike_R","Strike_R","Defend_R","Defend_R","Defend_R","Bash+1","Pummel","Inflame+1","Double Tap","Shrug It Off+1"],"special_seed":0,"relics":["Burning Blood","Red Skull","Regal Pillow","Potion Belt","MawBank","Sling","Mercury Hourglass","Snecko Eye"],"potions_floor_usage":[16,16,18,23],"damage_taken":[{"damage":2.0,"enemies":"2 Louse","floor":1.0,"turns":4.0},{"damage":9.0,"enemies":"Small Slimes","floor":4.0,"turns":4.0},{"damage":2.0,"enemies":"Jaw Worm","floor":5.0,"turns":3.0},{"damage":32.0,"enemies":"Gremlin Nob","floor":7.0,"turns":4.0},{"damage":17,"enemies":"2 Fungi Beasts","floor":13,"turns":4},{"damage":30,"enemies":"3 Sentries","floor":14,"turns":7},{"damage":54,"enemies":"Hexaghost","floor":16,"turns":6},{"damage":0,"enemies":"2 Thieves","floor":18,"turns":1},{"damage":30,"enemies":"Shell Parasite","floor":19,"turns":3},{"damage":13,"enemies":"Centurion and Healer","floor":21,"turns":5},{"damage":18,"enemies":"Cultist and Chosen","floor":22,"turns":4},{"damage":29,"enemies":"Slavers","floor":23,"turns":3}],"seed_played":"-7274212579722543361","potions_obtained":[{"floor":4.0,"key":"SmokeBomb"},{"floor":5.0,"key":"Dexterity Potion"},{"floor":13,"key":"SteroidPotion"},{"floor":14,"key":"Energy Potion"},{"floor":21,"key":"SteroidPotion"}],"is_trial":false,"path_per_floor":["M","$","?","M","M","R","E","R","T","R","$","?","M","E","R","B",null,"M","M","?","M","M","E"],"character_chosen":"IRONCLAD","items_purchased":["Red Skull","Sling"],"campfire_rested":2,"item_purchase_floors":[2,11],"current_hp_per_floor":[68,68,57,54,58,58,32,32,32,67,67,67,56,32,67,19,56,62,38,38,31,19,0],"gold":109,"neow_bonus":"TWO_FIFTY_GOLD","is_prod":false,"is_daily":false,"chose_seed":false,"campfire_upgraded":2,"win_rate":0,"timestamp":1554412096,"path_taken":["M","$","?","M","M","R","E","R","T","R","$","?","M","E","R","BOSS","M","M","?","M","M","E"],"build_version":"2019-03-15","purchased_purges":1,"victory":false,"max_hp_per_floor":[68,68,68,68,68,68,68,68,68,68,68,68,68,68,68,68,68,68,68,68,68,68,68],"card_choices":[{"not_picked":["Thunderclap","Metallicize"],"picked":"Pummel","floor":1.0},{"not_picked":["Iron Wave","Combust","Disarm"],"picked":"SKIP","floor":4.0},{"not_picked":["Rampage","Flame Barrier"],"picked":"Inflame","floor":5.0},{"not_picked":["Flex","Cleave","Havoc"],"picked":"SKIP","floor":7.0},{"not_picked":["Clash","Power Through","Sever Soul"],"picked":"SKIP","floor":13},{"not_picked":["Headbutt","Carnage","Clothesline"],"picked":"SKIP","floor":14},{"not_picked":["Juggernaut","Bludgeon"],"picked":"Double Tap","floor":16},{"not_picked":["Wild Strike+1","Perfected Strike","Metallicize"],"picked":"SKIP","floor":19},{"not_picked":["Rampage","Cleave+1","Power Through"],"picked":"SKIP","floor":21},{"not_picked":["Infernal Blade","Headbutt+1"],"picked":"Shrug It Off+1","floor":22}],"player_experience":1331616,"relics_obtained":[{"floor":7.0,"key":"Potion Belt"},{"floor":9.0,"key":"MawBank"},{"floor":14,"key":"Mercury Hourglass"}],"event_choices":[{"damage_healed":0.0,"max_hp_gain":0.0,"max_hp_loss":0.0,"gold_gain":0.0,"event_name":"Scrap Ooze","player_choice":"Success","floor":3.0,"gold_loss":0.0,"damage_taken":11.0,"relics_obtained":["Regal Pillow"]},{"damage_healed":0,"gold_gain":0,"player_choice":"Ignored","damage_taken":0,"max_hp_gain":0,"max_hp_loss":0,"event_name":"Liars Game","floor":12,"gold_loss":0},{"cards_removed":["Strike_R"],"damage_healed":0,"gold_gain":0,"player_choice":"Gave Gold","damage_taken":0,"max_hp_gain":0,"max_hp_loss":0,"event_name":"Beggar","floor":20,"gold_loss":75}],"is_beta":true,"boss_relics":[{"not_picked":["Runic Dome","Tiny House"],"picked":"Snecko Eye"}],"items_purged_floors":[2],"is_endless":false,"potions_floor_spawned":[4,5,13,14,18,21],"killed_by":"Slavers","ascension_level":20}