{"gold_per_floor":[111,128,278,301,186,211,211,231,231,156,169,188,207,227,227,300,300,316,336,336,5,18,18,18,29,55,75,36,36,54,54,54,54],"floor_reached":33,"playtime":1102,"items_purged":["Doubt","Pain"],"score":552,"play_id":"1e5128f4-0317-40da-8d93-99654447fcc2","local_time":"20190121210727","is_ascension_mode":true,"campfire_choices":[{"data":"Neutralize","floor":7,"key":"SMITH"},{"data":"Noxious Fumes","floor":15,"key":"SMITH"},{"floor":23,"key":"REST"},{"data":"Bouncing Flask","floor":29,"key":"SMITH"},{"data":"Noxious Fumes","floor":32,"key":"SMITH"}],"neow_cost":"NONE","seed_source_timestamp":202830333313000,"circlet_count":0,"master_deck":["AscendersBane","Defend_G","Defend_G","Defend_G","Strike_G","Strike_G","Strike_G","Survivor","Neutralize+1","Blade Dance","Dash","Cloak And Dagger","Backflip","Noxious Fumes+1","Flying Knee","Noxious Fumes+1","Blur","Adrenaline","Heel Hook+1","Choke+1","Poisoned Stab+1","Deadly Poison+1","Bouncing Flask+1","Prepared","Grand Finale"],"relics":["Ring of the Snake","NeowsBlessing","Snake Skull","Meat on the Bone","Question Card","Astrolabe","WarpedTongs","MealTicket","Bronze Scales"],"potions_floor_usage":[11,16,19,30,33],"damage_taken":[{"damage":0,"enemies":"Cultist","floor":1,"turns":1},{"damage":0,"enemies":"Jaw Worm","floor":2,"turns":1},{"damage":0,"enemies":"Gremlin Nob","floor":6,"turns":1},{"damage":6,"enemies":"Small Slimes","floor":8,"turns":3},{"damage":7,"enemies":"Exordium Thugs","floor":11,"turns":5},{"damage":5,"enemies":"Gremlin Gang","floor":12,"turns":6},{"damage":1,"enemies":"Exordium Wildlife","floor":13,"turns":5},{"damage":0,"enemies":"2 Fungi Beasts","floor":14,"turns":4},{"damage":19,"enemies":"Slime Boss","floor":16,"turns":10},{"damage":11,"enemies":"Chosen","floor":18,"turns":5},{"damage":0,"enemies":"2 Thieves","floor":19,"turns":3},{"damage":43,"enemies":"Sentry and Sphere","floor":22,"turns":7},{"damage":14,"enemies":"Centurion and Healer","floor":25,"turns":6},{"damage":20,"enemies":"Snake Plant","floor":27,"turns":4},{"damage":9,"enemies":"3 Cultists","floor":30,"turns":4},{"damage":45,"enemies":"Collector","floor":33,"turns":5}],"seed_played":"-3789391906074238072","potions_obtained":[{"floor":6,"key":"SpeedPotion"},{"floor":8,"key":"Block Potion"},{"floor":12,"key":"FearPotion"},{"floor":18,"key":"Fire Potion"},{"floor":27,"key":"Explosive Potion"},{"floor":30,"key":"Strength Potion"}],"is_trial":false,"path_per_floor":["M","?","T","M","M","?","$","M","?"],"character_chosen":"THE_SILENT","items_purchased":["Dash","Noxious Fumes","MealTicket","Bouncing Flask"],"campfire_rested":1,"item_purchase_floors":[5,10,21,28],"current_hp_per_floor":[59,59,59,59,59,59,59,53,53,53,46,41,40,40,40,33,58,47,47,47,47,16,35,35,33,33,25,40,40,43,43,43,0],"gold":54,"neow_bonus":"THREE_ENEMY_KILL","is_prod":false,"is_daily":false,"chose_seed":false,"campfire_upgraded":4,"win_rate":0,"timestamp":1548101247,"path_taken":["M","?","?","?","$","E","R","M","T","$","M","M","?","M","R","BOSS","M","?","?","$","M","R","?","M","T","M","$","R","?","?","R","BOSS"],"build_version":"2019-01-20","purchased_purges":2,"victory":false,"max_hp_per_floor":[66,66,66,66,66,66,66,66,66,66,66,66,66,66,66,66,66,66,66,66,66,66,66,66,66,66,66,66,66,66,66,66,66],"card_choices":[{"not_picked":["Underhanded Strike","Deflect"],"picked":"Blade Dance","floor":1},{"not_picked":["All Out Attack","Underhanded Strike","Quick Slash"],"picked":"SKIP","floor":2},{"not_picked":["Slice","Infinite Blades"],"picked":"Cloak And Dagger","floor":6},{"not_picked":["Cloak And Dagger","Predator"],"picked":"Backflip","floor":8},{"not_picked":["Expertise","Leg Sweep","Outmaneuver","Caltrops"],"picked":"SKIP","floor":11},{"not_picked":["Crippling Poison","Acrobatics","Dagger Spray"],"picked":"Flying Knee","floor":12},{"not_picked":["Backflip","Escape Plan","Terror"],"picked":"Noxious Fumes","floor":13},{"not_picked":["Blade Dance","Outmaneuver","Slice"],"picked":"Blur","floor":14},{"not_picked":["Tools of the Trade","Wraith Form v2","Malaise"],"picked":"Adrenaline","floor":16},{"not_picked":["Underhanded Strike","Slice","Dodge and Roll","PiercingWail"],"picked":"SKIP","floor":18},{"not_picked":["Sucker Punch","Infinite Blades","Night Terror"],"picked":"Poisoned Stab+1","floor":19},{"not_picked":["Bane","Predator+1","Terror","Choke"],"picked":"SKIP","floor":22},{"not_picked":["PiercingWail","Sucker Punch","Leg Sweep","Dodge and Roll"],"picked":"SKIP","floor":25},{"not_picked":["Finisher","Dagger Throw","Well Laid Plans"],"picked":"Deadly Poison+1","floor":27},{"not_picked":["Underhanded Strike+1","Predator","Accuracy","Grand Finale"],"picked":"SKIP","floor":30}],"player_experience":1069275,"relics_obtained":[{"floor":4,"key":"Snake Skull"},{"floor":6,"key":"Meat on the Bone"},{"floor":9,"key":"Question Card"},{"floor":26,"key":"Bronze Scales"}],"event_choices":[{"damage_healed":0,"gold_gain":150,"player_choice":"AGREE","damage_taken":0,"max_hp_gain":0,"max_hp_loss":0,"event_name":"Liars Game","floor":3,"gold_loss":0,"cards_obtained":["Doubt"]},{"damage_healed":0,"gold_gain":0,"player_choice":"Rummage","damage_taken":0,"relics_obtained":["WarpedTongs"],"max_hp_gain":0,"max_hp_loss":0,"event_name":"Accursed Blacksmith","floor":20,"gold_loss":0,"cards_obtained":["Pain"]},{"damage_healed":0,"gold_gain":0,"cards_transformed":["Concentrate","Strike_G"],"player_choice":"Became Test Subject","damage_taken":0,"max_hp_gain":0,"max_hp_loss":0,"event_name":"Drug Dealer","floor":31,"gold_loss":0,"cards_obtained":["Prepared","Grand Finale"]}],"is_beta":true,"boss_relics":[{"not_picked":["Tiny House","Sozu"],"picked":"Astrolabe"}],"items_purged_floors":[5,21],"is_endless":false,"potions_floor_spawned":[6,8,12,18,27,30],"killed_by":"Collector","ascension_level":20}