{"gold_per_floor":[119,129,54,54,54,92,92,111,111,144,165,186,186,206,206,206],"floor_reached":16,"playtime":325,"items_purged":["Defend_R"],"score":102,"play_id":"39046aa4-6107-479f-8f10-80f0bcfb0348","local_time":"20190209234437","is_ascension_mode":false,"campfire_choices":[{"data":"Bash","floor":7.0,"key":"SMITH"},{"floor":13,"key":"REST"},{"floor":15,"key":"REST"}],"neow_cost":"NONE","seed_source_timestamp":0,"circlet_count":0,"master_deck":["Strike_R","Strike_R","Strike_R","Strike_R","Strike_R","Defend_R","Defend_R","Bash+1"],"special_seed":0,"relics":["Burning Blood","Golden Idol","Ornamental Fan","Odd Mushroom"],"potions_floor_usage":[],"damage_taken":[{"damage":7.0,"enemies":"Small Slimes","floor":1.0,"turns":4.0},{"damage":0.0,"enemies":"2 Louse","floor":2.0,"turns":3.0},{"damage":28.0,"enemies":"Gremlin Nob","floor":6.0,"turns":4.0},{"damage":6.0,"enemies":"Jaw Worm","floor":8.0,"turns":3.0},{"damage":23,"enemies":"The Mushroom Lair","floor":10,"turns":4},{"damage":16,"enemies":"3 Louse","floor":11,"turns":5},{"damage":10,"enemies":"Looter","floor":12,"turns":3},{"damage":17,"enemies":"Large Slime","floor":14,"turns":7},{"damage":0,"enemies":"The Guardian","floor":16,"turns":1}],"seed_played":"6797664605834847722","potions_obtained":[{"floor":1.0,"key":"Regen Potion"},{"floor":6.0,"key":"AttackPotion"},{"floor":10,"key":"BloodPotion"},{"floor":12,"key":"FearPotion"}],"is_trial":false,"path_per_floor":["M","M","$","?","?","E","R","M","T","?","M","M","R","M","R","B"],"character_chosen":"IRONCLAD","items_purchased":[],"campfire_rested":2,"item_purchase_floors":[],"current_hp_per_floor":[79,80,80,60,65,43,43,52,52,35,25,21,46,35,60,60],"gold":206,"neow_bonus":"REMOVE_CARD","is_prod":false,"is_daily":false,"chose_seed":false,"campfire_upgraded":1,"win_rate":0,"timestamp":1549752277,"path_taken":["M","M","$","?","?","E","R","M","T","?","M","M","R","M","R","BOSS"],"build_version":"2019-02-06","purchased_purges":1,"victory":false,"max_hp_per_floor":[80,80,80,80,85,85,85,85,85,85,85,85,85,85,85,85],"card_choices":[{"not_picked":["Pommel Strike","Rupture","Armaments"],"picked":"SKIP","floor":1.0},{"not_picked":["Iron Wave","Armaments","Twin Strike"],"picked":"SKIP","floor":2.0},{"not_picked":["Feed","Thunderclap","Wild Strike"],"picked":"SKIP","floor":6.0},{"not_picked":["Spot Weakness","Havoc","Body Slam"],"picked":"SKIP","floor":8.0},{"not_picked":["Thunderclap","Corruption","Shockwave"],"picked":"SKIP","floor":11},{"not_picked":["Heavy Blade","Berserk","Perfected Strike"],"picked":"SKIP","floor":12},{"not_picked":["Pommel Strike","Ghostly Armor","Heavy Blade"],"picked":"SKIP","floor":14}],"player_experience":1138535,"relics_obtained":[{"floor":6.0,"key":"Ornamental Fan"},{"floor":10,"key":"Odd Mushroom"}],"event_choices":[{"damage_healed":0.0,"max_hp_gain":0.0,"max_hp_loss":0.0,"gold_gain":0.0,"event_name":"Golden Idol","player_choice":"Take Damage","floor":4.0,"gold_loss":0.0,"damage_taken":20.0,"relics_obtained":["Golden Idol"]},{"damage_healed":0.0,"max_hp_gain":5.0,"max_hp_loss":0.0,"gold_gain":0.0,"event_name":"Big Fish","player_choice":"Donut","floor":5.0,"gold_loss":0.0,"damage_taken":0.0},{"damage_healed":0,"gold_gain":0,"player_choice":"Fought Mushrooms","damage_taken":0,"max_hp_gain":0,"max_hp_loss":0,"event_name":"Mushrooms","floor":10,"gold_loss":0}],"is_beta":true,"boss_relics":[],"items_purged_floors":[3],"is_endless":false,"potions_floor_spawned":[1,6,10,12],"killed_by":"The Guardian","ascension_level":0}