{"gold_per_floor":[114,114,125,105,68,68,100,100,100,115,129,129,147,165,165,242,242,258,269,269,280,280],"floor_reached":22,"playtime":487,"items_purged":[],"score":426,"play_id":"88272218-1dd6-4bae-9e16-aae7dc16271f","local_time":"20190201232826","is_ascension_mode":true,"campfire_choices":[{"data":"Neutralize","floor":6,"key":"SMITH"},{"floor":8,"key":"REST"},{"data":"Poisoned Stab","floor":12,"key":"SMITH"},{"data":"Deadly Poison","floor":15,"key":"SMITH"}],"neow_cost":"NONE","seed_source_timestamp":1162349989932100,"circlet_count":0,"master_deck":["AscendersBane","Defend_G","Defend_G","Defend_G","Defend_G","Defend_G","Strike_G+1","Strike_G","Strike_G","Strike_G+1","Strike_G","Survivor","Neutralize+1","Backstab","Backstab","Well Laid Plans","Backstab","Backflip","Poisoned Stab+1","Deadly Poison+1","Storm of Steel","Footwork","Bouncing Flask"],"relics":["Ring of the Snake","Oddly Smooth Stone","Mercury Hourglass","Philosopher\u0027s Stone","Nloth\u0027s Gift"],"potions_floor_usage":[16,19,21],"damage_taken":[{"damage":0,"enemies":"Jaw Worm","floor":1,"turns":1},{"damage":0,"enemies":"Small Slimes","floor":3,"turns":1},{"damage":0,"enemies":"3 Sentries","floor":7,"turns":1},{"damage":0,"enemies":"Cultist","floor":10,"turns":1},{"damage":0,"enemies":"Looter","floor":11,"turns":1},{"damage":0,"enemies":"Lots of Slimes","floor":13,"turns":1},{"damage":8,"enemies":"Large Slime","floor":14,"turns":4},{"damage":5,"enemies":"The Guardian","floor":16,"turns":8},{"damage":20,"enemies":"Spheric Guardian","floor":18,"turns":4},{"damage":11,"enemies":"Shell Parasite","floor":19,"turns":4},{"damage":14,"enemies":"3 Cultists","floor":21,"turns":5},{"damage":17,"enemies":"Shelled Parasite and Fungi","floor":22,"turns":1}],"seed_played":"-4020382447778232041","potions_obtained":[{"floor":1,"key":"SkillPotion"},{"floor":11,"key":"Dexterity Potion"},{"floor":18,"key":"Ancient Potion"},{"floor":19,"key":"Swift Potion"}],"is_trial":false,"path_per_floor":["M","?","M","?","$","R","E","R","T","M","M","R","M","M","R","B",null,"M","M","?","M","M"],"character_chosen":"THE_SILENT","items_purchased":["Well Laid Plans"],"campfire_rested":1,"item_purchase_floors":[5],"current_hp_per_floor":[59,39,39,39,39,39,39,58,58,58,58,58,58,50,50,45,61,41,30,30,16,0],"gold":280,"neow_bonus":"THREE_ENEMY_KILL","is_prod":false,"is_daily":false,"chose_seed":false,"campfire_upgraded":3,"win_rate":0,"timestamp":1549060106,"path_taken":["M","?","M","?","$","R","E","R","T","M","?","R","M","M","R","BOSS","M","M","?","M","M"],"build_version":"2019-01-23","purchased_purges":0,"victory":false,"max_hp_per_floor":[66,66,66,66,66,66,66,66,66,66,66,66,66,66,66,66,66,66,66,66,66,66],"card_choices":[{"not_picked":["Choke","Dagger Spray"],"picked":"Backstab","floor":1},{"not_picked":["Sucker Punch","Prepared"],"picked":"Backstab","floor":3},{"not_picked":["Noxious Fumes","Dodge and Roll"],"picked":"Backstab","floor":7},{"not_picked":["Slice","Deadly Poison"],"picked":"Backflip","floor":10},{"not_picked":["Flying Knee","Deadly Poison"],"picked":"Poisoned Stab","floor":11},{"not_picked":["Deflect","Wraith Form v2"],"picked":"Deadly Poison","floor":13},{"not_picked":["Calculated Gamble","Dagger Throw","Choke"],"picked":"SKIP","floor":14},{"not_picked":["Doppelganger","Phantasmal Killer"],"picked":"Storm of Steel","floor":16},{"not_picked":["Choke","Tactician","Quick Slash"],"picked":"SKIP","floor":18},{"not_picked":["Tactician+1","Flying Knee"],"picked":"Footwork","floor":19},{"not_picked":["Choke","Prepared"],"picked":"Bouncing Flask","floor":21}],"player_experience":1115896,"relics_obtained":[{"floor":7,"key":"Oddly Smooth Stone"},{"floor":9,"key":"Mercury Hourglass"}],"event_choices":[{"damage_healed":0,"gold_gain":0,"player_choice":"Entered Light","damage_taken":20,"max_hp_gain":0,"max_hp_loss":0,"event_name":"Shining Light","floor":2,"gold_loss":0,"cards_upgraded":["Strike_G","Strike_G"]},{"damage_healed":0,"gold_gain":0,"player_choice":"Bought 1 Potion","damage_taken":0,"max_hp_gain":0,"max_hp_loss":0,"event_name":"The Woman in Blue","floor":4,"gold_loss":0},{"damage_healed":0,"gold_gain":0,"player_choice":"Traded Relic","damage_taken":0,"relics_obtained":["Nloth\u0027s Gift"],"max_hp_gain":0,"max_hp_loss":0,"event_name":"N\u0027loth","floor":20,"relics_lost":["NeowsBlessing"],"gold_loss":0}],"is_beta":true,"boss_relics":[{"not_picked":["Fusion Hammer","Empty Cage"],"picked":"Philosopher\u0027s Stone"}],"items_purged_floors":[],"is_endless":false,"potions_floor_spawned":[1,11,18,19],"killed_by":"Shelled Parasite and Fungi","ascension_level":20}