{"gold_per_floor":[118,5,5,35,47,81,81,111,163,163,178,178,198,213,213,213],"floor_reached":16,"playtime":575,"items_purged":[],"score":270,"play_id":"8ea142fa-11b5-4f14-be84-efe215b5e408","local_time":"20190109212027","is_ascension_mode":true,"campfire_choices":[{"data":"Footwork","floor":7.0,"key":"SMITH"},{"floor":10,"key":"REST"},{"floor":15,"key":"REST"}],"neow_cost":"NONE","seed_source_timestamp":0,"circlet_count":0,"master_deck":["AscendersBane","Defend_G","Defend_G","Defend_G","Defend_G","Defend_G","Strike_G","Strike_G","Strike_G","Strike_G","Survivor","Neutralize","Footwork+1","Leg Sweep","Regret","Blade Dance","Burst","Dagger Throw","Flechettes","Backflip"],"special_seed":0,"relics":["Ring of the Snake","NeowsBlessing","Art of War","Tiny Chest","Lantern","Girya","Anchor"],"potions_floor_usage":[8,8,16,16],"damage_taken":[{"damage":0.0,"enemies":"Jaw Worm","floor":1.0,"turns":1.0},{"damage":0.0,"enemies":"Small Slimes","floor":5.0,"turns":1.0},{"damage":0.0,"enemies":"Gremlin Nob","floor":6.0,"turns":1.0},{"damage":31,"enemies":"3 Sentries","floor":8,"turns":12},{"damage":11,"enemies":"Cultist","floor":11,"turns":5},{"damage":5,"enemies":"Exordium Thugs","floor":13,"turns":4},{"damage":6,"enemies":"2 Fungi Beasts","floor":14,"turns":5},{"damage":31,"enemies":"Hexaghost","floor":16,"turns":11}],"seed_played":"5865654667483884044","potions_obtained":[{"floor":1.0,"key":"EntropicBrew"},{"floor":8,"key":"Strength Potion"},{"floor":13,"key":"AttackPotion"}],"is_trial":false,"path_per_floor":["M","$","?","?","M","E","R","E","T","R","M","?","M","M","R","B"],"character_chosen":"THE_SILENT","items_purchased":["Footwork","Leg Sweep"],"campfire_rested":2,"item_purchase_floors":[2,2],"current_hp_per_floor":[59,59,59,48,48,48,48,17,17,36,25,25,20,14,33,2],"gold":213,"neow_bonus":"THREE_ENEMY_KILL","is_prod":false,"is_daily":false,"chose_seed":false,"campfire_upgraded":1,"win_rate":0,"timestamp":1547065227,"path_taken":["M","$","?","?","M","E","R","E","T","R","M","?","M","?","R","BOSS"],"build_version":"2019-01-08","purchased_purges":0,"victory":false,"max_hp_per_floor":[66,66,66,66,66,66,66,66,66,66,66,66,66,66,66,66],"card_choices":[{"not_picked":["Bouncing Flask","Outmaneuver","PiercingWail"],"picked":"SKIP","floor":1.0},{"not_picked":["Bouncing Flask","Outmaneuver","PiercingWail"],"picked":"SKIP","floor":1.0},{"not_picked":["Underhanded Strike","Prepared","Deflect"],"picked":"SKIP","floor":5.0},{"not_picked":["Predator","Unload"],"picked":"Blade Dance","floor":6.0},{"not_picked":["Setup","Wraith Form v2"],"picked":"Burst","floor":8},{"not_picked":["Outmaneuver","Flying Knee"],"picked":"Dagger Throw","floor":11},{"not_picked":["Bane","Phantasmal Killer","Underhanded Strike"],"picked":"SKIP","floor":13},{"not_picked":["Quick Slash","Deflect"],"picked":"Backflip","floor":14}],"player_experience":1023858,"relics_obtained":[{"floor":6.0,"key":"Lantern"},{"floor":8,"key":"Girya"},{"floor":9,"key":"Anchor"}],"event_choices":[{"damage_healed":0.0,"max_hp_gain":0.0,"max_hp_loss":0.0,"gold_gain":0.0,"event_name":"Big Fish","player_choice":"Box","floor":3.0,"gold_loss":0.0,"damage_taken":0.0,"relics_obtained":["Art of War"],"cards_obtained":["Regret"]},{"damage_healed":0.0,"max_hp_gain":0.0,"max_hp_loss":0.0,"gold_gain":0.0,"event_name":"Scrap Ooze","player_choice":"Success","floor":4.0,"gold_loss":0.0,"damage_taken":11.0,"relics_obtained":["Tiny Chest"]},{"damage_healed":0,"gold_gain":0,"cards_transformed":["Strike_G"],"player_choice":"Transformed","damage_taken":0,"max_hp_gain":0,"max_hp_loss":0,"event_name":"Transmorgrifier","floor":12,"gold_loss":0,"cards_obtained":["Flechettes"]}],"is_beta":true,"boss_relics":[],"items_purged_floors":[],"is_endless":false,"potions_floor_spawned":[1,8,13,14],"killed_by":"Hexaghost","ascension_level":20}