{"gold_per_floor":[114,94,111,36,36,77,97,97,172,195,195,209,209,224,224,317,317,331,331],"floor_reached":19,"playtime":349,"items_purged":["Strike_R"],"score":388,"play_id":"c0c4134f-53d2-4764-8f38-deef68e48d1a","local_time":"20190421011035","is_ascension_mode":true,"campfire_choices":[{"data":"Bash","floor":8,"key":"SMITH"},{"data":"Demon Form","floor":13,"key":"SMITH"},{"data":"Sword Boomerang","floor":15,"key":"SMITH"}],"neow_cost":"NONE","seed_source_timestamp":906839904774700,"circlet_count":0,"master_deck":["AscendersBane","Strike_R","Strike_R","Strike_R","Strike_R","Defend_R","Defend_R","Defend_R","Defend_R","Bash+1","Sword Boomerang+1","Pummel","Demon Form+1","Pummel","Immolate","Shrug It Off"],"relics":["Burning Blood","NeowsBlessing","Golden Idol","Bronze Scales","Black Star"],"potions_floor_usage":[12],"damage_taken":[{"damage":0,"enemies":"2 Louse","floor":1,"turns":1},{"damage":0,"enemies":"Cultist","floor":3,"turns":1},{"damage":0,"enemies":"Lagavulin","floor":6,"turns":1},{"damage":4,"enemies":"Small Slimes","floor":7,"turns":3},{"damage":15,"enemies":"Gremlin Gang","floor":10,"turns":6},{"damage":12,"enemies":"Looter","floor":12,"turns":3},{"damage":16,"enemies":"Lots of Slimes","floor":14,"turns":5},{"damage":27,"enemies":"Hexaghost","floor":16,"turns":5},{"damage":52,"enemies":"2 Thieves","floor":18,"turns":4},{"damage":21,"enemies":"Shell Parasite","floor":19,"turns":1}],"seed_played":"5574283225169842171","potions_obtained":[{"floor":1,"key":"Energy Potion"},{"floor":2,"key":"Energy Potion"},{"floor":3,"key":"Strength Potion"},{"floor":11,"key":"BloodPotion"},{"floor":18,"key":"FearPotion"}],"is_trial":false,"path_per_floor":["M","?","M","$","?","E","M","R","T","M","?","M","R","M","R","B",null,"M","M"],"character_chosen":"IRONCLAD","items_purchased":[],"campfire_rested":0,"item_purchase_floors":[],"current_hp_per_floor":[74,74,75,75,49,55,57,57,57,48,48,49,49,39,39,18,61,15,0],"gold":331,"neow_bonus":"THREE_ENEMY_KILL","is_prod":false,"is_daily":false,"chose_seed":false,"campfire_upgraded":3,"win_rate":0,"timestamp":1555801835,"path_taken":["M","?","?","$","?","E","M","R","T","M","?","M","R","M","R","BOSS","M","?"],"build_version":"2019-04-20","purchased_purges":1,"victory":false,"max_hp_per_floor":[75,75,75,75,75,75,75,75,75,75,75,75,75,75,75,75,75,75,75],"card_choices":[{"not_picked":["Disarm","Clash"],"picked":"Sword Boomerang","floor":1},{"not_picked":["Perfected Strike","Armaments","Shockwave"],"picked":"SKIP","floor":3},{"not_picked":["Dark Embrace","Spot Weakness","Clothesline"],"picked":"SKIP","floor":6},{"not_picked":["Second Wind","Thunderclap","Body Slam"],"picked":"SKIP","floor":7},{"not_picked":["Armaments","Evolve"],"picked":"Pummel","floor":10},{"not_picked":["Armaments","Heavy Blade"],"picked":"Demon Form","floor":12},{"not_picked":["Warcry","Sword Boomerang"],"picked":"Pummel","floor":14},{"not_picked":["Barricade","Demon Form"],"picked":"Immolate","floor":16},{"not_picked":["Havoc","Warcry"],"picked":"Shrug It Off","floor":18}],"player_experience":1403636,"relics_obtained":[{"floor":6,"key":"Bronze Scales"}],"event_choices":[{"damage_healed":0,"gold_gain":0,"player_choice":"Bought 1 Potion","damage_taken":0,"max_hp_gain":0,"max_hp_loss":0,"event_name":"The Woman in Blue","floor":2,"gold_loss":0},{"damage_healed":0,"gold_gain":0,"player_choice":"Take Damage","damage_taken":26,"relics_obtained":["Golden Idol"],"max_hp_gain":0,"max_hp_loss":0,"event_name":"Golden Idol","floor":5,"gold_loss":0},{"damage_healed":0,"gold_gain":0,"player_choice":"Got Potions","damage_taken":0,"max_hp_gain":0,"max_hp_loss":0,"event_name":"Lab","floor":11,"gold_loss":0}],"is_beta":true,"boss_relics":[{"not_picked":["Calling Bell","Pandora\u0027s Box"],"picked":"Black Star"}],"items_purged_floors":[4],"is_endless":false,"potions_floor_spawned":[1,3,6,18],"killed_by":"Shell Parasite","ascension_level":20}