{"gold_per_floor":[112,63,63,78,95,121,141,173,226,238,296,316,391,414,414,517,567,579,579,591,591,604,604,631,647,647,665,665,685,720,734,734,734],"floor_reached":33,"playtime":1393,"items_purged":[],"score":336,"play_id":"6efeafd3-c099-4308-b018-a59df891516e","local_time":"20190307170834","is_ascension_mode":false,"campfire_choices":[{"data":"Bash","floor":15,"key":"SMITH"},{"data":"Immolate","floor":23,"key":"SMITH"},{"data":"Inflame","floor":28,"key":"SMITH"},{"data":"Heavy Blade","floor":32,"key":"SMITH"}],"neow_cost":"NONE","seed_source_timestamp":441802473487100,"circlet_count":0,"master_deck":["Defend_R","Defend_R","Defend_R","Defend_R","Bash+1","Shrug It Off","Sword Boomerang","Offering","Heavy Blade+1","Immolate+1","Bite","Bite","Bite","Bite","Bite","Pummel","Inflame+1"],"relics":["Burning Blood","PreservedInsect","Mercury Hourglass","Bag of Preparation","Tiny Chest","Tiny House","Matryoshka","Happy Flower","Singing Bowl","Toxic Egg 2"],"potions_floor_usage":[12,16,16,24,27,31,33,33,33,33],"damage_taken":[{"damage":4,"enemies":"2 Louse","floor":1,"turns":4},{"damage":7,"enemies":"Small Slimes","floor":4,"turns":5},{"damage":0,"enemies":"Jaw Worm","floor":5,"turns":3},{"damage":28,"enemies":"Gremlin Nob","floor":6,"turns":4},{"damage":8,"enemies":"Looter","floor":7,"turns":2},{"damage":24,"enemies":"Lagavulin","floor":8,"turns":4},{"damage":8,"enemies":"Blue Slaver","floor":10,"turns":4},{"damage":15,"enemies":"3 Sentries","floor":11,"turns":4},{"damage":3,"enemies":"Red Slaver","floor":12,"turns":3},{"damage":33,"enemies":"Hexaghost","floor":16,"turns":9},{"damage":32,"enemies":"Shell Parasite","floor":18,"turns":7},{"damage":8,"enemies":"Chosen","floor":20,"turns":3},{"damage":24,"enemies":"Centurion and Healer","floor":22,"turns":8},{"damage":7,"enemies":"Slavers","floor":24,"turns":2},{"damage":40,"enemies":"Snake Plant","floor":25,"turns":4},{"damage":29,"enemies":"Sentry and Sphere","floor":27,"turns":5},{"damage":16,"enemies":"Cultist and Chosen","floor":29,"turns":3},{"damage":18,"enemies":"Gremlin Leader","floor":30,"turns":4},{"damage":18,"enemies":"Shelled Parasite and Fungi","floor":31,"turns":4},{"damage":113,"enemies":"Collector","floor":33,"turns":7}],"seed_played":"-6090040111113237929","potions_obtained":[{"floor":1,"key":"Weak Potion"},{"floor":6,"key":"Block Potion"},{"floor":10,"key":"Fire Potion"},{"floor":11,"key":"Regen Potion"},{"floor":17,"key":"Weak Potion"},{"floor":20,"key":"AttackPotion"},{"floor":21,"key":"EntropicBrew"},{"floor":25,"key":"SpeedPotion"},{"floor":27,"key":"Fire Potion"}],"is_trial":false,"path_per_floor":["M","$","?","M","M","E","M","E","T","M","E","M","?","T","R","B",null,"M","?","M","?","M","R","E","M","T","M","R","M","E","M","R","B"],"character_chosen":"IRONCLAD","items_purchased":["Shrug It Off"],"campfire_rested":0,"item_purchase_floors":[2],"current_hp_per_floor":[88,88,88,87,88,66,64,46,46,44,35,47,36,36,36,9,93,67,65,65,65,65,65,65,47,47,42,42,44,48,52,52,0],"gold":734,"neow_bonus":"TEN_PERCENT_HP_BONUS","is_prod":false,"is_daily":false,"chose_seed":false,"campfire_upgraded":4,"win_rate":0,"timestamp":1551974914,"path_taken":["M","$","?","M","M","E","M","E","T","M","E","M","?","?","R","BOSS","M","?","M","?","M","R","E","?","T","M","R","M","E","M","R","BOSS"],"build_version":"2019-02-06","purchased_purges":0,"victory":false,"max_hp_per_floor":[88,88,88,88,88,88,88,88,88,88,88,88,88,88,88,88,93,93,65,65,65,65,65,65,65,65,65,65,67,69,71,71,71],"card_choices":[{"not_picked":["Entrench","Body Slam","Intimidate"],"picked":"SKIP","floor":1},{"not_picked":["Bloodletting","Searing Blow"],"picked":"Sword Boomerang","floor":4},{"not_picked":["Flex","Havoc","Bloodletting"],"picked":"SKIP","floor":5},{"not_picked":["Twin Strike","Iron Wave"],"picked":"Offering","floor":6},{"not_picked":["Combust","Metallicize","Armaments"],"picked":"SKIP","floor":7},{"not_picked":["Evolve","Wild Strike"],"picked":"Heavy Blade","floor":8},{"not_picked":["Body Slam","Rampage","Wild Strike"],"picked":"SKIP","floor":10},{"not_picked":["Twin Strike","Blood for Blood","Searing Blow"],"picked":"SKIP","floor":11},{"not_picked":["Burning Pact","Warcry"],"picked":"Immolate","floor":12},{"not_picked":["Ghostly Armor","True Grit+1","Pommel Strike"],"picked":"SKIP","floor":18},{"not_picked":["Combust+1","Anger+1","Whirlwind"],"picked":"SKIP","floor":20},{"not_picked":["Clash","Metallicize","Battle Trance"],"picked":"SKIP","floor":22},{"not_picked":["Berserk","Sword Boomerang","Battle Trance"],"picked":"SKIP","floor":24},{"not_picked":["Metallicize","Armaments"],"picked":"Pummel","floor":25},{"not_picked":["True Grit","Ghostly Armor"],"picked":"Inflame","floor":27},{"not_picked":["Whirlwind+1","Pommel Strike","Heavy Blade"],"picked":"Singing Bowl","floor":29},{"not_picked":["Dropkick","Battle Trance","Power Through"],"picked":"Singing Bowl","floor":30},{"not_picked":["Shrug It Off+1","Warcry+1","Dropkick"],"picked":"Singing Bowl","floor":31}],"player_experience":1231097,"relics_obtained":[{"floor":6,"key":"PreservedInsect"},{"floor":8,"key":"Mercury Hourglass"},{"floor":9,"key":"Bag of Preparation"},{"floor":11,"key":"Tiny Chest"},{"floor":24,"key":"Matryoshka"},{"floor":26,"key":"Happy Flower"},{"floor":26,"key":"Singing Bowl"},{"floor":30,"key":"Toxic Egg 2"}],"event_choices":[{"damage_healed":0,"gold_gain":0,"player_choice":"Ignored","damage_taken":0,"max_hp_gain":0,"max_hp_loss":0,"event_name":"Liars Game","floor":3,"gold_loss":0},{"damage_healed":0,"gold_gain":75,"player_choice":"Gather Gold","damage_taken":11,"max_hp_gain":0,"max_hp_loss":0,"event_name":"World of Goop","floor":13,"gold_loss":0},{"damage_healed":0,"gold_gain":0,"player_choice":"Became a vampire","damage_taken":0,"max_hp_gain":0,"max_hp_loss":28,"event_name":"Vampires","floor":19,"gold_loss":0,"cards_obtained":["Bite","Bite","Bite","Bite","Bite"]},{"damage_healed":0,"gold_gain":0,"player_choice":"Got Potions","damage_taken":0,"max_hp_gain":0,"max_hp_loss":0,"event_name":"Lab","floor":21,"gold_loss":0}],"is_beta":true,"boss_relics":[{"not_picked":["Lizard Tail","Runic Pyramid"],"picked":"Tiny House"}],"items_purged_floors":[],"is_endless":false,"potions_floor_spawned":[1,6,10,11,20,25,27,29],"killed_by":"Collector","ascension_level":0}