{"gold_per_floor":[119,119,131,41,55,55,87,87,87,120,52,114,39,51,51,156,156,166,183,183,200,200,200,232,232,259,259,209,244,244,109,109,212,212,228,245,345,325,325,325,351,363,363,363,151,151,168,38,38,38],"floor_reached":51,"playtime":1576,"items_purged":["Strike_R","Strike_R","Strike_R","Strike_R"],"score":742,"play_id":"ab0b9814-c939-4a44-a00c-51b3c29ba0b5","local_time":"20181031101439","is_ascension_mode":false,"campfire_choices":[{"floor":6.0,"key":"DIG"},{"floor":15.0,"key":"REST"},{"data":"1","floor":23.0,"key":"LIFT"},{"data":"2","floor":25.0,"key":"LIFT"},{"data":"3","floor":27.0,"key":"LIFT"},{"floor":32,"key":"DIG"},{"floor":40,"key":"DIG"},{"data":"Metamorphosis","floor":46,"key":"SMITH"},{"floor":49,"key":"DIG"}],"neow_cost":"NONE","seed_source_timestamp":0,"circlet_count":0,"master_deck":["Strike_R","Defend_R+1","Defend_R","Defend_R","Defend_R","Bash","Hemokinesis","Inflame","Shrug It Off+1","Battle Trance+1","Iron Wave+1","Flex","Blood for Blood+1","Uppercut","Feed","Shrug It Off","Pummel+1","Flash of Steel+1","Barricade","Cleave+1","True Grit+1","Spot Weakness+1","Metallicize+1","Metallicize+1","Metamorphosis+1","Impervious"],"special_seed":0,"relics":["Burning Blood","Shovel","Paper Frog","Centennial Puzzle","Dodecahedron","Girya","Juzu Bracelet","Philosopher\u0027s Stone","War Paint","Ancient Tea Set","Smiling Mask","Bag of Marbles","Mark of Pain","Charon\u0027s Ashes","Blood Vial","Mercury Hourglass","Bottled Lightning","Whetstone"],"potions_floor_usage":[29,29,33,42,42,50],"damage_taken":[{"damage":5.0,"enemies":"2 Louse","floor":1.0,"turns":4.0},{"damage":3.0,"enemies":"Small Slimes","floor":3.0,"turns":3.0},{"damage":5.0,"enemies":"Cultist","floor":5.0,"turns":4.0},{"damage":17.0,"enemies":"Gremlin Nob","floor":7.0,"turns":3.0},{"damage":20.0,"enemies":"Lagavulin","floor":10.0,"turns":5.0},{"damage":33.0,"enemies":"Lagavulin Event","floor":12.0,"turns":5.0},{"damage":4.0,"enemies":"3 Louse","floor":14.0,"turns":3.0},{"damage":26.0,"enemies":"Hexaghost","floor":16.0,"turns":8.0},{"damage":15.0,"enemies":"2 Thieves","floor":18.0,"turns":3.0},{"damage":39.0,"enemies":"Spheric Guardian","floor":19.0,"turns":4.0},{"damage":16.0,"enemies":"Centurion and Healer","floor":21.0,"turns":6.0},{"damage":9.0,"enemies":"Gremlin Leader","floor":24.0,"turns":6.0},{"damage":9,"enemies":"Book of Stabbing","floor":29,"turns":3},{"damage":47,"enemies":"Champ","floor":33,"turns":8},{"damage":6,"enemies":"3 Darklings","floor":35,"turns":6},{"damage":0,"enemies":"3 Shapes","floor":36,"turns":3},{"damage":3,"enemies":"Mind Bloom Boss Battle","floor":37,"turns":3},{"damage":17,"enemies":"Nemesis","floor":41,"turns":7},{"damage":0,"enemies":"Jaw Worm Horde","floor":42,"turns":3},{"damage":32,"enemies":"Maw","floor":47,"turns":6},{"damage":59,"enemies":"Donu and Deca","floor":50,"turns":5}],"seed_played":"-5492631125351892912","potions_obtained":[{"floor":1.0,"key":"Weak Potion"},{"floor":3.0,"key":"Ancient Potion"},{"floor":10.0,"key":"Energy Potion"},{"floor":14.0,"key":"Weak Potion"},{"floor":19.0,"key":"Poison Potion"},{"floor":20.0,"key":"Block Potion"},{"floor":24.0,"key":"BloodPotion"},{"floor":37,"key":"AttackPotion"},{"floor":38,"key":"BloodPotion"},{"floor":41,"key":"Swift Potion"}],"is_trial":false,"path_per_floor":["M","?","M","$","M","R","E","?","T","E","$","?","$","M","R","B",null,"M","M","?","M","?","R","E","R","T","R","?","E","?","$","R","B",null,"M","M","?","?","?","R","E","M","T","?","$","R","M","$","R","B",null],"character_chosen":"IRONCLAD","items_purchased":["Inflame","Shrug It Off","Blood for Blood","Flash of Steel","Metamorphosis","Impervious"],"campfire_rested":1,"item_purchase_floors":[4,4,11,31,45,48],"current_hp_per_floor":[88,81,84,84,85,85,74,56,56,42,42,15,15,17,43,23,88,82,49,49,39,21,21,21,21,21,21,21,27,60,60,60,19,99,99,102,102,102,102,102,91,105,105,105,105,105,82,82,82,31],"gold":38,"neow_bonus":"TEN_PERCENT_HP_BONUS","is_prod":false,"is_daily":false,"chose_seed":false,"campfire_upgraded":1,"win_rate":0,"timestamp":1541006079,"path_taken":["M","?","?","$","M","R","E","?","T","E","$","?","?","M","R","BOSS","M","M","?","M","?","R","E","R","T","R","?","E","?","$","R","BOSS","M","M","?","?","?","R","E","M","T","?","?","R","M","$","R","BOSS"],"build_version":"2018-10-30","purchased_purges":4,"victory":true,"max_hp_per_floor":[88,88,88,88,88,88,88,88,88,88,88,88,88,88,88,88,88,91,91,91,91,96,96,99,99,99,99,99,99,99,99,99,99,99,99,102,102,102,102,102,102,105,105,105,105,105,108,108,108,108],"card_choices":[{"not_picked":["Reckless Charge","Burning Pact"],"picked":"Hemokinesis","floor":1.0},{"not_picked":["Burning Pact","Hemokinesis","Havoc"],"picked":"SKIP","floor":3.0},{"not_picked":["Power Through","Searing Blow"],"picked":"Battle Trance","floor":5.0},{"not_picked":["True Grit","Impervious"],"picked":"Iron Wave","floor":7.0},{"not_picked":["Armaments","Battle Trance"],"picked":"Flex","floor":10.0},{"not_picked":["Twin Strike","Cleave"],"picked":"Uppercut","floor":12.0},{"not_picked":["Rampage","Headbutt","True Grit"],"picked":"SKIP","floor":14.0},{"not_picked":["Juggernaut","Demon Form"],"picked":"Feed","floor":16.0},{"not_picked":["Ghostly Armor","Anger","Warcry"],"picked":"SKIP","floor":18.0},{"not_picked":["Warcry","Body Slam","Sword Boomerang"],"picked":"SKIP","floor":19.0},{"not_picked":["Perfected Strike","Headbutt"],"picked":"Shrug It Off","floor":21.0},{"not_picked":["Seeing Red","Juggernaut"],"picked":"Pummel+1","floor":24.0},{"not_picked":["Warcry+1","Headbutt","Bloodletting"],"picked":"SKIP","floor":29},{"not_picked":["Immolate","Bludgeon"],"picked":"Barricade","floor":33},{"not_picked":["Flex","Perfected Strike+1"],"picked":"Cleave+1","floor":35},{"not_picked":["Iron Wave","Perfected Strike+1"],"picked":"True Grit+1","floor":36},{"not_picked":["Combust+1","Thunderclap"],"picked":"Spot Weakness+1","floor":41},{"not_picked":["Flex","Flame Barrier+1"],"picked":"Metallicize+1","floor":42},{"not_picked":["Bloodletting","Reckless Charge","Sever Soul"],"picked":"SKIP","floor":47}],"player_experience":399521,"relics_obtained":[{"floor":6.0,"key":"Paper Frog"},{"floor":7.0,"key":"Centennial Puzzle"},{"floor":9.0,"key":"Dodecahedron"},{"floor":10.0,"key":"Girya"},{"floor":12.0,"key":"Juzu Bracelet"},{"floor":24.0,"key":"War Paint"},{"floor":26.0,"key":"Ancient Tea Set"},{"floor":29,"key":"Smiling Mask"},{"floor":32,"key":"Bag of Marbles"},{"floor":37,"key":"Charon\u0027s Ashes"},{"floor":40,"key":"Blood Vial"},{"floor":41,"key":"Mercury Hourglass"},{"floor":43,"key":"Bottled Lightning"},{"floor":49,"key":"Whetstone"}],"event_choices":[{"damage_healed":0.0,"max_hp_gain":0.0,"max_hp_loss":0.0,"gold_gain":0.0,"event_name":"Scrap Ooze","player_choice":"Success","floor":2.0,"gold_loss":0.0,"damage_taken":7.0,"relics_obtained":["Shovel"]},{"damage_healed":0.0,"max_hp_gain":0.0,"max_hp_loss":0.0,"gold_gain":0.0,"event_name":"Shining Light","player_choice":"Entered Light","floor":8.0,"gold_loss":0.0,"damage_taken":18.0,"cards_upgraded":["Defend_R","Iron Wave"]},{"damage_healed":0.0,"max_hp_gain":0.0,"max_hp_loss":0.0,"gold_gain":0.0,"event_name":"Dead Adventurer","player_choice":"Searched \u00271\u0027 times","floor":12.0,"gold_loss":0.0,"damage_taken":0.0},{"damage_healed":0.0,"max_hp_gain":0.0,"max_hp_loss":0.0,"gold_gain":0.0,"event_name":"The Lab","player_choice":"Got Potions","floor":20.0,"gold_loss":0.0,"damage_taken":0.0},{"damage_healed":0.0,"max_hp_gain":5.0,"max_hp_loss":0.0,"gold_gain":0.0,"event_name":"Forgotten Altar","player_choice":"Shed Blood","floor":22.0,"gold_loss":0.0,"damage_taken":23.0},{"damage_healed":0.0,"max_hp_gain":0.0,"max_hp_loss":0.0,"gold_gain":0.0,"event_name":"The Joust","player_choice":"Bet on Owner","floor":28.0,"gold_loss":50.0,"damage_taken":0.0},{"damage_healed":33,"gold_gain":0,"player_choice":"Heal","damage_taken":0,"max_hp_gain":0,"max_hp_loss":0,"event_name":"The Library","floor":30,"gold_loss":0},{"damage_healed":0,"gold_gain":0,"player_choice":"Fight","damage_taken":0,"max_hp_gain":0,"max_hp_loss":0,"event_name":"MindBloom","floor":37,"gold_loss":0},{"damage_healed":0,"gold_gain":0,"player_choice":"Bought 1 Potion","damage_taken":0,"max_hp_gain":0,"max_hp_loss":0,"event_name":"The Woman in Blue","floor":38,"gold_loss":0},{"damage_healed":0,"gold_gain":0,"player_choice":"Ignored","damage_taken":0,"max_hp_gain":0,"max_hp_loss":0,"event_name":"Tomb of Lord Red Mask","floor":39,"gold_loss":0},{"damage_healed":0,"gold_gain":0,"player_choice":"Copied","damage_taken":0,"max_hp_gain":0,"max_hp_loss":0,"event_name":"Duplicator","floor":44,"gold_loss":0,"cards_obtained":["Metallicize"]}],"is_beta":true,"boss_relics":[{"not_picked":["Orrery","Calling Bell"],"picked":"Philosopher\u0027s Stone"},{"not_picked":["White Beast Statue","Snecko Eye"],"picked":"Mark of Pain"}],"items_purged_floors":[13,31,45,48],"is_endless":false,"potions_floor_spawned":[1,3,10,14,19,21,24,37,41],"ascension_level":0}