{"gold_per_floor":[115,130,140,159,109,144,163,163,163,163,197,222,222,45,45,170,170,185,165,179,33,85,85,100,121,121,121,36,36,74,97,97,227,290,308,308,13,33,51,51],"floor_reached":40,"playtime":1803,"items_purged":["Strike_G"],"score":645,"play_id":"5bc72c70-25f4-4284-ac3a-5faa54bd4f5e","local_time":"20181008185345","is_ascension_mode":true,"campfire_choices":[{"data":"Blur","floor":10.0,"key":"SMITH"},{"floor":15.0,"key":"REST"},{"data":"Envenom","floor":23.0,"key":"SMITH"},{"floor":27.0,"key":"REST"},{"data":"Backflip","floor":29,"key":"SMITH"},{"floor":32,"key":"REST"}],"neow_cost":"TEN_PERCENT_HP_LOSS","seed_source_timestamp":0,"circlet_count":0,"master_deck":["Defend_G","Defend_G","Defend_G","Defend_G","Defend_G","Strike_G","Strike_G","Strike_G","Survivor","Neutralize","Venomology","Dagger Spray","Backflip+1","Doppelganger","Backstab","Blur+1","Backstab+1","Envenom+1","Infinite Blades","Bouncing Flask","Bane+1","Dagger Spray","Leg Sweep","Catalyst","Glass Knife","Blade Dance","Backflip","Flash of Steel","Poisoned Stab+1"],"special_seed":0,"relics":["Ring of the Serpent","Oddly Smooth Stone","Golden Idol","Pen Nib","Vajra","Darkstone Periapt","Snake Skull","Potion Belt","Mercury Hourglass","Pantograph","Prayer Wheel","Tiny House","Incense Burner"],"potions_floor_usage":[30,30,31,33,33,33,33,39,39],"damage_taken":[{"damage":4.0,"enemies":"Small Slimes","floor":1.0,"turns":4.0},{"damage":1.0,"enemies":"Jaw Worm","floor":2.0,"turns":2.0},{"damage":3.0,"enemies":"2 Louse","floor":3.0,"turns":3.0},{"damage":7.0,"enemies":"Blue Slaver","floor":4.0,"turns":8.0},{"damage":26.0,"enemies":"Gremlin Nob","floor":6.0,"turns":5.0},{"damage":7.0,"enemies":"Lots of Slimes","floor":7.0,"turns":3.0},{"damage":8.0,"enemies":"3 Sentries","floor":11.0,"turns":7.0},{"damage":0.0,"enemies":"Exordium Thugs","floor":12.0,"turns":5.0},{"damage":16.0,"enemies":"Hexaghost","floor":16.0,"turns":11.0},{"damage":0.0,"enemies":"Chosen","floor":18.0,"turns":4.0},{"damage":9.0,"enemies":"2 Thieves","floor":19.0,"turns":5.0},{"damage":5.0,"enemies":"Centurion and Healer","floor":20.0,"turns":8.0},{"damage":20.0,"enemies":"3 Cultists","floor":24.0,"turns":6.0},{"damage":0.0,"enemies":"Snecko","floor":25.0,"turns":5.0},{"damage":25,"enemies":"Slavers","floor":30,"turns":4},{"damage":3,"enemies":"Centurion and Healer","floor":31,"turns":4},{"damage":29,"enemies":"Champ","floor":33,"turns":12},{"damage":9,"enemies":"3 Shapes","floor":35,"turns":6},{"damage":18,"enemies":"3 Darklings","floor":38,"turns":5},{"damage":5,"enemies":"Sphere and 2 Shapes","floor":39,"turns":5},{"damage":65,"enemies":"Giant Head","floor":40,"turns":6}],"seed_played":"5324172576211250161","potions_obtained":[{"floor":6.0,"key":"PowerPotion"},{"floor":11.0,"key":"Weak Potion"},{"floor":12.0,"key":"Poison Potion"},{"floor":16.0,"key":"FearPotion"},{"floor":20.0,"key":"SpeedPotion"},{"floor":25.0,"key":"FearPotion"},{"floor":31,"key":"Ancient Potion"},{"floor":34,"key":"GamblersBrew"},{"floor":38,"key":"Energy Potion"}],"is_trial":false,"path_per_floor":["M","M","M","M","?","E","M","?","T","R","E","M","?","$","R","B",null,"M","M","M","$","T","R","M","M","T","R","?","R","E","M","R","B",null,"M","?","$","M","M"],"character_chosen":"THE_SILENT","items_purchased":["EntropicBrew","Snake Skull","Incense Burner"],"campfire_rested":3,"item_purchase_floors":[14,21,37],"current_hp_per_floor":[59,58,55,48,48,36,29,29,29,29,21,21,3,3,20,4,45,45,36,31,31,31,31,11,11,11,28,28,28,3,5,22,18,53,44,44,44,26,21,0],"gold":51,"neow_bonus":"THREE_RARE_CARDS","is_prod":false,"is_daily":false,"chose_seed":false,"campfire_upgraded":3,"win_rate":0,"timestamp":1539050025,"path_taken":["M","M","M","M","?","E","M","?","T","R","E","M","?","$","R","BOSS","M","M","M","?","?","R","M","M","T","R","?","R","E","M","R","BOSS","M","?","$","M","M","E"],"build_version":"2018-10-04","purchased_purges":1,"victory":false,"max_hp_per_floor":[63,63,63,63,63,63,63,58,58,58,58,58,58,58,58,58,58,58,58,58,58,58,58,58,58,58,58,58,58,58,58,58,58,63,63,63,63,63,63,63],"card_choices":[{"not_picked":["Doppelganger","Storm of Steel"],"picked":"Venomology","floor":0.0},{"not_picked":["Masterful Stab","Prepared","Endless Agony"],"picked":"SKIP","floor":1.0},{"not_picked":["Flying Knee","Deflect"],"picked":"Dagger Spray","floor":2.0},{"not_picked":["Deadly Poison","Outmaneuver"],"picked":"Backflip","floor":3.0},{"not_picked":["Flying Knee","Blade Dance"],"picked":"Doppelganger","floor":4.0},{"not_picked":["Deadly Poison","Predator"],"picked":"Backstab","floor":6.0},{"not_picked":["Flying Knee","Cloak And Dagger"],"picked":"Blur","floor":7.0},{"not_picked":["Flying Knee","Calculated Gamble"],"picked":"Backstab","floor":11.0},{"not_picked":["Quick Slash","Flying Knee","Eviscerate"],"picked":"SKIP","floor":12.0},{"not_picked":["Phantasmal Killer","Storm of Steel"],"picked":"Envenom","floor":16.0},{"not_picked":["Prepared","Choke","PiercingWail"],"picked":"SKIP","floor":18.0},{"not_picked":["Deadly Poison","Underhanded Strike"],"picked":"Infinite Blades","floor":19.0},{"not_picked":["Dodge and Roll","Concentrate","Slice+1"],"picked":"SKIP","floor":20.0},{"not_picked":["Flechettes","Dodge and Roll"],"picked":"Bouncing Flask","floor":24.0},{"not_picked":["Bane+1","Acrobatics","Slice"],"picked":"SKIP","floor":25.0},{"not_picked":["Acrobatics","Slice"],"picked":"Bane+1","floor":25.0},{"not_picked":["Bullet Time","Slice"],"picked":"Dagger Spray","floor":30},{"not_picked":["Flying Knee","Underhanded Strike+1"],"picked":"Leg Sweep","floor":31},{"not_picked":["Dagger Throw","Outmaneuver"],"picked":"Catalyst","floor":31},{"not_picked":["Malaise","Corpse Explosion"],"picked":"Glass Knife","floor":33},{"not_picked":["Acrobatics","Underhanded Strike"],"picked":"Blade Dance","floor":34},{"not_picked":["Deflect","Choke+1"],"picked":"Backflip","floor":35},{"not_picked":["Acrobatics","Deadly Poison+1","Dash+1"],"picked":"SKIP","floor":35},{"not_picked":["Jack Of All Trades","Purity"],"picked":"Flash of Steel","floor":36},{"not_picked":["Quick Slash+1","Flechettes"],"picked":"Poisoned Stab+1","floor":38},{"not_picked":["Skewer+1","Choke","Sucker Punch+1"],"picked":"SKIP","floor":38},{"not_picked":["Skewer+1","Poisoned Stab","Prepared"],"picked":"SKIP","floor":39},{"not_picked":["Well Laid Plans+1","Envenom","Tactician+1"],"picked":"SKIP","floor":39}],"player_experience":356229,"relics_obtained":[{"floor":6.0,"key":"Oddly Smooth Stone"},{"floor":9.0,"key":"Pen Nib"},{"floor":11.0,"key":"Vajra"},{"floor":22.0,"key":"Potion Belt"},{"floor":26.0,"key":"Mercury Hourglass"},{"floor":30,"key":"Prayer Wheel"}],"event_choices":[{"event_name":"The Cleric","player_choice":"Card Removal","floor":5.0,"damage_taken":0.0},{"event_name":"Golden Idol","player_choice":"Lose Max HP","floor":8.0,"damage_taken":0.0},{"event_name":"Scrap Ooze","player_choice":"success","floor":13.0,"damage_taken":18.0},{"event_name":"Addict","player_choice":"Obtained Relic","floor":28,"damage_taken":0},{"event_name":"SensoryStone","player_choice":"Memory 1","floor":36,"damage_taken":0}],"is_beta":true,"boss_relics":[{"not_picked":["Pandora\u0027s Box","Runic Pyramid"],"picked":"Ring of the Serpent"},{"not_picked":["White Beast Statue","Orrery"],"picked":"Tiny House"}],"items_purged_floors":[14],"is_endless":false,"potions_floor_spawned":[6,11,12,16,20,25,31,38],"killed_by":"Giant Head","ascension_level":9}