{"gold_per_floor":[18,18,36,36,48,80,80,114,114,134,154,154,154,171,171,267,267,280,102,102,112,135,170,184,184,184,184,31,45,57,82,82,180,180,192,156,156,156,173,186,106,138,138,168,180,208,224,237,237,237,237,237,38,38],"floor_reached":54,"playtime":1757,"items_purged":["Strike_R","Bite"],"score":804,"play_id":"4bd30568-a63b-47d1-904f-7771d94d0ea9","local_time":"20190303163609","is_ascension_mode":false,"campfire_choices":[{"data":"Bash","floor":7,"key":"SMITH"},{"data":"Pommel Strike","floor":13,"key":"SMITH"},{"floor":15,"key":"RECALL"},{"data":"Demon Form","floor":32,"key":"SMITH"},{"data":"Heavy Blade","floor":49,"key":"SMITH"},{"floor":52,"key":"DIG"}],"neow_cost":"NO_GOLD","seed_source_timestamp":93879725629300,"circlet_count":0,"master_deck":["Defend_R+1","Defend_R+1","Defend_R+1","Bash+1","Fiend Fire+1","Pommel Strike+1","Immolate+1","Demon Form+1","Impervious","Bite","Bite","Bite","Bite","Heavy Blade+1"],"relics":["Burning Blood","Bronze Scales","The Courier","Pen Nib","Philosopher\u0027s Stone","Whetstone","Red Skull","Gremlin Horn","ClockworkSouvenir","Potion Belt","Velvet Choker","Sundial","Paper Frog","Shovel","Bottled Lightning","Shuriken"],"potions_floor_usage":[16,24,30,44,50,50,50,50,54],"damage_taken":[{"damage":6,"enemies":"Cultist","floor":1,"turns":3},{"damage":0,"enemies":"2 Louse","floor":3,"turns":2},{"damage":0,"enemies":"Small Slimes","floor":5,"turns":3},{"damage":14,"enemies":"Gremlin Nob","floor":6,"turns":4},{"damage":10,"enemies":"3 Sentries","floor":8,"turns":3},{"damage":1,"enemies":"2 Fungi Beasts","floor":10,"turns":3},{"damage":13,"enemies":"Exordium Wildlife","floor":11,"turns":3},{"damage":0,"enemies":"Blue Slaver","floor":14,"turns":3},{"damage":40,"enemies":"Hexaghost","floor":16,"turns":5},{"damage":17,"enemies":"Shell Parasite","floor":18,"turns":4},{"damage":0,"enemies":"2 Thieves","floor":21,"turns":1},{"damage":38,"enemies":"Slavers","floor":23,"turns":4},{"damage":6,"enemies":"Chosen and Byrds","floor":24,"turns":4},{"damage":16,"enemies":"Snake Plant","floor":29,"turns":2},{"damage":0,"enemies":"Cultist and Chosen","floor":30,"turns":4},{"damage":5,"enemies":"Gremlin Leader","floor":31,"turns":4},{"damage":21,"enemies":"Collector","floor":33,"turns":6},{"damage":8,"enemies":"3 Shapes","floor":35,"turns":3},{"damage":24,"enemies":"Orb Walker","floor":39,"turns":3},{"damage":4,"enemies":"Maw","floor":40,"turns":4},{"damage":10,"enemies":"Reptomancer","floor":42,"turns":3},{"damage":39,"enemies":"Giant Head","floor":44,"turns":7},{"damage":1,"enemies":"Spire Growth","floor":45,"turns":3},{"damage":51,"enemies":"Nemesis","floor":46,"turns":5},{"damage":11,"enemies":"Writhing Mass","floor":47,"turns":4},{"damage":0,"enemies":"Jaw Worm Horde","floor":48,"turns":1},{"damage":47,"enemies":"Awakened One","floor":50,"turns":7},{"damage":97,"enemies":"Shield and Spear","floor":54,"turns":3}],"seed_played":"8445751525188902761","potions_obtained":[{"floor":8,"key":"Block Potion"},{"floor":10,"key":"FairyPotion"},{"floor":14,"key":"SteroidPotion"},{"floor":16,"key":"BloodPotion"},{"floor":21,"key":"Energy Potion"},{"floor":24,"key":"Weak Potion"},{"floor":31,"key":"EntropicBrew"},{"floor":35,"key":"SteroidPotion"},{"floor":39,"key":"Strength Potion"},{"floor":40,"key":"SteroidPotion"},{"floor":47,"key":"LiquidBronze"}],"is_trial":false,"path_per_floor":["M","$","M","?","M","E","R","E","T","M","M","?","R","M","R","B",null,"M","$","?","M","T","E","M","?","T","?","$","M","M","E","R","B",null,"M","$","?","?","M","M","$","E","T","E","M","E","M","M","R","B",null,"R","$","E"],"character_chosen":"IRONCLAD","items_purchased":["Blood Vial","ClockworkSouvenir","Heavy Blade","Shuriken"],"campfire_rested":0,"item_purchase_floors":[19,28,36,53],"current_hp_per_floor":[80,80,80,64,70,62,62,58,58,63,56,49,49,55,55,21,80,69,69,69,77,77,47,49,49,49,49,49,43,63,76,76,75,80,80,80,80,80,70,78,78,78,78,59,66,39,40,46,46,15,80,80,80,0],"gold":38,"neow_bonus":"THREE_RARE_CARDS","is_prod":false,"is_daily":false,"chose_seed":false,"campfire_upgraded":4,"win_rate":0,"timestamp":1551627369,"path_taken":["M","?","M","?","M","E","R","E","T","M","M","?","R","M","R","BOSS","M","$","?","M","?","E","M","?","T","?","$","M","?","E","R","BOSS","M","$","?","?","M","M","$","E","T","E","M","E","M","M","R","BOSS","R","$","E"],"build_version":"2019-02-06","purchased_purges":2,"victory":false,"max_hp_per_floor":[80,80,80,80,80,80,80,80,80,80,80,80,80,80,80,80,80,80,80,80,80,80,80,80,80,80,80,80,80,80,80,80,80,80,80,80,80,80,80,80,80,80,80,80,80,80,80,80,80,80,80,80,80,80],"card_choices":[{"not_picked":["Impervious","Exhume"],"picked":"Fiend Fire","floor":0},{"not_picked":["Thunderclap","Havoc"],"picked":"Pommel Strike","floor":1},{"not_picked":["Infernal Blade","Bloodletting","Carnage"],"picked":"SKIP","floor":3},{"not_picked":["Shockwave","Intimidate","Wild Strike"],"picked":"SKIP","floor":5},{"not_picked":["Anger","Twin Strike"],"picked":"Immolate","floor":6},{"not_picked":["Pommel Strike","Searing Blow","Rupture"],"picked":"SKIP","floor":8},{"not_picked":["Burning Pact","Twin Strike","Body Slam"],"picked":"SKIP","floor":10},{"not_picked":["Whirlwind","Anger","Clothesline"],"picked":"SKIP","floor":11},{"not_picked":["Headbutt","Feel No Pain","Pommel Strike"],"picked":"SKIP","floor":14},{"not_picked":["Berserk","Brutality"],"picked":"Demon Form","floor":16},{"not_picked":["Wild Strike+1","Clash","Seeing Red"],"picked":"SKIP","floor":18},{"not_picked":["Second Wind","Pommel Strike+1","Flex+1"],"picked":"SKIP","floor":21},{"not_picked":["Perfected Strike","Cleave"],"picked":"Impervious","floor":23},{"not_picked":["Pommel Strike","Clash","Headbutt"],"picked":"SKIP","floor":24},{"not_picked":["Sever Soul","Anger","Intimidate+1"],"picked":"SKIP","floor":29},{"not_picked":["Flex+1","Uppercut+1","Cleave"],"picked":"SKIP","floor":30},{"not_picked":["Sword Boomerang","Twin Strike","Reaper"],"picked":"SKIP","floor":31},{"not_picked":["Ghostly Armor+1","Twin Strike","Flame Barrier"],"picked":"SKIP","floor":35},{"not_picked":["Flame Barrier+1","Perfected Strike+1","Reckless Charge"],"picked":"SKIP","floor":39},{"not_picked":["Battle Trance","Havoc","Anger+1"],"picked":"SKIP","floor":40},{"not_picked":["Rupture","Pommel Strike","Flex"],"picked":"SKIP","floor":42},{"not_picked":["Flex","Intimidate","Twin Strike"],"picked":"SKIP","floor":44},{"not_picked":["Wild Strike","Clash","Havoc+1"],"picked":"SKIP","floor":45},{"not_picked":["Impervious","Rage+1","Pommel Strike"],"picked":"SKIP","floor":46},{"not_picked":["Shockwave","Wild Strike","Headbutt"],"picked":"SKIP","floor":47},{"not_picked":["Combust","Anger+1","Iron Wave"],"picked":"SKIP","floor":48}],"player_experience":1209525,"relics_obtained":[{"floor":6,"key":"Bronze Scales"},{"floor":8,"key":"The Courier"},{"floor":9,"key":"Pen Nib"},{"floor":22,"key":"Whetstone"},{"floor":23,"key":"Red Skull"},{"floor":26,"key":"Gremlin Horn"},{"floor":31,"key":"Potion Belt"},{"floor":42,"key":"Sundial"},{"floor":44,"key":"Paper Frog"},{"floor":46,"key":"Shovel"},{"floor":52,"key":"Bottled Lightning"}],"event_choices":[{"damage_healed":0,"gold_gain":0,"player_choice":"Entered Light","damage_taken":16,"max_hp_gain":0,"max_hp_loss":0,"event_name":"Shining Light","floor":4,"gold_loss":0,"cards_upgraded":["Defend_R","Defend_R"]},{"cards_removed":["Defend_R"],"damage_healed":0,"gold_gain":0,"player_choice":"Card Removal","damage_taken":7,"max_hp_gain":0,"max_hp_loss":0,"event_name":"Golden Wing","floor":12,"gold_loss":0},{"damage_healed":0,"gold_gain":0,"player_choice":"Simplicity","damage_taken":0,"max_hp_gain":0,"max_hp_loss":0,"event_name":"Back to Basics","floor":20,"gold_loss":0,"cards_upgraded":["Strike_R","Strike_R","Strike_R","Strike_R","Defend_R"]},{"damage_healed":0,"gold_gain":0,"player_choice":"Ignored","damage_taken":0,"max_hp_gain":0,"max_hp_loss":0,"event_name":"Ghosts","floor":25,"gold_loss":0},{"damage_healed":0,"gold_gain":0,"player_choice":"Became a vampire (Vial)","damage_taken":0,"max_hp_gain":0,"max_hp_loss":0,"event_name":"Vampires","floor":27,"relics_lost":["Blood Vial"],"gold_loss":0,"cards_obtained":["Bite","Bite","Bite","Bite","Bite"]},{"damage_healed":0,"gold_gain":0,"player_choice":"Memory 1","damage_taken":0,"max_hp_gain":0,"max_hp_loss":0,"event_name":"SensoryStone","floor":37,"gold_loss":0},{"damage_healed":0,"gold_gain":0,"player_choice":"Ignored","damage_taken":0,"max_hp_gain":0,"max_hp_loss":0,"event_name":"Tomb of Lord Red Mask","floor":38,"gold_loss":0}],"is_beta":true,"boss_relics":[{"not_picked":["Black Blood","Astrolabe"],"picked":"Philosopher\u0027s Stone"},{"not_picked":["Pandora\u0027s Box","Cursed Key"],"picked":"Velvet Choker"}],"items_purged_floors":[19,41],"is_endless":false,"potions_floor_spawned":[8,10,14,16,21,24,31,35,39,40,47],"killed_by":"Shield and Spear","ascension_level":0}