{"gold_per_floor":[110,35,110,110,110,137,137,137,137,37,76,76,119,142,142,142],"floor_reached":16,"playtime":404,"items_purged":["Strike_G","Strike_G"],"score":328,"play_id":"f93b1566-8535-49b7-9dda-2dc703f6082b","local_time":"20190501195902","is_ascension_mode":true,"campfire_choices":[{"data":"Dagger Spray","floor":7.0,"key":"SMITH"},{"data":"Deadly Poison","floor":12.0,"key":"SMITH"},{"data":"1","floor":15,"key":"LIFT"}],"neow_cost":"NONE","seed_source_timestamp":21228851736435,"circlet_count":0,"master_deck":["AscendersBane","Defend_G","Defend_G","Defend_G","Defend_G","Defend_G","Strike_G","Strike_G","Strike_G","Survivor","Neutralize","Dagger Spray+1","Quick Slash","Deadly Poison+1","Dagger Spray+1"],"special_seed":0,"relics":["Ring of the Snake","NeowsBlessing","Pocketwatch","Art of War","Golden Idol","Molten Egg 2","Smiling Mask","Girya"],"potions_floor_usage":[13],"damage_taken":[{"damage":0.0,"enemies":"Cultist","floor":1.0,"turns":1.0},{"damage":0.0,"enemies":"Gremlin Nob","floor":6.0,"turns":1.0},{"damage":0.0,"enemies":"3 Sentries","floor":11.0,"turns":1.0},{"damage":28,"enemies":"Lagavulin","floor":13,"turns":6},{"damage":0,"enemies":"Jaw Worm","floor":14,"turns":3},{"damage":25,"enemies":"Hexaghost","floor":16,"turns":9}],"seed_played":"1174042265739384359","potions_obtained":[{"floor":11.0,"key":"SteroidPotion"}],"is_trial":false,"path_per_floor":["M","$","?","T","?","E","R","?","T","$","E","R","E","M","R","B"],"character_chosen":"THE_SILENT","items_purchased":[],"campfire_rested":0,"item_purchase_floors":[],"current_hp_per_floor":[59,59,48,48,53,53,53,53,53,53,53,53,25,25,25,0],"gold":142,"neow_bonus":"THREE_ENEMY_KILL","is_prod":false,"is_daily":false,"chose_seed":false,"campfire_upgraded":2,"win_rate":0,"timestamp":1556762342,"path_taken":["M","$","?","?","?","E","R","?","T","?","E","R","E","M","R","BOSS"],"build_version":"2019-04-23","purchased_purges":2,"victory":false,"max_hp_per_floor":[66,66,66,66,71,71,71,64,64,64,64,64,64,64,64,64],"card_choices":[{"not_picked":["Prepared","Outmaneuver"],"picked":"Dagger Spray","floor":1.0},{"not_picked":["Blade Dance","Sucker Punch"],"picked":"Quick Slash","floor":6.0},{"not_picked":["Blade Dance","Skewer+1"],"picked":"Deadly Poison","floor":11.0},{"not_picked":["Cloak And Dagger","Underhanded Strike+1"],"picked":"Dagger Spray+1","floor":13},{"not_picked":["Prepared","Underhanded Strike+1","Reflex"],"picked":"SKIP","floor":14}],"player_experience":3111113,"relics_obtained":[{"floor":4.0,"key":"Pocketwatch"},{"floor":6.0,"key":"Art of War"},{"floor":9.0,"key":"Molten Egg 2"},{"floor":11.0,"key":"Smiling Mask"},{"floor":13,"key":"Girya"}],"event_choices":[{"damage_healed":0.0,"max_hp_gain":0.0,"max_hp_loss":0.0,"gold_gain":75.0,"event_name":"World of Goop","player_choice":"Gather Gold","floor":3.0,"gold_loss":0.0,"damage_taken":11.0},{"damage_healed":0.0,"max_hp_gain":5.0,"max_hp_loss":0.0,"gold_gain":0.0,"event_name":"Big Fish","player_choice":"Donut","floor":5.0,"gold_loss":0.0,"damage_taken":0.0},{"damage_healed":0.0,"max_hp_gain":0.0,"max_hp_loss":7.0,"gold_gain":0.0,"event_name":"Golden Idol","player_choice":"Lose Max HP","floor":8.0,"gold_loss":0.0,"damage_taken":0.0,"relics_obtained":["Golden Idol"]}],"is_beta":true,"boss_relics":[],"items_purged_floors":[2,10],"is_endless":false,"potions_floor_spawned":[11],"killed_by":"Hexaghost","ascension_level":20}