{"gold_per_floor":[119,129,79,99,49,84,84,84,110,172,172,192,204,204,204,305,305,319,394,414,91,108,135,145,145,200,230,230,249,249,274,274,374,374,386,397,410,420,440,440,468,123,150,250,264,299,332,350,350,350],"floor_reached":51,"playtime":3402,"items_purged":["Strike_R","Strike_R","Strike_R","Strike_R"],"score":959,"play_id":"e7a51198-b4bc-425a-abaf-d60b819d5ed1","local_time":"20190502232254","is_ascension_mode":false,"campfire_choices":[{"floor":8,"key":"REST"},{"data":"Clothesline","floor":11,"key":"SMITH"},{"data":"Bash","floor":15,"key":"SMITH"},{"data":"Shockwave","floor":25,"key":"SMITH"},{"data":"Juggernaut","floor":30,"key":"SMITH"},{"floor":32,"key":"REST"},{"data":"Offering","floor":40,"key":"SMITH"},{"data":"Armaments","floor":49,"key":"SMITH"}],"neow_cost":"NONE","seed_source_timestamp":1770750670386600,"circlet_count":0,"master_deck":["Strike_R+1","Defend_R","Defend_R","Defend_R","Defend_R","Bash+1","Twin Strike","Twin Strike","Clothesline+1","Headbutt+1","Reaper","Shockwave+1","Shrug It Off","Juggernaut+1","Headbutt","Iron Wave","Flame Barrier","Feed","Carnage","Battle Trance","RitualDagger","Intimidate+1","Clothesline+1","Offering+1","Uppercut+1","Battle Trance+1","PanicButton","Armaments+1"],"relics":["Burning Blood","Smiling Mask","Oddly Smooth Stone","Red Skull","Tiny Chest","Bottled Flame","Busted Crown","ClockworkSouvenir","WingedGreaves","Dream Catcher","Pantograph","Paper Frog","Sozu","Orichalcum","Pen Nib","Juzu Bracelet","Gambling Chip","Charon\u0027s Ashes","Mummified Hand"],"potions_floor_usage":[10,23,23,27,33,50],"damage_taken":[{"damage":1,"enemies":"Cultist","floor":1,"turns":3},{"damage":9,"enemies":"2 Louse","floor":2,"turns":3},{"damage":13,"enemies":"Jaw Worm","floor":4,"turns":3},{"damage":43,"enemies":"3 Sentries","floor":6,"turns":10},{"damage":4,"enemies":"Gremlin Nob","floor":10,"turns":3},{"damage":3,"enemies":"Blue Slaver","floor":12,"turns":5},{"damage":10,"enemies":"Gremlin Gang","floor":13,"turns":7},{"damage":21,"enemies":"The Guardian","floor":16,"turns":13},{"damage":6,"enemies":"Spheric Guardian","floor":18,"turns":4},{"damage":17,"enemies":"2 Thieves","floor":20,"turns":4},{"damage":9,"enemies":"Cultist and Chosen","floor":22,"turns":7},{"damage":34,"enemies":"Slavers","floor":23,"turns":6},{"damage":9,"enemies":"Snake Plant","floor":24,"turns":4},{"damage":29,"enemies":"Gremlin Leader","floor":27,"turns":9},{"damage":10,"enemies":"3 Cultists","floor":29,"turns":7},{"damage":16,"enemies":"Book of Stabbing","floor":31,"turns":6},{"damage":35,"enemies":"Collector","floor":33,"turns":8},{"damage":6,"enemies":"3 Shapes","floor":35,"turns":3},{"damage":21,"enemies":"3 Darklings","floor":36,"turns":6},{"damage":16,"enemies":"Sphere and 2 Shapes","floor":37,"turns":6},{"damage":0,"enemies":"4 Shapes","floor":38,"turns":8},{"damage":6,"enemies":"Spire Growth","floor":39,"turns":5},{"damage":14,"enemies":"Giant Head","floor":41,"turns":7},{"damage":6,"enemies":"Mind Bloom Boss Battle","floor":44,"turns":4},{"damage":11,"enemies":"Maw","floor":45,"turns":6},{"damage":15,"enemies":"Reptomancer","floor":46,"turns":6},{"damage":6,"enemies":"Nemesis","floor":47,"turns":3},{"damage":10,"enemies":"Jaw Worm Horde","floor":48,"turns":3},{"damage":6,"enemies":"Donu and Deca","floor":50,"turns":6}],"seed_played":"-6597350193652589558","potions_obtained":[{"floor":4,"key":"FearPotion"},{"floor":12,"key":"PowerPotion"},{"floor":18,"key":"Poison Potion"},{"floor":22,"key":"Strength Potion"},{"floor":27,"key":"PowerPotion"},{"floor":33,"key":"Strength Potion"}],"is_trial":false,"path_per_floor":["M","M","$","M","$","E","?","R","T","E","R","M","M","T","R","B",null,"M","?","M","$","M","E","M","R","T","E","?","M","R","E","R","B",null,"M","M","M","M","M","R","E","$","T","?","M","E","E","M","R","B",null],"character_chosen":"IRONCLAD","items_purchased":["Headbutt","ClockworkSouvenir","Iron Wave","PanicButton","Pen Nib","Armaments"],"campfire_rested":2,"item_purchase_floors":[21,21,21,42,42,42],"current_hp_per_floor":[80,77,77,70,70,33,17,41,41,43,43,53,53,53,53,48,80,80,72,67,67,74,58,62,62,62,63,57,56,56,49,75,63,92,95,98,95,104,104,104,96,96,96,104,104,98,101,100,100,116],"gold":350,"neow_bonus":"RANDOM_COMMON_RELIC","is_prod":false,"is_daily":false,"chose_seed":false,"campfire_upgraded":6,"win_rate":1,"timestamp":1556864574,"path_taken":["M","?","$","M","$","E","?","R","T","E","R","M","M","?","R","BOSS","M","?","M","$","M","E","?","R","T","E","?","M","R","E","R","BOSS","M","M","M","M","M","R","E","$","T","?","M","E","E","M","R","BOSS"],"build_version":"2019-01-23","purchased_purges":4,"victory":true,"max_hp_per_floor":[80,80,80,80,80,80,80,80,80,80,80,80,80,80,80,80,80,80,80,80,80,80,80,83,83,83,86,86,89,89,89,89,92,92,95,98,101,104,104,104,104,104,104,104,104,107,110,113,113,116],"card_choices":[{"not_picked":["Havoc","Pummel"],"picked":"Twin Strike","floor":1},{"not_picked":["Havoc","Warcry"],"picked":"Twin Strike","floor":2},{"not_picked":["Body Slam","Evolve"],"picked":"Clothesline","floor":4},{"not_picked":["Metallicize","Clash"],"picked":"Headbutt","floor":6},{"not_picked":["Entrench","Clothesline"],"picked":"Reaper","floor":10},{"not_picked":["Sword Boomerang","Blood for Blood"],"picked":"Shockwave","floor":12},{"not_picked":["Flex","Flame Barrier"],"picked":"Shrug It Off","floor":13},{"not_picked":["Bludgeon","Demon Form"],"picked":"Juggernaut","floor":16},{"not_picked":["Sword Boomerang"],"picked":"SKIP","floor":18},{"not_picked":["Heavy Blade"],"picked":"SKIP","floor":20},{"not_picked":[],"picked":"Flame Barrier","floor":22},{"not_picked":[],"picked":"Feed","floor":23},{"not_picked":[],"picked":"Carnage","floor":24},{"not_picked":[],"picked":"Battle Trance","floor":27},{"not_picked":[],"picked":"Intimidate+1","floor":29},{"not_picked":["Bloodletting"],"picked":"SKIP","floor":31},{"not_picked":[],"picked":"Clothesline+1","floor":32},{"not_picked":[],"picked":"Offering","floor":33},{"not_picked":[],"picked":"Uppercut+1","floor":35},{"not_picked":[],"picked":"Battle Trance+1","floor":36},{"not_picked":["Clash"],"picked":"SKIP","floor":37},{"not_picked":["Body Slam+1"],"picked":"SKIP","floor":38},{"not_picked":["Clash+1"],"picked":"SKIP","floor":39},{"not_picked":["Rampage"],"picked":"SKIP","floor":41},{"not_picked":["Sentinel+1"],"picked":"SKIP","floor":45},{"not_picked":["Sentinel+1"],"picked":"SKIP","floor":45},{"not_picked":["Corruption"],"picked":"SKIP","floor":46},{"not_picked":["Armaments"],"picked":"SKIP","floor":47},{"not_picked":["Rampage+1"],"picked":"SKIP","floor":48}],"player_experience":701152,"relics_obtained":[{"floor":6,"key":"Oddly Smooth Stone"},{"floor":9,"key":"Red Skull"},{"floor":10,"key":"Tiny Chest"},{"floor":14,"key":"Bottled Flame"},{"floor":23,"key":"WingedGreaves"},{"floor":26,"key":"Dream Catcher"},{"floor":27,"key":"Pantograph"},{"floor":31,"key":"Paper Frog"},{"floor":41,"key":"Orichalcum"},{"floor":43,"key":"Juzu Bracelet"},{"floor":44,"key":"Gambling Chip"},{"floor":46,"key":"Charon\u0027s Ashes"},{"floor":47,"key":"Mummified Hand"}],"event_choices":[{"damage_healed":0,"gold_gain":0,"player_choice":"Entered Light","damage_taken":16,"max_hp_gain":0,"max_hp_loss":0,"event_name":"Shining Light","floor":7,"gold_loss":0,"cards_upgraded":["Strike_R","Headbutt"]},{"damage_healed":0,"gold_gain":75,"player_choice":"Touch","damage_taken":8,"max_hp_gain":0,"max_hp_loss":0,"event_name":"FaceTrader","floor":19,"gold_loss":0},{"damage_healed":0,"gold_gain":0,"player_choice":"Joined the Cult","damage_taken":6,"max_hp_gain":0,"max_hp_loss":0,"event_name":"Nest","floor":28,"gold_loss":0,"cards_obtained":["RitualDagger"]},{"damage_healed":0,"gold_gain":0,"player_choice":"Fight","damage_taken":0,"max_hp_gain":0,"max_hp_loss":0,"event_name":"MindBloom","floor":44,"gold_loss":0}],"is_beta":false,"boss_relics":[{"not_picked":["Astrolabe","Black Star"],"picked":"Busted Crown"},{"not_picked":["Fusion Hammer","White Beast Statue"],"picked":"Sozu"}],"items_purged_floors":[3,5,21,42],"is_endless":false,"potions_floor_spawned":[4,12,18,22,27,33,35,38,39,47,48],"ascension_level":0}