{"gold_per_floor":[111,22,40,40,40,71,89,100,100,118,118,129,129,129,129,129],"floor_reached":16,"playtime":335,"items_purged":[],"score":254,"play_id":"c60c5ddc-219b-490a-9082-5043569272c9","local_time":"20190328002216","is_ascension_mode":true,"campfire_choices":[{"data":"Bash","floor":13,"key":"SMITH"},{"data":"Inflame","floor":15,"key":"SMITH"}],"neow_cost":"NONE","seed_source_timestamp":605309758676800,"circlet_count":0,"master_deck":["AscendersBane","Strike_R","Strike_R","Strike_R","Strike_R","Strike_R","Defend_R","Defend_R","Defend_R","Defend_R","Bash+1","Inflame+1","Shrug It Off"],"relics":["Burning Blood","NeowsBlessing","Letter Opener","Mercury Hourglass"],"potions_floor_usage":[16,16],"damage_taken":[{"damage":0,"enemies":"2 Louse","floor":1,"turns":1},{"damage":0,"enemies":"Small Slimes","floor":3,"turns":2},{"damage":0,"enemies":"3 Sentries","floor":6,"turns":2},{"damage":6,"enemies":"Cultist","floor":7,"turns":3},{"damage":52,"enemies":"Exordium Thugs","floor":8,"turns":6},{"damage":6,"enemies":"3 Louse","floor":10,"turns":2},{"damage":11,"enemies":"Large Slime","floor":12,"turns":8},{"damage":50,"enemies":"Hexaghost","floor":16,"turns":9}],"seed_played":"-4390062420545961298","potions_obtained":[{"floor":6,"key":"Weak Potion"},{"floor":10,"key":"SpeedPotion"}],"is_trial":false,"path_per_floor":["M","$","M","$","?","E","M","M","T","M","?","M","R","?","R","B"],"character_chosen":"IRONCLAD","items_purchased":["Inflame"],"campfire_rested":0,"item_purchase_floors":[2],"current_hp_per_floor":[74,74,75,75,75,75,75,29,29,29,29,24,24,49,49,0],"gold":129,"neow_bonus":"THREE_ENEMY_KILL","is_prod":false,"is_daily":false,"chose_seed":false,"campfire_upgraded":2,"win_rate":0,"timestamp":1553728936,"path_taken":["M","$","M","$","?","E","M","M","T","M","?","M","R","?","R","BOSS"],"build_version":"2019-03-15","purchased_purges":0,"victory":false,"max_hp_per_floor":[75,75,75,75,75,75,75,75,75,75,75,75,75,75,75,75],"card_choices":[{"not_picked":["Headbutt","Body Slam","Cleave"],"picked":"SKIP","floor":1},{"not_picked":["Bloodletting","Havoc","Body Slam"],"picked":"SKIP","floor":3},{"not_picked":["Armaments","Pommel Strike","Thunderclap"],"picked":"SKIP","floor":6},{"not_picked":["Thunderclap","Iron Wave","Perfected Strike"],"picked":"SKIP","floor":7},{"not_picked":["Iron Wave","Second Wind"],"picked":"Shrug It Off","floor":8},{"not_picked":["Shockwave","Armaments","Ghostly Armor"],"picked":"SKIP","floor":10},{"not_picked":["Clash","Havoc","True Grit"],"picked":"SKIP","floor":12}],"player_experience":1291551,"relics_obtained":[{"floor":6,"key":"Letter Opener"},{"floor":9,"key":"Mercury Hourglass"}],"event_choices":[{"damage_healed":0,"gold_gain":0,"player_choice":"Leave","damage_taken":0,"max_hp_gain":0,"max_hp_loss":0,"event_name":"The Cleric","floor":5,"gold_loss":0},{"damage_healed":0,"gold_gain":0,"player_choice":"Ignored","damage_taken":0,"max_hp_gain":0,"max_hp_loss":0,"event_name":"Liars Game","floor":11,"gold_loss":0},{"damage_healed":25,"gold_gain":0,"player_choice":"Banana","damage_taken":0,"max_hp_gain":0,"max_hp_loss":0,"event_name":"Big Fish","floor":14,"gold_loss":0}],"is_beta":true,"boss_relics":[],"items_purged_floors":[],"is_endless":false,"potions_floor_spawned":[6,10],"killed_by":"Hexaghost","ascension_level":20}