{"gold_per_floor":[113,125,125,125,145,145,174,174,174,201,201,201,201,233,233,308,308,328,598,611,623,69,69,94,94,118,118,146,40,54,85,85,85],"floor_reached":33,"playtime":2399,"items_purged":["Strike_B","Strike_B"],"score":638,"play_id":"6139689a-b7ce-4aa5-ae1f-d7bf8c1e49e0","local_time":"20190501181602","is_ascension_mode":true,"campfire_choices":[{"data":"Zap","floor":6.0,"key":"SMITH"},{"data":"Go for the Eyes","floor":8.0,"key":"SMITH"},{"data":"Dualcast","floor":13.0,"key":"SMITH"},{"data":"Loop","floor":15.0,"key":"SMITH"},{"floor":23.0,"key":"REST"},{"data":"Buffer","floor":25.0,"key":"SMITH"},{"data":"Electrodynamics","floor":27.0,"key":"SMITH"},{"data":"Deadly Poison","floor":32.0,"key":"SMITH"}],"neow_cost":"NONE","seed_source_timestamp":12912630629780,"circlet_count":0,"master_deck":["AscendersBane","Defend_B","Defend_B","Defend_B","Defend_B","Zap+1","Dualcast+1","Go for the Eyes+1","Undo","Conserve Battery","Loop+1","Electrodynamics+1","Cold Snap","Redo+1","Buffer+1","Core Surge","Deadly Poison+1"],"special_seed":0,"relics":["Cracked Core","PreservedInsect","Vajra","Oddly Smooth Stone","DataDisk","Meat on the Bone","Strawberry","Shuriken","Nuclear Battery","PrismaticShard","Regal Pillow","Orichalcum","Smiling Mask","Thread and Needle","Dream Catcher"],"potions_floor_usage":[33],"damage_taken":[{"damage":1.0,"enemies":"Cultist","floor":1.0,"turns":3.0},{"damage":7.0,"enemies":"2 Louse","floor":2.0,"turns":3.0},{"damage":0.0,"enemies":"Small Slimes","floor":5.0,"turns":3.0},{"damage":6.0,"enemies":"Gremlin Nob","floor":7.0,"turns":3.0},{"damage":4.0,"enemies":"Lagavulin","floor":10.0,"turns":8.0},{"damage":13.0,"enemies":"Gremlin Nob","floor":14.0,"turns":4.0},{"damage":40.0,"enemies":"Hexaghost","floor":16.0,"turns":12.0},{"damage":4.0,"enemies":"3 Byrds","floor":18.0,"turns":3.0},{"damage":9.0,"enemies":"Shell Parasite","floor":20.0,"turns":6.0},{"damage":9.0,"enemies":"Cultist and Chosen","floor":21.0,"turns":5.0},{"damage":2.0,"enemies":"Slavers","floor":24.0,"turns":3.0},{"damage":21.0,"enemies":"Gremlin Leader","floor":28.0,"turns":5.0},{"damage":0.0,"enemies":"3 Cultists","floor":30.0,"turns":2.0},{"damage":5.0,"enemies":"Book of Stabbing","floor":31.0,"turns":5.0},{"damage":50,"enemies":"Automaton","floor":33,"turns":10}],"seed_played":"3303192631194006021","potions_obtained":[{"floor":5.0,"key":"Fire Potion"},{"floor":7.0,"key":"Energy Potion"},{"floor":14.0,"key":"EssenceOfSteel"},{"floor":16.0,"key":"SkillPotion"},{"floor":24.0,"key":"Explosive Potion"}],"is_trial":false,"path_per_floor":["M","M","T","?","M","R","E","R","T","E","?","?","R","E","R","B",null,"M","?","M","M","$","R","E","R","T","R","E","$","M","E","R","B"],"character_chosen":"DEFECT","items_purchased":["PrismaticShard","Buffer","Regal Pillow","Weak Potion"],"campfire_rested":1,"item_purchase_floors":[22,22,22,29],"current_hp_per_floor":[63,56,56,56,56,56,50,50,50,46,39,46,46,45,45,17,63,59,31,34,37,37,75,73,73,73,73,52,52,52,47,47,0],"gold":85,"neow_bonus":"REMOVE_CARD","is_prod":false,"is_daily":false,"chose_seed":false,"campfire_upgraded":7,"win_rate":0,"timestamp":1556756162,"path_taken":["M","M","?","?","?","R","E","R","T","E","?","?","R","E","R","BOSS","M","?","M","?","$","R","E","R","T","R","E","$","?","E","R","BOSS"],"build_version":"2019-04-23","purchased_purges":2,"victory":false,"max_hp_per_floor":[71,71,71,71,71,71,71,71,71,71,71,78,78,78,78,78,78,78,78,78,78,78,78,78,78,78,78,78,78,78,78,78,78],"card_choices":[{"not_picked":["Heatsinks","Sweeping Beam"],"picked":"Go for the Eyes","floor":1.0},{"not_picked":["Turbo","Streamline","Skim"],"picked":"SKIP","floor":2.0},{"not_picked":["Streamline","Sweeping Beam"],"picked":"Undo","floor":5.0},{"not_picked":["Chaos","Streamline"],"picked":"Conserve Battery","floor":7.0},{"not_picked":["Conserve Battery","Compile Driver"],"picked":"Barrage","floor":10.0},{"not_picked":["Barrage","Gash"],"picked":"Loop","floor":14.0},{"not_picked":["Machine Learning","Echo Form"],"picked":"Electrodynamics","floor":16.0},{"not_picked":["Leap","Sweeping Beam"],"picked":"Cold Snap","floor":18.0},{"not_picked":["Stack","Conserve Battery","Turbo"],"picked":"SKIP","floor":20.0},{"not_picked":["Chaos","Hologram"],"picked":"Redo+1","floor":21.0},{"not_picked":["Dagger Spray","Slice"],"picked":"Core Surge","floor":24.0},{"not_picked":["Dodge and Roll","Stack","Conserve Battery"],"picked":"SKIP","floor":28.0},{"not_picked":["Hologram","Barrage"],"picked":"Deadly Poison","floor":30.0},{"not_picked":["Rebound","PanicButton","Forethought"],"picked":"SKIP","floor":31.0}],"player_experience":3108206,"relics_obtained":[{"floor":3.0,"key":"PreservedInsect"},{"floor":4.0,"key":"Vajra"},{"floor":7.0,"key":"Oddly Smooth Stone"},{"floor":9.0,"key":"DataDisk"},{"floor":10.0,"key":"Meat on the Bone"},{"floor":14.0,"key":"Shuriken"},{"floor":24.0,"key":"Orichalcum"},{"floor":26.0,"key":"Smiling Mask"},{"floor":28.0,"key":"Thread and Needle"},{"floor":31.0,"key":"Dream Catcher"}],"event_choices":[{"damage_healed":0.0,"max_hp_gain":0.0,"max_hp_loss":0.0,"gold_gain":0.0,"event_name":"Wheel of Change","player_choice":"Relic","floor":4.0,"gold_loss":0.0,"damage_taken":0.0},{"cards_removed":["Strike_B"],"damage_healed":0.0,"max_hp_gain":0.0,"max_hp_loss":0.0,"gold_gain":0.0,"event_name":"Golden Wing","player_choice":"Card Removal","floor":11.0,"gold_loss":0.0,"damage_taken":7.0},{"cards_removed":["Barrage"],"damage_healed":0.0,"max_hp_gain":0.0,"max_hp_loss":0.0,"gold_gain":0.0,"event_name":"WeMeetAgain","player_choice":"Gave Card","floor":12.0,"gold_loss":0.0,"damage_taken":0.0,"relics_obtained":["Strawberry"]},{"damage_healed":0.0,"max_hp_gain":0.0,"max_hp_loss":0.0,"gold_gain":270.0,"event_name":"Knowing Skull","player_choice":"GOLD GOLD GOLD ","floor":19.0,"potions_obtained":[],"gold_loss":0.0,"damage_taken":28.0,"cards_obtained":[]}],"is_beta":true,"boss_relics":[{"not_picked":["Astrolabe","Snecko Eye"],"picked":"Nuclear Battery"}],"items_purged_floors":[22,29],"is_endless":false,"potions_floor_spawned":[5,7,14,16,18,24,31],"killed_by":"Automaton","ascension_level":20}