{"gold_per_floor":[111,186,136,136,61,61,96,110,135,146,146,161,186,86,86,184,184,198,198,198,198,218,218,237,252,275,285,20,20,36,65,65,168,168,184,184,184,201,201,201,230,230,256,283,295,312,312,332,332,332],"floor_reached":51,"playtime":2184,"items_purged":["Strike_R","Defend_R","Entrench"],"score":800,"play_id":"158ae255-7d64-4264-84cb-cac1d6dd16c3","local_time":"20190223003925","is_ascension_mode":false,"campfire_choices":[{"data":"Bash","floor":6,"key":"SMITH"},{"floor":11,"key":"REST"},{"data":"Shrug It Off","floor":15,"key":"SMITH"},{"data":"Uppercut","floor":23,"key":"SMITH"},{"data":"Dropkick","floor":32,"key":"SMITH"},{"data":"Dropkick","floor":40,"key":"SMITH"},{"data":"Barricade","floor":47,"key":"SMITH"},{"floor":49,"key":"RECALL"}],"neow_cost":"NONE","seed_source_timestamp":259736548709400,"circlet_count":0,"master_deck":["Shrug It Off+1","Uppercut+1","Dropkick+1","Dropkick+1","Barricade+1"],"relics":["Burning Blood","Bag of Marbles","Happy Flower","Odd Mushroom","Pandora\u0027s Box","Boot","Bag of Preparation","Membership Card","Vajra","Mango","Dream Catcher","Oddly Smooth Stone"],"potions_floor_usage":[16,18,31,33,50,50,50],"damage_taken":[{"damage":5,"enemies":"Small Slimes","floor":1,"turns":4},{"damage":56,"enemies":"3 Sentries","floor":7,"turns":11},{"damage":2,"enemies":"2 Louse","floor":8,"turns":3},{"damage":6,"enemies":"Jaw Worm","floor":10,"turns":3},{"damage":2,"enemies":"Blue Slaver","floor":12,"turns":4},{"damage":5,"enemies":"The Mushroom Lair","floor":13,"turns":5},{"damage":30,"enemies":"The Guardian","floor":16,"turns":12},{"damage":0,"enemies":"2 Thieves","floor":18,"turns":4},{"damage":14,"enemies":"3 Byrds","floor":22,"turns":6},{"damage":0,"enemies":"Snake Plant","floor":24,"turns":4},{"damage":0,"enemies":"Centurion and Healer","floor":25,"turns":6},{"damage":0,"enemies":"Snecko","floor":27,"turns":3},{"damage":0,"enemies":"Cultist and Chosen","floor":30,"turns":5},{"damage":18,"enemies":"Book of Stabbing","floor":31,"turns":6},{"damage":73,"enemies":"Collector","floor":33,"turns":8},{"damage":2,"enemies":"Orb Walker","floor":35,"turns":3},{"damage":0,"enemies":"3 Shapes","floor":38,"turns":4},{"damage":0,"enemies":"Giant Head","floor":41,"turns":2},{"damage":0,"enemies":"Reptomancer","floor":44,"turns":1},{"damage":0,"enemies":"Maw","floor":45,"turns":1},{"damage":0,"enemies":"Transient","floor":46,"turns":1},{"damage":0,"enemies":"Spire Growth","floor":48,"turns":1},{"damage":66,"enemies":"Time Eater","floor":50,"turns":6}],"seed_played":"8252557149305341871","potions_obtained":[{"floor":7,"key":"PowerPotion"},{"floor":8,"key":"Fire Potion"},{"floor":13,"key":"Swift Potion"},{"floor":16,"key":"Regen Potion"},{"floor":30,"key":"BloodPotion"},{"floor":31,"key":"Swift Potion"},{"floor":33,"key":"PowerPotion"},{"floor":38,"key":"PowerPotion"}],"is_trial":false,"path_per_floor":["M","?","?","?","$","R","E","M","T","M","R","M","?","$","R","B",null,"M","?","?","$","M","R","M","M","T","M","$","?","M","E","R","B",null,"M","?","?","M","?","R","E","?","T","E","M","M","R","M","R","B",null],"character_chosen":"IRONCLAD","items_purchased":["Membership Card"],"campfire_rested":1,"item_purchase_floors":[28],"current_hp_per_floor":[80,69,69,62,62,62,12,16,16,16,40,44,45,45,45,21,80,80,80,80,80,72,72,78,80,80,80,80,80,80,68,68,16,80,80,80,80,80,80,80,94,94,94,94,94,94,94,94,94,43],"gold":332,"neow_bonus":"REMOVE_CARD","is_prod":false,"is_daily":false,"chose_seed":false,"campfire_upgraded":6,"win_rate":0,"timestamp":1550878765,"path_taken":["M","?","?","?","$","R","E","M","T","M","R","M","?","$","R","BOSS","M","?","?","$","M","R","M","?","T","M","$","?","M","E","R","BOSS","M","?","?","?","?","R","E","?","T","E","M","M","R","?","R","BOSS"],"build_version":"2019-02-06","purchased_purges":3,"victory":true,"max_hp_per_floor":[80,80,80,80,80,80,80,80,80,80,80,80,80,80,80,80,80,80,80,80,80,80,80,80,80,80,80,80,80,80,80,80,80,80,80,80,80,80,80,80,94,94,94,94,94,94,94,94,94,94],"card_choices":[{"not_picked":["Havoc","Cleave","Battle Trance"],"picked":"SKIP","floor":1},{"not_picked":["Intimidate","Perfected Strike","Cleave"],"picked":"SKIP","floor":7},{"not_picked":["Ghostly Armor","Pommel Strike","Entrench"],"picked":"SKIP","floor":8},{"not_picked":["Rage","Flame Barrier"],"picked":"Shrug It Off","floor":10},{"not_picked":["Havoc","Pommel Strike","Armaments"],"picked":"SKIP","floor":12},{"not_picked":["Body Slam","Burning Pact+1","Perfected Strike"],"picked":"SKIP","floor":18},{"not_picked":["Evolve+1","Twin Strike","Clothesline"],"picked":"SKIP","floor":22},{"not_picked":["Clothesline+1","Sword Boomerang","Body Slam"],"picked":"SKIP","floor":24},{"not_picked":["Shrug It Off","Body Slam","Perfected Strike+1"],"picked":"SKIP","floor":25},{"not_picked":["Warcry","Heavy Blade","Cleave+1"],"picked":"SKIP","floor":27},{"not_picked":["Iron Wave","Corruption","Metallicize"],"picked":"SKIP","floor":30},{"not_picked":["Limit Break","Carnage","Disarm"],"picked":"SKIP","floor":31},{"not_picked":["Clothesline","Clash","Disarm+1"],"picked":"SKIP","floor":35},{"not_picked":["Rupture+1","Infernal Blade+1"],"picked":"Dropkick","floor":38},{"not_picked":["Dropkick","Sentinel","True Grit+1"],"picked":"SKIP","floor":41},{"not_picked":["Impervious","Clash+1","Warcry"],"picked":"SKIP","floor":44},{"not_picked":["Uppercut","Sword Boomerang+1","Heavy Blade"],"picked":"SKIP","floor":45},{"not_picked":["Second Wind","Cleave","Anger+1"],"picked":"SKIP","floor":46},{"not_picked":["Infernal Blade","Searing Blow+1","Flame Barrier+1"],"picked":"SKIP","floor":48}],"player_experience":1174394,"relics_obtained":[{"floor":7,"key":"Bag of Marbles"},{"floor":9,"key":"Happy Flower"},{"floor":13,"key":"Odd Mushroom"},{"floor":26,"key":"Bag of Preparation"},{"floor":31,"key":"Vajra"},{"floor":41,"key":"Mango"},{"floor":43,"key":"Dream Catcher"},{"floor":44,"key":"Oddly Smooth Stone"}],"event_choices":[{"damage_healed":0,"gold_gain":75,"player_choice":"Gather Gold","damage_taken":11,"max_hp_gain":0,"max_hp_loss":0,"event_name":"World of Goop","floor":2,"gold_loss":0},{"cards_removed":["Defend_R"],"damage_healed":0,"gold_gain":0,"player_choice":"Card Removal","damage_taken":0,"max_hp_gain":0,"max_hp_loss":0,"event_name":"The Cleric","floor":3,"gold_loss":50},{"cards_removed":["Strike_R"],"damage_healed":0,"gold_gain":0,"player_choice":"Card Removal","damage_taken":7,"max_hp_gain":0,"max_hp_loss":0,"event_name":"Golden Wing","floor":4,"gold_loss":0},{"damage_healed":0,"gold_gain":0,"player_choice":"Fought Mushrooms","damage_taken":0,"max_hp_gain":0,"max_hp_loss":0,"event_name":"Mushrooms","floor":13,"gold_loss":0},{"damage_healed":0,"gold_gain":0,"player_choice":"Ignored","damage_taken":0,"max_hp_gain":0,"max_hp_loss":0,"event_name":"Vampires","floor":19,"gold_loss":0},{"cards_removed":["Infernal Blade"],"damage_healed":0,"gold_gain":0,"player_choice":"Gave Card","damage_taken":0,"relics_obtained":["Boot"],"max_hp_gain":0,"max_hp_loss":0,"event_name":"WeMeetAgain","floor":20,"gold_loss":0},{"damage_healed":0,"gold_gain":0,"player_choice":"Ignored","damage_taken":0,"max_hp_gain":0,"max_hp_loss":0,"event_name":"Beggar","floor":29,"gold_loss":0},{"damage_healed":0,"gold_gain":0,"player_choice":"Ignored","damage_taken":0,"max_hp_gain":0,"max_hp_loss":0,"event_name":"Mysterious Sphere","floor":36,"gold_loss":0},{"damage_healed":0,"gold_gain":0,"player_choice":"Ignored","damage_taken":0,"max_hp_gain":0,"max_hp_loss":0,"event_name":"Upgrade Shrine","floor":37,"gold_loss":0},{"damage_healed":0,"gold_gain":0,"player_choice":"Memory 1","damage_taken":0,"max_hp_gain":0,"max_hp_loss":0,"event_name":"SensoryStone","floor":39,"gold_loss":0},{"damage_healed":0,"gold_gain":0,"cards_transformed":["Bash"],"player_choice":"Transformed","damage_taken":0,"max_hp_gain":0,"max_hp_loss":0,"event_name":"Transmorgrifier","floor":42,"gold_loss":0,"cards_obtained":["Barricade"]}],"is_beta":true,"boss_relics":[{"not_picked":["Sozu","White Beast Statue"],"picked":"Pandora\u0027s Box"},{"not_picked":["Astrolabe","Calling Bell","Velvet Choker"]}],"items_purged_floors":[5,14,28],"is_endless":false,"potions_floor_spawned":[7,8,13,16,30,31,33,38,41,45,46],"ascension_level":0}