{"gold_per_floor":[119,136,61,61,61,61,94,94,120,120,151,170,184,204,204,281,281,281],"floor_reached":18,"playtime":286,"items_purged":["Defend_R"],"score":390,"play_id":"dbf27199-711c-4aa5-b888-e3bcb24d9ef5","local_time":"20190421011717","is_ascension_mode":true,"campfire_choices":[{"data":"Bash","floor":6,"key":"SMITH"},{"data":"Sword Boomerang","floor":8,"key":"SMITH"},{"data":"Inflame","floor":15,"key":"SMITH"}],"neow_cost":"NONE","seed_source_timestamp":907304687694800,"circlet_count":0,"master_deck":["AscendersBane","Strike_R","Strike_R","Strike_R","Strike_R","Defend_R","Defend_R","Defend_R","Bash+1","Sword Boomerang+1","Inflame+1","Heavy Blade","Impervious"],"relics":["Burning Blood","NeowsBlessing","Anchor","Potion Belt","Magic Flower","Mummified Hand","Cursed Key"],"potions_floor_usage":[13],"damage_taken":[{"damage":0,"enemies":"Small Slimes","floor":1,"turns":1},{"damage":0,"enemies":"Jaw Worm","floor":2,"turns":1},{"damage":0,"enemies":"Gremlin Nob","floor":7,"turns":1},{"damage":55,"enemies":"Lagavulin","floor":11,"turns":6},{"damage":0,"enemies":"2 Louse","floor":12,"turns":2},{"damage":0,"enemies":"Lots of Slimes","floor":13,"turns":2},{"damage":0,"enemies":"Looter","floor":14,"turns":2},{"damage":42,"enemies":"The Guardian","floor":16,"turns":8},{"damage":0,"enemies":"3 Byrds","floor":18,"turns":1}],"seed_played":"8642868294320462603","potions_obtained":[{"floor":12,"key":"Explosive Potion"},{"floor":16,"key":"Ancient Potion"}],"is_trial":false,"path_per_floor":["M","M","$","?","?","R","E","R","T","?","E","M","M","M","R","B",null,"M"],"character_chosen":"IRONCLAD","items_purchased":[],"campfire_rested":0,"item_purchase_floors":[],"current_hp_per_floor":[74,75,75,68,68,68,74,74,74,63,17,26,35,44,44,11,59,59],"gold":281,"neow_bonus":"THREE_ENEMY_KILL","is_prod":false,"is_daily":false,"chose_seed":false,"campfire_upgraded":3,"win_rate":0,"timestamp":1555802237,"path_taken":["M","M","$","?","?","R","E","R","T","?","E","M","M","?","R","BOSS","M"],"build_version":"2019-04-20","purchased_purges":1,"victory":false,"max_hp_per_floor":[75,75,75,75,75,75,75,75,75,75,75,75,75,75,75,75,75,75],"card_choices":[{"not_picked":["Thunderclap","Body Slam","Dual Wield"],"picked":"SKIP","floor":1},{"not_picked":["Wild Strike","Dual Wield","True Grit"],"picked":"SKIP","floor":2},{"not_picked":["Iron Wave","Sever Soul"],"picked":"Sword Boomerang","floor":7},{"not_picked":["Wild Strike","Impervious"],"picked":"Inflame","floor":11},{"not_picked":["Clash","Anger","Thunderclap"],"picked":"SKIP","floor":12},{"not_picked":["Sentinel","Sword Boomerang"],"picked":"Heavy Blade","floor":13},{"not_picked":["Headbutt","Bloodletting","Thunderclap"],"picked":"SKIP","floor":14},{"not_picked":["Juggernaut","Dark Embrace"],"picked":"Impervious","floor":16}],"player_experience":1404060,"relics_obtained":[{"floor":7,"key":"Anchor"},{"floor":9,"key":"Potion Belt"},{"floor":11,"key":"Mummified Hand"}],"event_choices":[{"cards_removed":["Strike_R"],"damage_healed":0,"gold_gain":0,"player_choice":"Card Removal","damage_taken":7,"max_hp_gain":0,"max_hp_loss":0,"event_name":"Golden Wing","floor":4,"gold_loss":0},{"damage_healed":0,"gold_gain":0,"player_choice":"Leave","damage_taken":0,"max_hp_gain":0,"max_hp_loss":0,"event_name":"The Cleric","floor":5,"gold_loss":0},{"damage_healed":0,"gold_gain":0,"player_choice":"Success","damage_taken":11,"relics_obtained":["Magic Flower"],"max_hp_gain":0,"max_hp_loss":0,"event_name":"Scrap Ooze","floor":10,"gold_loss":0}],"is_beta":true,"boss_relics":[{"not_picked":["Orrery","Empty Cage"],"picked":"Cursed Key"}],"items_purged_floors":[3],"is_endless":false,"potions_floor_spawned":[12,16],"killed_by":"3 Byrds","ascension_level":20}