{"gold_per_floor":[119,119,131,143,175,213,225,21,46,59,59,75,75,87,87,164,164,177,177,127,127,127,127,52,69,69,88,88,101,111,11,11,88,88,101,101,115,215,140,140,170,170,196,146,161,161,0,20,20,20,20],"floor_reached":51,"playtime":1596,"items_purged":["Regret","Writhe","Feel No Pain","Rampage","Second Wind"],"score":1346,"play_id":"f65cf648-cd2e-4a51-8c9b-411a42dac2b9","local_time":"20190404233943","is_ascension_mode":true,"campfire_choices":[{"data":"Bash","floor":7,"key":"SMITH"},{"data":"1","floor":13,"key":"LIFT"},{"data":"2","floor":15,"key":"LIFT"},{"data":"Armaments","floor":23,"key":"SMITH"},{"data":"3","floor":28,"key":"LIFT"},{"data":"Demon Form","floor":32,"key":"SMITH"},{"floor":40,"key":"RECALL"},{"data":"Inflame","floor":46,"key":"SMITH"},{"floor":49,"key":"REST"}],"neow_cost":"NONE","seed_source_timestamp":1289133566700200,"circlet_count":0,"master_deck":["AscendersBane","Bash+1","Sword Boomerang","Heavy Blade+1","Inflame+1","Demon Form+1","Warcry","Armaments+1","Offering","Sentinel","Pummel","Sword Boomerang","Shrug It Off","Feed","Shrug It Off","Shrug It Off"],"relics":["Burning Blood","NeowsBlessing","MawBank","Meat on the Bone","Smiling Mask","Girya","Pen Nib","Pandora\u0027s Box","Centennial Puzzle","Strawberry","Sozu","Gambling Chip","Art of War","Omamori","Oddly Smooth Stone"],"potions_floor_usage":[12,16,33,51],"damage_taken":[{"damage":0,"enemies":"Jaw Worm","floor":1,"turns":1},{"damage":0,"enemies":"2 Louse","floor":5,"turns":1},{"damage":3,"enemies":"Lagavulin","floor":6,"turns":2},{"damage":21,"enemies":"Small Slimes","floor":10,"turns":3},{"damage":11,"enemies":"Looter","floor":12,"turns":2},{"damage":17,"enemies":"Blue Slaver","floor":14,"turns":6},{"damage":44,"enemies":"Hexaghost","floor":16,"turns":6},{"damage":24,"enemies":"Shell Parasite","floor":18,"turns":2},{"damage":6,"enemies":"Spheric Guardian","floor":25,"turns":3},{"damage":12,"enemies":"Centurion and Healer","floor":27,"turns":2},{"damage":12,"enemies":"Sentry and Sphere","floor":29,"turns":3},{"damage":12,"enemies":"3 Cultists","floor":30,"turns":3},{"damage":41,"enemies":"Champ","floor":33,"turns":6},{"damage":6,"enemies":"3 Shapes","floor":35,"turns":3},{"damage":12,"enemies":"Orb Walker","floor":37,"turns":2},{"damage":0,"enemies":"Mind Bloom Boss Battle","floor":38,"turns":6},{"damage":48,"enemies":"Giant Head","floor":41,"turns":5},{"damage":2,"enemies":"Maw","floor":45,"turns":5},{"damage":9,"enemies":"Jaw Worm Horde","floor":48,"turns":4},{"damage":66,"enemies":"Awakened One","floor":50,"turns":8},{"damage":57,"enemies":"Donu and Deca","floor":51,"turns":5}],"seed_played":"-3569422753627143808","potions_obtained":[{"floor":6,"key":"Strength Potion"},{"floor":10,"key":"BloodPotion"},{"floor":14,"key":"Strength Potion"},{"floor":18,"key":"Swift Potion"}],"is_trial":false,"path_per_floor":["M","?","T","?","M","E","R","$","T","M","?","M","R","M","R","B",null,"M","?","$","?","?","R","?","M","T","M","R","M","M","$","R","B",null,"M","?","M","?","$","R","E","?","T","$","M","R","$","M","R","B","B"],"character_chosen":"IRONCLAD","items_purchased":["Pen Nib","Shrug It Off","Shrug It Off","Oddly Smooth Stone"],"campfire_rested":1,"item_purchase_floors":[8,31,39,47],"current_hp_per_floor":[74,74,74,56,62,65,65,65,65,50,50,52,52,53,53,27,63,45,45,45,60,39,39,39,51,58,52,52,58,52,52,52,29,73,73,73,70,76,76,76,46,46,46,46,62,62,62,62,89,41,0],"gold":20,"neow_bonus":"THREE_ENEMY_KILL","is_prod":false,"is_daily":false,"chose_seed":false,"campfire_upgraded":4,"win_rate":0,"timestamp":1554413983,"path_taken":["M","?","?","?","M","E","R","$","T","?","?","M","R","M","R","BOSS","M","?","$","?","?","R","?","M","T","M","R","M","M","$","R","BOSS","M","?","M","?","?","R","E","?","T","$","?","R","$","M","R","BOSS","BOSS"],"build_version":"2019-03-15","purchased_purges":5,"victory":false,"max_hp_per_floor":[75,75,75,75,75,75,75,75,75,75,75,75,75,75,75,75,75,75,75,75,75,80,80,80,80,87,87,87,87,87,87,87,87,87,87,87,90,90,90,90,90,90,90,90,90,90,90,93,93,93,93],"card_choices":[{"not_picked":["Clash","Perfected Strike"],"picked":"Sword Boomerang","floor":1},{"not_picked":["Hemokinesis","True Grit","Metallicize"],"picked":"SKIP","floor":5},{"not_picked":["Sentinel","Pommel Strike","Infernal Blade"],"picked":"SKIP","floor":6},{"not_picked":["Perfected Strike","Second Wind"],"picked":"Heavy Blade","floor":10},{"not_picked":["Flame Barrier","Hemokinesis"],"picked":"Inflame","floor":12},{"not_picked":["Seeing Red","Thunderclap","Headbutt"],"picked":"SKIP","floor":14},{"not_picked":["Double Tap","Immolate"],"picked":"Demon Form","floor":16},{"not_picked":["Shockwave","Uppercut"],"picked":"Pummel","floor":18},{"not_picked":["Spot Weakness","Warcry"],"picked":"Sword Boomerang","floor":25},{"not_picked":["Headbutt","Cleave","Clash"],"picked":"SKIP","floor":27},{"not_picked":["Armaments","Infernal Blade+1","Dual Wield"],"picked":"SKIP","floor":29},{"not_picked":["Juggernaut","Armaments+1","Headbutt"],"picked":"SKIP","floor":30},{"not_picked":["Brutality","Dark Embrace"],"picked":"Feed","floor":33},{"not_picked":["Iron Wave","Battle Trance"],"picked":"Shrug It Off","floor":35},{"not_picked":["Body Slam+1","Heavy Blade","Iron Wave"],"picked":"SKIP","floor":37},{"not_picked":["Rampage+1","Evolve","Entrench"],"picked":"SKIP","floor":41},{"not_picked":["Twin Strike+1","Shrug It Off","Carnage"],"picked":"SKIP","floor":45},{"not_picked":["Armaments+1","Sword Boomerang","Anger+1"],"picked":"SKIP","floor":48}],"player_experience":1332536,"relics_obtained":[{"floor":3,"key":"Meat on the Bone"},{"floor":6,"key":"Girya"},{"floor":26,"key":"Strawberry"},{"floor":38,"key":"Gambling Chip"},{"floor":41,"key":"Art of War"},{"floor":43,"key":"Omamori"}],"event_choices":[{"damage_healed":0,"gold_gain":0,"player_choice":"Box","damage_taken":0,"relics_obtained":["MawBank"],"max_hp_gain":0,"max_hp_loss":0,"event_name":"Big Fish","floor":2,"gold_loss":0,"cards_obtained":["Regret"]},{"damage_healed":0,"gold_gain":0,"player_choice":"Success","damage_taken":18,"relics_obtained":["Smiling Mask"],"max_hp_gain":0,"max_hp_loss":0,"event_name":"Scrap Ooze","floor":4,"gold_loss":0},{"damage_healed":0,"gold_gain":0,"player_choice":"Grow","damage_taken":0,"max_hp_gain":0,"max_hp_loss":0,"event_name":"Living Wall","floor":11,"gold_loss":0,"cards_upgraded":["Heavy Blade"]},{"damage_healed":0,"gold_gain":0,"player_choice":"Opened","damage_taken":0,"relics_obtained":["Centennial Puzzle"],"max_hp_gain":0,"max_hp_loss":0,"event_name":"The Mausoleum","floor":19,"gold_loss":0,"cards_obtained":["Writhe"]},{"damage_healed":15,"gold_gain":0,"player_choice":"Heal","damage_taken":0,"max_hp_gain":0,"max_hp_loss":0,"event_name":"The Library","floor":21,"gold_loss":0},{"damage_healed":0,"gold_gain":0,"player_choice":"Shed Blood","damage_taken":26,"max_hp_gain":5,"max_hp_loss":0,"event_name":"Forgotten Altar","floor":22,"gold_loss":0},{"cards_removed":["Carnage"],"damage_healed":0,"gold_gain":0,"player_choice":"Gave Gold","damage_taken":0,"max_hp_gain":0,"max_hp_loss":0,"event_name":"Beggar","floor":24,"gold_loss":75},{"damage_healed":0,"gold_gain":0,"player_choice":"Memory 1","damage_taken":0,"max_hp_gain":0,"max_hp_loss":0,"event_name":"SensoryStone","floor":36,"gold_loss":0},{"damage_healed":0,"gold_gain":0,"player_choice":"Fight","damage_taken":0,"max_hp_gain":0,"max_hp_loss":0,"event_name":"MindBloom","floor":38,"gold_loss":0},{"cards_removed":["Offering"],"damage_healed":0,"gold_gain":0,"player_choice":"Removed Skill","damage_taken":0,"max_hp_gain":0,"max_hp_loss":0,"event_name":"Falling","floor":42,"gold_loss":0}],"is_beta":true,"boss_relics":[{"not_picked":["Runic Pyramid","Coffee Dripper"],"picked":"Pandora\u0027s Box"},{"not_picked":["Philosopher\u0027s Stone","Black Star"],"picked":"Sozu"}],"items_purged_floors":[8,20,31,39,44],"is_endless":false,"potions_floor_spawned":[6,10,14,18,35,38,41],"killed_by":"Donu and Deca","ascension_level":20}