{"gold_per_floor":[119,16,291,112,124,150,150,185,185,202,202,202,228,246,246,319,319,333,208,208,208,218,218,68,68,68,68,68,82,98,41,41,41],"floor_reached":33,"playtime":823,"items_purged":["Defend_R","Regret","Regret","Regret"],"score":572,"play_id":"a7cbf806-45dc-4c0e-9857-3278965edc9e","local_time":"20190412161425","is_ascension_mode":true,"campfire_choices":[{"data":"Bash","floor":7,"key":"SMITH"},{"data":"Demon Form","floor":11,"key":"SMITH"},{"data":"Heavy Blade","floor":15,"key":"SMITH"},{"floor":23,"key":"REST"},{"floor":25,"key":"REST"},{"floor":32,"key":"REST"}],"neow_cost":"NONE","seed_source_timestamp":182959184500300,"circlet_count":0,"master_deck":["AscendersBane","Strike_R","Strike_R","Strike_R","Strike_R","Strike_R","Defend_R","Defend_R","Defend_R","Bash+1","Pummel","Shrug It Off","Inflame","Demon Form+1","Whirlwind","Heavy Blade+1","Shrug It Off","Twin Strike"],"relics":["Burning Blood","NeowsBlessing","Thread and Needle","Happy Flower","WingedGreaves","Oddly Smooth Stone","Calling Bell","Dream Catcher","Letter Opener","Champion Belt","Mummified Hand"],"potions_floor_usage":[18,29,33],"damage_taken":[{"damage":0,"enemies":"2 Louse","floor":1,"turns":1},{"damage":0,"enemies":"Cultist","floor":5,"turns":1},{"damage":0,"enemies":"Lagavulin","floor":6,"turns":1},{"damage":24,"enemies":"Gremlin Nob","floor":8,"turns":4},{"damage":0,"enemies":"Jaw Worm","floor":10,"turns":3},{"damage":13,"enemies":"Lagavulin","floor":13,"turns":5},{"damage":3,"enemies":"Looter","floor":14,"turns":3},{"damage":36,"enemies":"Hexaghost","floor":16,"turns":8},{"damage":51,"enemies":"Spheric Guardian","floor":18,"turns":6},{"damage":27,"enemies":"Shell Parasite","floor":22,"turns":5},{"damage":10,"enemies":"Centurion and Healer","floor":29,"turns":4},{"damage":42,"enemies":"Shelled Parasite and Fungi","floor":30,"turns":5},{"damage":40,"enemies":"Champ","floor":33,"turns":5}],"seed_played":"-4568106167658600645","potions_obtained":[{"floor":1,"key":"Regen Potion"},{"floor":5,"key":"Weak Potion"},{"floor":16,"key":"LiquidBronze"},{"floor":22,"key":"FearPotion"}],"is_trial":false,"path_per_floor":["M","$","?","$","M","E","R","E","T","M","R","?","E","M","R","B",null,"M","$","?","?","M","R","$","R","T","?","$","M","M","$","R","B"],"character_chosen":"IRONCLAD","items_purchased":["Shrug It Off","Inflame","Swift Potion"],"campfire_rested":3,"item_purchase_floors":[2,4,31],"current_hp_per_floor":[74,74,74,74,75,75,75,57,57,63,63,63,56,59,59,29,64,34,34,34,34,13,35,35,57,57,57,57,53,17,17,39,0],"gold":41,"neow_bonus":"THREE_ENEMY_KILL","is_prod":false,"is_daily":false,"chose_seed":false,"campfire_upgraded":3,"win_rate":0,"timestamp":1555078465,"path_taken":["M","$","?","$","?","E","R","E","T","M","R","?","E","M","R","BOSS","M","$","?","?","M","R","$","R","T","?","$","M","M","?","R","BOSS"],"build_version":"2019-04-04","purchased_purges":4,"victory":false,"max_hp_per_floor":[75,75,75,75,75,75,75,75,75,75,75,75,75,75,75,75,75,75,75,75,75,75,75,75,75,75,75,75,75,75,75,75,75],"card_choices":[{"not_picked":["Reckless Charge","Sword Boomerang"],"picked":"Pummel","floor":1},{"not_picked":["Armaments","Second Wind","Perfected Strike"],"picked":"SKIP","floor":5},{"not_picked":["Dual Wield","Havoc"],"picked":"Demon Form","floor":6},{"not_picked":["Body Slam","Thunderclap"],"picked":"Whirlwind","floor":8},{"not_picked":["Whirlwind","Thunderclap","Rage"],"picked":"SKIP","floor":10},{"not_picked":["Juggernaut","Thunderclap"],"picked":"Heavy Blade","floor":13},{"not_picked":["Battle Trance","Evolve"],"picked":"Shrug It Off","floor":14},{"not_picked":["Clothesline","Bloodletting","Cleave"],"picked":"SKIP","floor":18},{"not_picked":["Iron Wave","Body Slam","Corruption"],"picked":"SKIP","floor":22},{"not_picked":["Hemokinesis","Metallicize","Clothesline"],"picked":"SKIP","floor":29},{"not_picked":["Heavy Blade","Clothesline"],"picked":"Twin Strike","floor":30}],"player_experience":1366505,"relics_obtained":[{"floor":6,"key":"Thread and Needle"},{"floor":8,"key":"Happy Flower"},{"floor":9,"key":"WingedGreaves"},{"floor":13,"key":"Oddly Smooth Stone"},{"floor":17,"key":"Dream Catcher"},{"floor":17,"key":"Letter Opener"},{"floor":17,"key":"Champion Belt"},{"floor":26,"key":"Mummified Hand"}],"event_choices":[{"damage_healed":0,"gold_gain":275,"player_choice":"Desecrate","damage_taken":0,"max_hp_gain":0,"max_hp_loss":0,"event_name":"Golden Shrine","floor":3,"gold_loss":0,"cards_obtained":["Regret"]},{"damage_healed":0,"gold_gain":0,"player_choice":"Ignored","damage_taken":0,"max_hp_gain":0,"max_hp_loss":0,"event_name":"Liars Game","floor":12,"gold_loss":0},{"damage_healed":0,"gold_gain":0,"player_choice":"Ignored","damage_taken":0,"max_hp_gain":0,"max_hp_loss":0,"event_name":"The Mausoleum","floor":20,"gold_loss":0},{"damage_healed":0,"gold_gain":0,"player_choice":"Ignored","damage_taken":0,"max_hp_gain":0,"max_hp_loss":0,"event_name":"Vampires","floor":21,"gold_loss":0},{"cards_removed":["Doubt"],"damage_healed":0,"gold_gain":0,"player_choice":"Elegance","damage_taken":0,"max_hp_gain":0,"max_hp_loss":0,"event_name":"Back to Basics","floor":27,"gold_loss":0}],"is_beta":true,"boss_relics":[{"not_picked":["Coffee Dripper","Black Blood"],"picked":"Calling Bell"}],"items_purged_floors":[2,4,19,24],"is_endless":false,"potions_floor_spawned":[1,5,10,16,22],"killed_by":"Champ","ascension_level":20}