{"gold_per_floor":[109,259,259,270,270,305,305,327,327,338,338,353,364,374,374,374],"floor_reached":16,"playtime":394,"items_purged":[],"score":254,"play_id":"ebff9043-bccd-451e-a370-eff1068e0f4c","local_time":"20190421142027","is_ascension_mode":true,"campfire_choices":[{"data":"Bash","floor":7,"key":"SMITH"},{"data":"Feed","floor":11,"key":"SMITH"},{"data":"Twin Strike","floor":15,"key":"SMITH"}],"neow_cost":"NONE","seed_source_timestamp":954192526018600,"circlet_count":0,"master_deck":["AscendersBane","Strike_R","Strike_R","Strike_R","Strike_R","Strike_R","Defend_R","Defend_R","Defend_R","Defend_R","Bash+1","Twin Strike+1","Regret","Feed+1","Immolate"],"relics":["Burning Blood","NeowsBlessing","Lantern","Bag of Marbles","Odd Mushroom"],"potions_floor_usage":[16,16],"damage_taken":[{"damage":0,"enemies":"Jaw Worm","floor":1,"turns":1},{"damage":0,"enemies":"2 Louse","floor":4,"turns":1},{"damage":0,"enemies":"3 Sentries","floor":6,"turns":1},{"damage":24,"enemies":"The Mushroom Lair","floor":8,"turns":4},{"damage":2,"enemies":"Small Slimes","floor":10,"turns":3},{"damage":10,"enemies":"Looter","floor":12,"turns":4},{"damage":19,"enemies":"Blue Slaver","floor":13,"turns":4},{"damage":16,"enemies":"Large Slime","floor":14,"turns":4},{"damage":54,"enemies":"The Guardian","floor":16,"turns":9}],"seed_played":"2437627700518862368","potions_obtained":[{"floor":1,"key":"Regen Potion"},{"floor":8,"key":"Explosive Potion"},{"floor":14,"key":"Block Potion"}],"is_trial":false,"path_per_floor":["M","?","?","M","?","E","R","?","T","M","R","M","M","M","R","B"],"character_chosen":"IRONCLAD","items_purchased":[],"campfire_rested":0,"item_purchase_floors":[],"current_hp_per_floor":[74,74,74,75,75,75,75,57,57,61,61,61,52,46,46,7],"gold":374,"neow_bonus":"THREE_ENEMY_KILL","is_prod":false,"is_daily":false,"chose_seed":false,"campfire_upgraded":3,"win_rate":0,"timestamp":1555849227,"path_taken":["M","?","?","M","?","E","R","?","T","M","R","M","M","?","R","BOSS"],"build_version":"2019-04-20","purchased_purges":0,"victory":false,"max_hp_per_floor":[75,75,75,75,75,75,75,75,75,75,75,79,83,87,87,87],"card_choices":[{"not_picked":["Disarm","Body Slam","Cleave"],"picked":"SKIP","floor":1},{"not_picked":["Disarm","Intimidate"],"picked":"Twin Strike","floor":4},{"not_picked":["Havoc","Rage","Iron Wave"],"picked":"SKIP","floor":6},{"not_picked":["Metallicize","Heavy Blade"],"picked":"Feed","floor":10},{"not_picked":["Flex","Shrug It Off"],"picked":"Immolate","floor":12},{"not_picked":["Cleave","Iron Wave","Shockwave"],"picked":"SKIP","floor":13},{"not_picked":["Burning Pact","Heavy Blade","Pommel Strike"],"picked":"SKIP","floor":14}],"player_experience":1407003,"relics_obtained":[{"floor":6,"key":"Bag of Marbles"},{"floor":8,"key":"Odd Mushroom"}],"event_choices":[{"damage_healed":0,"gold_gain":150,"player_choice":"AGREE","damage_taken":0,"max_hp_gain":0,"max_hp_loss":0,"event_name":"Liars Game","floor":2,"gold_loss":0,"cards_obtained":["Doubt"]},{"cards_removed":["Doubt"],"damage_healed":0,"gold_gain":0,"player_choice":"Forget","damage_taken":0,"max_hp_gain":0,"max_hp_loss":0,"event_name":"Living Wall","floor":3,"gold_loss":0},{"damage_healed":0,"gold_gain":0,"player_choice":"Box","damage_taken":0,"relics_obtained":["Lantern"],"max_hp_gain":0,"max_hp_loss":0,"event_name":"Big Fish","floor":5,"gold_loss":0,"cards_obtained":["Regret"]},{"damage_healed":0,"gold_gain":0,"player_choice":"Fought Mushrooms","damage_taken":0,"max_hp_gain":0,"max_hp_loss":0,"event_name":"Mushrooms","floor":8,"gold_loss":0}],"is_beta":true,"boss_relics":[],"items_purged_floors":[],"is_endless":false,"potions_floor_spawned":[1,8,14],"killed_by":"The Guardian","ascension_level":20}