{"gold_per_floor":[111,111,111,126,145,145,171,185,239,10,20,20,20,33,33,106,106,121,132,132,182,182,182],"floor_reached":23,"playtime":706,"items_purged":[],"score":382,"play_id":"f9ff5dad-5c70-4229-a121-440dd42ff1f7","local_time":"20190322221620","is_ascension_mode":true,"campfire_choices":[{"floor":6,"key":"REST"},{"data":"Demon Form","floor":13,"key":"SMITH"},{"data":"Sword Boomerang","floor":15,"key":"SMITH"}],"neow_cost":"PERCENT_DAMAGE","seed_source_timestamp":165357558240900,"circlet_count":0,"master_deck":["AscendersBane","Strike_R+1","Strike_R","Strike_R+1","Strike_R","Defend_R","Defend_R","Defend_R","Bash+1","Sword Boomerang+1","Demon Form+1","Shrug It Off","Limit Break","Clothesline","Heavy Blade+1"],"relics":["Burning Blood","Pantograph","Red Skull","Lee\u0027s Waffle","Snecko Eye"],"potions_floor_usage":[11,14,19,23],"damage_taken":[{"damage":7,"enemies":"Small Slimes","floor":1,"turns":4},{"damage":0,"enemies":"2 Louse","floor":4,"turns":2},{"damage":2,"enemies":"Jaw Worm","floor":5,"turns":3},{"damage":35,"enemies":"Lagavulin","floor":7,"turns":6},{"damage":19,"enemies":"Exordium Wildlife","floor":8,"turns":4},{"damage":22,"enemies":"Gremlin Gang","floor":11,"turns":3},{"damage":11,"enemies":"Blue Slaver","floor":14,"turns":5},{"damage":50,"enemies":"Hexaghost","floor":16,"turns":7},{"damage":15,"enemies":"2 Thieves","floor":18,"turns":4},{"damage":11,"enemies":"Spheric Guardian","floor":19,"turns":3},{"damage":33,"enemies":"Slavers","floor":23,"turns":2}],"seed_played":"-3393301043669426820","potions_obtained":[{"floor":7,"key":"SteroidPotion"},{"floor":8,"key":"AttackPotion"},{"floor":11,"key":"BloodPotion"},{"floor":16,"key":"FearPotion"}],"is_trial":false,"path_per_floor":["M","?","?","M","M","R","E","M","T","$","M","T","R","M","R","B",null,"M","M","?","?","?","E"],"character_chosen":"IRONCLAD","items_purchased":["Lee\u0027s Waffle"],"campfire_rested":1,"item_purchase_floors":[10],"current_hp_per_floor":[49,49,26,32,36,58,29,16,16,82,66,66,66,69,69,38,71,62,57,33,33,33,0],"gold":182,"neow_bonus":"REMOVE_TWO","is_prod":false,"is_daily":false,"chose_seed":false,"campfire_upgraded":2,"win_rate":0,"timestamp":1553289380,"path_taken":["M","?","?","M","M","R","E","M","T","$","M","?","R","?","R","BOSS","M","?","?","?","?","E"],"build_version":"2019-03-15","purchased_purges":0,"victory":false,"max_hp_per_floor":[75,75,75,75,75,75,75,75,75,82,82,82,82,82,82,82,82,82,82,87,87,87,87],"card_choices":[{"not_picked":["Anger","Headbutt","Blood for Blood"],"picked":"SKIP","floor":1},{"not_picked":["Perfected Strike","Second Wind","Corruption"],"picked":"SKIP","floor":4},{"not_picked":["Twin Strike","Body Slam"],"picked":"Sword Boomerang","floor":5},{"not_picked":["Fire Breathing","Clash"],"picked":"Demon Form","floor":7},{"not_picked":["Twin Strike","Headbutt"],"picked":"Shrug It Off","floor":8},{"not_picked":["Feel No Pain","Clash","Body Slam"],"picked":"SKIP","floor":11},{"not_picked":["Wild Strike","Thunderclap","Feel No Pain"],"picked":"SKIP","floor":14},{"not_picked":["Barricade","Dark Embrace"],"picked":"Limit Break","floor":16},{"not_picked":["Perfected Strike","Warcry"],"picked":"Clothesline","floor":18},{"not_picked":["Anger","Demon Form"],"picked":"Heavy Blade+1","floor":19}],"player_experience":1269974,"relics_obtained":[{"floor":7,"key":"Pantograph"},{"floor":9,"key":"Red Skull"}],"event_choices":[{"damage_healed":0,"gold_gain":0,"player_choice":"Grow","damage_taken":0,"max_hp_gain":0,"max_hp_loss":0,"event_name":"Living Wall","floor":2,"gold_loss":0,"cards_upgraded":["Bash"]},{"damage_healed":0,"gold_gain":0,"player_choice":"Entered Light","damage_taken":23,"max_hp_gain":0,"max_hp_loss":0,"event_name":"Shining Light","floor":3,"gold_loss":0,"cards_upgraded":["Strike_R","Strike_R"]},{"damage_healed":0,"gold_gain":0,"player_choice":"Shed Blood","damage_taken":29,"max_hp_gain":5,"max_hp_loss":0,"event_name":"Forgotten Altar","floor":20,"gold_loss":0},{"damage_healed":0,"gold_gain":50,"player_choice":"Stole From Cult","damage_taken":0,"max_hp_gain":0,"max_hp_loss":0,"event_name":"Nest","floor":21,"gold_loss":0},{"damage_healed":0,"gold_gain":0,"player_choice":"Ignored","damage_taken":0,"max_hp_gain":0,"max_hp_loss":0,"event_name":"Ghosts","floor":22,"gold_loss":0}],"is_beta":true,"boss_relics":[{"not_picked":["White Beast Statue","Runic Dome"],"picked":"Snecko Eye"}],"items_purged_floors":[],"is_endless":false,"potions_floor_spawned":[7,8,11,16],"killed_by":"Slavers","ascension_level":20}