{"path_per_floor":["M","M","?","M","M","E","?","R","T","M","M","M","E","M","R","B",null,"M","?","T","M","M","R","?","M","T","M","R","M","M","M","R","B",null,"M","M"],"character_chosen":"THE_SILENT","items_purchased":[],"gold_per_floor":[99,99,99,99,99,99,99,99,99,99,99,99,99,69,69,69,69,69,69,69,69,69,69,69,69,69,69,69,69,69,69,69,69,69,69,69],"floor_reached":37,"campfire_rested":5,"playtime":4001,"current_hp_per_floor":[66,62,48,45,29,19,19,40,40,40,32,32,13,12,33,22,70,70,70,70,66,47,70,70,50,50,42,70,61,33,33,69,21,70,58,41],"items_purged":[],"gold":69,"play_id":"acb9a98d-d24f-408f-9859-c0e8134c6923","is_prod":false,"is_daily":false,"campfire_rituals":0,"campfire_upgraded":0,"is_hardmode":false,"path_taken":["M","M","?","M","M","E","?","R","T","?","M","M","E","?","R","BOSS","M","?","?","M","M","R","?","M","T","M","R","M","M","?","R","BOSS","M","M","M"],"build_version":"2018-01-18-PROD4","purchased_purges":0,"victory":false,"master_deck":["Defend_G","Defend_G","Defend_G","Defend_G","Defend_G","Strike_G","Strike_G","Strike_G","Strike_G","Strike_G","Survivor","Neutralize","Well Laid Plans","Crippling Poison","Noxious Fumes","Backflip","Deadly Poison","Deflect","Dodge and Roll","Die Die Die","All Out Attack","Die Die Die","Writhe","Doubt","Injury","Backflip","Noxious Fumes","Deflect","Noxious Fumes","Blade Dance","Prepared","Venomology","Bouncing Flask"],"max_hp_per_floor":[70,70,70,70,70,70,70,70,70,70,70,70,70,70,70,70,70,70,70,70,70,70,70,70,70,70,70,70,70,70,70,70,70,70,70,70],"relics":["Ectoplasm","Oddly Smooth Stone","Orichalcum","Happy Flower","Calling Bell","Letter Opener","Regal Pillow","Dodecahedron","Toxic Egg","Blood Vial","Runic Pyramid"],"campfire_meditates":0,"card_choices":[{"not_picked":["Outmaneuver","Backflip"],"picked":"Well Laid Plans"},{"not_picked":["Slice","Quick Slash"],"picked":"Crippling Poison"},{"not_picked":["Terror","Dagger Spray"],"picked":"Noxious Fumes"},{"not_picked":["Deflect","Sucker Punch"],"picked":"Backflip"},{"not_picked":["PiercingWail","Malaise"],"picked":"Deadly Poison"},{"not_picked":["Outmaneuver","Malaise"],"picked":"Deflect"},{"not_picked":["Caltrops","Outmaneuver"],"picked":"Dodge and Roll"},{"not_picked":["Eviscerate","Sucker Punch"],"picked":"Die Die Die"},{"not_picked":["Riddle With Holes","Flying Knee"],"picked":"All Out Attack"},{"not_picked":["Doppelganger","Unload"],"picked":"Die Die Die"},{"not_picked":["Heel Hook","Slice"],"picked":"Backflip"},{"not_picked":["Eviscerate","Dagger Spray"],"picked":"Noxious Fumes"},{"not_picked":["Dagger Throw","Poisoned Stab"],"picked":"Deflect"},{"not_picked":["Calculated Gamble","Dagger Throw"],"picked":"Noxious Fumes"},{"not_picked":["Caltrops","Distraction"],"picked":"Blade Dance"},{"not_picked":["Slice","Wraith Form"],"picked":"Prepared"},{"not_picked":["Phantasmal Killer","Tools of the Trade"],"picked":"Venomology"},{"not_picked":["Malaise","Dagger Spray"],"picked":"Bouncing Flask"}],"player_experience":10218,"potions_floor_usage":[13,13,16,21,31,33,33,37,37],"damage_taken":[{"damage":4.0,"enemies":"Blue Slaver","floor":1.0,"turns":4.0},{"damage":4,"enemies":"2 Louse","floor":2,"turns":3},{"damage":3,"enemies":"Jaw Worm","floor":4,"turns":4},{"damage":16,"enemies":"Exordium Thugs","floor":5,"turns":6},{"damage":10,"enemies":"Lagavulin","floor":6,"turns":7},{"damage":0,"enemies":"3 Louse","floor":10,"turns":3},{"damage":8,"enemies":"Gremlin Gang","floor":11,"turns":6},{"damage":0,"enemies":"Exordium Wildlife","floor":12,"turns":4},{"damage":19,"enemies":"3 Sentries","floor":13,"turns":8},{"damage":1,"enemies":"Looter","floor":14,"turns":3},{"damage":11,"enemies":"The Guardian","floor":16,"turns":10},{"damage":0,"enemies":"3 Byrds","floor":18,"turns":3},{"damage":4,"enemies":"Spheric Guardian","floor":21,"turns":8},{"damage":19,"enemies":"Snecko","floor":22,"turns":7},{"damage":20,"enemies":"3 Cultists","floor":25,"turns":5},{"damage":10,"enemies":"Centurion and Healer","floor":27,"turns":7},{"damage":9,"enemies":"Snecko","floor":29,"turns":7},{"damage":30,"enemies":"Sentry and Sphere","floor":30,"turns":6},{"damage":2,"enemies":"Chosen and Byrds","floor":31,"turns":6},{"damage":49,"enemies":"Automaton","floor":33,"turns":11},{"damage":12,"enemies":"3 Darklings","floor":35,"turns":8},{"damage":19,"enemies":"Orb Walker","floor":36,"turns":5},{"damage":48,"enemies":"Sphere and 2 Shapes","floor":37,"turns":7}],"event_choices":[{"event_name":"Shining Light","player_choice":"Entered Light","floor":3,"damage_taken":0},{"event_name":"Golden Shrine","player_choice":"Pray","floor":7,"damage_taken":0},{"event_name":"Vampires","player_choice":"Ignored","floor":19,"damage_taken":0},{"event_name":"The Lab","player_choice":"Got Potions","floor":24,"damage_taken":0}],"boss_relics":[{"not_picked":["Black Star","Cursed Key"],"picked":"Calling Bell"},{"not_picked":["White Beast Statue","Runic Dome"],"picked":"Runic Pyramid"}],"potions_floor_spawned":[4,6,11,12,14,16,21,22,31,36],"seed_played":"-6494785400722804159","killed_by":"Sphere and 2 Shapes","is_trial":false}