{"gold_per_floor":[365,8,23,41,41,41,57,57,84,84,99,110,35,64,64,140,140,158,83,83,83,102,102,102],"floor_reached":24,"playtime":529,"items_purged":["Defend_R"],"score":392,"play_id":"8cee2944-3447-4a6e-a00a-9398d55d9875","local_time":"20190410230300","is_ascension_mode":true,"campfire_choices":[{"data":"Bash","floor":6,"key":"SMITH"},{"data":"Whirlwind","floor":8,"key":"SMITH"},{"data":"Sword Boomerang","floor":10,"key":"SMITH"},{"data":"Inflame","floor":15,"key":"SMITH"},{"floor":23,"key":"REST"}],"neow_cost":"TEN_PERCENT_HP_LOSS","seed_source_timestamp":34961168424099,"circlet_count":0,"master_deck":["AscendersBane","Strike_R","Strike_R","Strike_R","Strike_R","Defend_R","Defend_R","Defend_R","Bash+1","Whirlwind+1","Sword Boomerang+1","Inflame+1","Sword Boomerang","Feed","Pummel","Writhe","True Grit"],"relics":["Burning Blood","Prayer Wheel","FaceOfCleric","PreservedInsect","Anchor","Black Star","StoneCalendar"],"potions_floor_usage":[16,18,22],"damage_taken":[{"damage":8,"enemies":"2 Louse","floor":1,"turns":4},{"damage":6,"enemies":"Cultist","floor":3,"turns":3},{"damage":0,"enemies":"Small Slimes","floor":4,"turns":2},{"damage":7,"enemies":"Exordium Wildlife","floor":7,"turns":3},{"damage":17,"enemies":"Looter","floor":11,"turns":3},{"damage":3,"enemies":"2 Fungi Beasts","floor":12,"turns":3},{"damage":25,"enemies":"Lagavulin","floor":14,"turns":5},{"damage":41,"enemies":"The Guardian","floor":16,"turns":6},{"damage":13,"enemies":"2 Thieves","floor":18,"turns":3},{"damage":39,"enemies":"Shell Parasite","floor":22,"turns":5},{"damage":48,"enemies":"Snake Plant","floor":24,"turns":3}],"seed_played":"-5947345754227223549","potions_obtained":[{"floor":3,"key":"Explosive Potion"},{"floor":7,"key":"Strength Potion"},{"floor":16,"key":"AttackPotion"},{"floor":18,"key":"Poison Potion"}],"is_trial":false,"path_per_floor":["M","$","M","M","?","R","M","R","T","R","M","M","$","E","R","B",null,"M","?","?","$","M","R","M"],"character_chosen":"IRONCLAD","items_purchased":["Whirlwind","Prayer Wheel"],"campfire_rested":1,"item_purchase_floors":[2,2],"current_hp_per_floor":[66,66,66,68,68,68,68,68,68,68,58,62,62,44,44,10,57,54,54,54,54,22,45,0],"gold":102,"neow_bonus":"TWO_FIFTY_GOLD","is_prod":false,"is_daily":false,"chose_seed":false,"campfire_upgraded":4,"win_rate":0,"timestamp":1554930180,"path_taken":["M","$","M","M","?","R","M","R","T","R","M","?","?","E","R","BOSS","M","?","?","$","M","R","M"],"build_version":"2019-04-04","purchased_purges":1,"victory":false,"max_hp_per_floor":[68,68,68,68,68,68,69,69,69,69,70,71,71,72,72,73,73,77,77,77,77,78,78,78],"card_choices":[{"not_picked":["Perfected Strike","Clash","Flex"],"picked":"SKIP","floor":1},{"not_picked":["Carnage","Pommel Strike","Body Slam"],"picked":"SKIP","floor":3},{"not_picked":["Warcry","Wild Strike","Rage"],"picked":"SKIP","floor":3},{"not_picked":["True Grit","Iron Wave","Second Wind"],"picked":"SKIP","floor":4},{"not_picked":["Thunderclap","Havoc","Sever Soul"],"picked":"SKIP","floor":4},{"not_picked":["Evolve","Shockwave"],"picked":"Sword Boomerang","floor":7},{"not_picked":["Iron Wave","Havoc","Body Slam"],"picked":"SKIP","floor":7},{"not_picked":["Burning Pact","Havoc"],"picked":"Inflame","floor":11},{"not_picked":["Sword Boomerang","Hemokinesis","Seeing Red"],"picked":"SKIP","floor":11},{"not_picked":["Disarm","Dark Embrace"],"picked":"Sword Boomerang","floor":12},{"not_picked":["Wild Strike","Body Slam","Pommel Strike"],"picked":"SKIP","floor":12},{"not_picked":["Power Through","Barricade","Wild Strike"],"picked":"SKIP","floor":14},{"not_picked":["Fiend Fire","Impervious"],"picked":"Feed","floor":16},{"not_picked":["Perfected Strike","Pommel Strike"],"picked":"Pummel","floor":18},{"not_picked":["Pommel Strike","Flex","Shockwave"],"picked":"SKIP","floor":18},{"not_picked":["Pommel Strike","Anger"],"picked":"True Grit","floor":22},{"not_picked":["Hemokinesis+1","Sword Boomerang","Searing Blow"],"picked":"SKIP","floor":22}],"player_experience":1357518,"relics_obtained":[{"floor":9,"key":"PreservedInsect"},{"floor":14,"key":"Anchor"}],"event_choices":[{"damage_healed":0,"gold_gain":0,"player_choice":"Trade","damage_taken":0,"relics_obtained":["FaceOfCleric"],"max_hp_gain":0,"max_hp_loss":0,"event_name":"FaceTrader","floor":5,"gold_loss":0},{"cards_removed":["Strike_R"],"damage_healed":0,"gold_gain":0,"player_choice":"Gave Gold","damage_taken":0,"max_hp_gain":0,"max_hp_loss":0,"event_name":"Beggar","floor":19,"gold_loss":75},{"damage_healed":0,"gold_gain":0,"player_choice":"Opened","damage_taken":0,"relics_obtained":["StoneCalendar"],"max_hp_gain":0,"max_hp_loss":0,"event_name":"The Mausoleum","floor":20,"gold_loss":0,"cards_obtained":["Writhe"]}],"is_beta":true,"boss_relics":[{"not_picked":["Pandora\u0027s Box","Empty Cage"],"picked":"Black Star"}],"items_purged_floors":[13],"is_endless":false,"potions_floor_spawned":[3,7,11,16,18],"killed_by":"Snake Plant","ascension_level":20}