{"gold_per_floor":[118,118,70,70,70,100,100,25,52,52,52,67,67,87,87,211,211,231,252,252,152,172,172,213,237,237,237,253,153,153,153,153,153],"floor_reached":33,"playtime":700,"items_purged":["Defend_R","Strike_R","Strike_R+1"],"score":286,"play_id":"26138b28-75cb-48ec-843b-7020f84a9d6d","local_time":"20190209233426","is_ascension_mode":false,"campfire_choices":[{"data":"Bash","floor":7,"key":"SMITH"},{"data":"Clash","floor":13,"key":"SMITH"},{"data":"Shrug It Off","floor":15,"key":"SMITH"},{"data":"Strike_R","floor":23,"key":"SMITH"},{"floor":27,"key":"REST"},{"data":"Defend_R","floor":30,"key":"SMITH"},{"floor":32,"key":"REST"}],"neow_cost":"NONE","seed_source_timestamp":1853732749784500,"circlet_count":0,"master_deck":["Strike_R+1","Strike_R+1","Strike_R+1","Defend_R+1","Bash+1","Clash+1","Shrug It Off+1","Corruption"],"relics":["Burning Blood","NeowsBlessing","Bird Faced Urn","Anchor","Golden Idol","Eternal Feather","Art of War","The Courier"],"potions_floor_usage":[16,19,24,25],"damage_taken":[{"damage":0,"enemies":"Small Slimes","floor":1,"turns":1},{"damage":0,"enemies":"Gremlin Nob","floor":6,"turns":1},{"damage":0,"enemies":"Jaw Worm","floor":12,"turns":1},{"damage":0,"enemies":"Cultist","floor":14,"turns":2},{"damage":67,"enemies":"Hexaghost","floor":16,"turns":9},{"damage":0,"enemies":"Chosen","floor":18,"turns":4},{"damage":1,"enemies":"3 Byrds","floor":19,"turns":7},{"damage":28,"enemies":"Snake Plant","floor":22,"turns":4},{"damage":58,"enemies":"Gremlin Leader","floor":24,"turns":6},{"damage":4,"enemies":"Centurion and Healer","floor":25,"turns":7},{"damage":5,"enemies":"Snecko","floor":28,"turns":4},{"damage":100,"enemies":"Champ","floor":33,"turns":7}],"seed_played":"4265262382566290204","potions_obtained":[{"floor":12,"key":"FearPotion"},{"floor":14,"key":"Swift Potion"},{"floor":16,"key":"PowerPotion"},{"floor":18,"key":"Regen Potion"},{"floor":25,"key":"Regen Potion"},{"floor":28,"key":"Fire Potion"}],"is_trial":false,"path_per_floor":["M","?","$","?","$","E","R","$","T","?","?","M","R","M","R","B",null,"M","M","?","$","M","R","E","M","T","R","M","$","R","?","R","B"],"character_chosen":"IRONCLAD","items_purchased":["Shrug It Off"],"campfire_rested":2,"item_purchase_floors":[3],"current_hp_per_floor":[80,85,85,85,85,85,85,85,85,68,68,74,74,79,79,18,79,79,79,79,79,57,60,10,27,27,53,54,54,57,57,79,0],"gold":153,"neow_bonus":"THREE_ENEMY_KILL","is_prod":false,"is_daily":false,"chose_seed":false,"campfire_upgraded":5,"win_rate":0,"timestamp":1549751666,"path_taken":["M","?","$","?","?","E","R","$","T","?","?","M","R","M","R","BOSS","M","M","?","$","M","R","E","M","T","R","?","$","R","?","R","BOSS"],"build_version":"2019-02-06","purchased_purges":3,"victory":false,"max_hp_per_floor":[80,85,85,85,85,85,85,85,85,85,79,79,79,79,79,79,79,79,79,79,79,79,79,79,79,79,79,79,79,79,79,79,79],"card_choices":[{"not_picked":["Body Slam","Thunderclap"],"picked":"Clash","floor":1},{"not_picked":["Clash","Metallicize","Second Wind"],"picked":"SKIP","floor":6},{"not_picked":["Sword Boomerang","Shockwave","Warcry"],"picked":"SKIP","floor":12},{"not_picked":["Clothesline","Body Slam","Warcry"],"picked":"SKIP","floor":14},{"not_picked":["Cleave","Sword Boomerang","Pommel Strike"],"picked":"SKIP","floor":18},{"not_picked":["Hemokinesis+1","Uppercut+1","Cleave"],"picked":"SKIP","floor":19},{"not_picked":["Flame Barrier","Seeing Red+1","Flex+1"],"picked":"SKIP","floor":22},{"not_picked":["Flex","Warcry","Twin Strike"],"picked":"SKIP","floor":24},{"not_picked":["Body Slam","Rampage","Iron Wave"],"picked":"SKIP","floor":25},{"not_picked":["Feed","Perfected Strike","Burning Pact+1"],"picked":"SKIP","floor":28}],"player_experience":1137621,"relics_obtained":[{"floor":6,"key":"Bird Faced Urn"},{"floor":9,"key":"Anchor"},{"floor":24,"key":"Art of War"},{"floor":26,"key":"The Courier"}],"event_choices":[{"damage_healed":0,"gold_gain":0,"player_choice":"Donut","damage_taken":0,"max_hp_gain":5,"max_hp_loss":0,"event_name":"Big Fish","floor":2,"gold_loss":0},{"cards_removed":["Defend_R"],"damage_healed":0,"gold_gain":0,"player_choice":"Forget","damage_taken":0,"max_hp_gain":0,"max_hp_loss":0,"event_name":"Living Wall","floor":4,"gold_loss":0},{"damage_healed":0,"gold_gain":0,"player_choice":"Entered Light","damage_taken":17,"max_hp_gain":0,"max_hp_loss":0,"event_name":"Shining Light","floor":10,"gold_loss":0,"cards_upgraded":["Strike_R","Strike_R"]},{"damage_healed":0,"gold_gain":0,"player_choice":"Lose Max HP","damage_taken":0,"relics_obtained":["Golden Idol"],"max_hp_gain":0,"max_hp_loss":6,"event_name":"Golden Idol","floor":11,"gold_loss":0},{"damage_healed":0,"gold_gain":0,"player_choice":"Upgraded","damage_taken":0,"max_hp_gain":0,"max_hp_loss":0,"event_name":"Upgrade Shrine","floor":20,"gold_loss":0,"cards_upgraded":["Strike_R"]},{"damage_healed":0,"gold_gain":0,"cards_transformed":["Defend_R"],"player_choice":"Transformed","damage_taken":0,"max_hp_gain":0,"max_hp_loss":0,"event_name":"Transmorgrifier","floor":31,"gold_loss":0,"cards_obtained":["Corruption"]}],"is_beta":true,"boss_relics":[{"not_picked":["Busted Crown","White Beast Statue"],"picked":"Eternal Feather"}],"items_purged_floors":[8,21,29],"is_endless":false,"potions_floor_spawned":[12,14,16,18,25,28],"killed_by":"Champ","ascension_level":0}