{"gold_per_floor":[18,33,33,48,48,48,58,74,74,74,92,92,92,109,109,182,182,198,198,218,218,236,236,236,236,236,236,249,264,264,264,264,338,338,354,84,104,117,129,129,129],"floor_reached":41,"playtime":1602,"items_purged":["Decay"],"score":874,"play_id":"acdd5095-7beb-4844-8d61-5689aa33be96","local_time":"20190101001910","is_ascension_mode":true,"campfire_choices":[{"data":"Dualcast","floor":6,"key":"SMITH"},{"data":"Buffer","floor":10,"key":"SMITH"},{"floor":13,"key":"REST"},{"data":"Coolheaded","floor":15,"key":"SMITH"},{"data":"Hologram","floor":23,"key":"SMITH"},{"floor":25,"key":"REST"},{"data":"White Noise","floor":27,"key":"SMITH"},{"floor":32,"key":"REST"},{"floor":40,"key":"REST"}],"neow_cost":"NO_GOLD","seed_source_timestamp":6263343712400,"circlet_count":0,"master_deck":["AscendersBane","Strike_B","Strike_B","Defend_B","Zap+1","Dualcast+1","Buffer+1","Rebound","Ball Lightning+1","Coolheaded+1","Core Surge","White Noise+1","Conserve Battery","Echo Form","Writhe","Hologram+1","Skim","Writhe","Ball Lightning+1","Go for the Eyes","Glacier","Reboot","Biased Cognition","Creative AI"],"relics":["Cracked Core","Pear","Cursed Key","Centennial Puzzle","The Courier","Runic Pyramid","Sundial"],"potions_floor_usage":[8,18,20,29,33,38,41,41],"damage_taken":[{"damage":1,"enemies":"Cultist","floor":1,"turns":3},{"damage":0,"enemies":"Small Slimes","floor":2,"turns":3},{"damage":0,"enemies":"2 Louse","floor":4,"turns":2},{"damage":0,"enemies":"2 Fungi Beasts","floor":7,"turns":4},{"damage":14,"enemies":"Exordium Thugs","floor":8,"turns":5},{"damage":11,"enemies":"Blue Slaver","floor":11,"turns":2},{"damage":8,"enemies":"Gremlin Gang","floor":14,"turns":4},{"damage":0,"enemies":"The Guardian","floor":16,"turns":8},{"damage":11,"enemies":"2 Thieves","floor":18,"turns":3},{"damage":10,"enemies":"3 Byrds","floor":20,"turns":3},{"damage":0,"enemies":"Snecko","floor":22,"turns":5},{"damage":23,"enemies":"Centurion and Healer","floor":28,"turns":8},{"damage":31,"enemies":"Snake Plant","floor":29,"turns":4},{"damage":18,"enemies":"Champ","floor":33,"turns":9},{"damage":23,"enemies":"Orb Walker","floor":35,"turns":3},{"damage":4,"enemies":"3 Darklings","floor":37,"turns":5},{"damage":14,"enemies":"Spire Growth","floor":38,"turns":5},{"damage":9,"enemies":"4 Shapes","floor":39,"turns":5},{"damage":46,"enemies":"Jaw Worm Horde","floor":41,"turns":2}],"seed_played":"8640169115009549058","potions_obtained":[{"floor":2,"key":"EssenceOfSteel"},{"floor":4,"key":"SkillPotion"},{"floor":14,"key":"SpeedPotion"},{"floor":16,"key":"LiquidBronze"},{"floor":20,"key":"AttackPotion"},{"floor":28,"key":"Ancient Potion"},{"floor":29,"key":"SpeedPotion"},{"floor":35,"key":"Ancient Potion"},{"floor":39,"key":"Swift Potion"}],"is_trial":false,"path_per_floor":["M","M","$","M","?","R","M","M","T","R","M","?","R","M","R","B",null,"M","?","M","?","M","R","?","R","T","R","M","M","?","?","R","B",null,"M","$","M","M","M","R","M"],"character_chosen":"DEFECT","items_purchased":["Sundial"],"campfire_rested":4,"item_purchase_floors":[36],"current_hp_per_floor":[63,63,63,63,63,63,63,49,59,59,48,24,48,40,40,40,71,60,60,50,50,50,50,42,66,66,66,43,12,12,12,36,18,65,42,42,38,24,15,39,0],"gold":129,"neow_bonus":"TRANSFORM_TWO_CARDS","is_prod":false,"is_daily":false,"chose_seed":false,"campfire_upgraded":5,"win_rate":0,"timestamp":1546298350,"path_taken":["M","?","$","M","?","R","M","M","T","R","?","?","R","M","R","BOSS","M","?","M","?","?","R","?","R","T","R","?","M","?","?","R","BOSS","M","$","M","M","M","R","M"],"build_version":"2018-12-25","purchased_purges":1,"victory":false,"max_hp_per_floor":[71,71,71,71,71,71,71,71,81,81,81,81,81,81,81,81,81,81,81,81,81,81,81,81,81,81,81,81,81,81,81,81,81,81,81,81,81,81,81,81,81],"card_choices":[{"not_picked":["Compile Driver","Streamline"],"picked":"Ball Lightning","floor":1},{"not_picked":["Steam","Gash","Heatsinks"],"picked":"SKIP","floor":2},{"not_picked":["Steam","Rebound"],"picked":"Coolheaded","floor":4},{"not_picked":["Hello World","Recycle","Aggregate"],"picked":"SKIP","floor":7},{"not_picked":["Barrage","Steam"],"picked":"Core Surge","floor":8},{"not_picked":["Barrage","Gash"],"picked":"White Noise","floor":11},{"not_picked":["Coolheaded","Go for the Eyes"],"picked":"Conserve Battery","floor":14},{"not_picked":["Meteor Strike","Buffer"],"picked":"Echo Form","floor":16},{"not_picked":["Heatsinks","Beam Cell","Barrage"],"picked":"SKIP","floor":18},{"not_picked":["Conserve Battery","Stack"],"picked":"Hologram","floor":20},{"not_picked":["Tempest","Fusion","Stack"],"picked":"SKIP","floor":22},{"not_picked":["Aggregate","Gash"],"picked":"Ball Lightning+1","floor":28},{"not_picked":["Recycle","Meteor Strike"],"picked":"Go for the Eyes","floor":29},{"not_picked":["Hyperbeam","Fission"],"picked":"Biased Cognition","floor":33},{"not_picked":["Redo+1","Beam Cell+1","Steam Power"],"picked":"SKIP","floor":35},{"not_picked":["Go for the Eyes+1","Steam","Conserve Battery"],"picked":"SKIP","floor":37},{"not_picked":["Rip and Tear","Darkness","Ball Lightning"],"picked":"SKIP","floor":38},{"not_picked":["Doom and Gloom+1","Barrage"],"picked":"Creative AI","floor":39}],"player_experience":994660,"relics_obtained":[{"floor":9,"key":"Pear"},{"floor":26,"key":"The Courier"}],"event_choices":[{"damage_healed":0,"gold_gain":0,"player_choice":"0 cards matched","damage_taken":0,"max_hp_gain":0,"max_hp_loss":0,"event_name":"Match and Keep!","floor":5,"gold_loss":0,"cards_obtained":[]},{"damage_healed":0,"gold_gain":0,"player_choice":"Entered Light","damage_taken":24,"max_hp_gain":0,"max_hp_loss":0,"event_name":"Shining Light","floor":12,"gold_loss":0,"cards_upgraded":["Zap","Ball Lightning"]},{"damage_healed":0,"gold_gain":0,"player_choice":"Opened","damage_taken":0,"relics_obtained":["Centennial Puzzle"],"max_hp_gain":0,"max_hp_loss":0,"event_name":"The Mausoleum","floor":19,"gold_loss":0,"cards_obtained":["Writhe"]},{"damage_healed":0,"gold_gain":0,"cards_transformed":["Defend_B"],"player_choice":"Transformed","damage_taken":0,"max_hp_gain":0,"max_hp_loss":0,"event_name":"Transmorgrifier","floor":21,"gold_loss":0,"cards_obtained":["Skim"]},{"damage_healed":0,"gold_gain":0,"player_choice":"","damage_taken":8,"max_hp_gain":0,"max_hp_loss":0,"event_name":"Knowing Skull","floor":24,"potions_obtained":[],"gold_loss":0,"cards_obtained":[]},{"damage_healed":0,"gold_gain":0,"cards_transformed":["Strike_B","Defend_B"],"player_choice":"Became Test Subject","damage_taken":0,"max_hp_gain":0,"max_hp_loss":0,"event_name":"Drug Dealer","floor":30,"gold_loss":0,"cards_obtained":["Glacier","Reboot"]},{"damage_healed":0,"gold_gain":0,"player_choice":"Smashed Altar","damage_taken":0,"max_hp_gain":0,"max_hp_loss":0,"event_name":"Forgotten Altar","floor":31,"gold_loss":0,"cards_obtained":["Decay"]}],"is_beta":true,"boss_relics":[{"not_picked":["Busted Crown","White Beast Statue"],"picked":"Cursed Key"},{"not_picked":["Snecko Eye","Runic Dome"],"picked":"Runic Pyramid"}],"items_purged_floors":[36],"is_endless":false,"potions_floor_spawned":[2,4,14,16,20,28,29,35,39],"killed_by":"Jaw Worm Horde","ascension_level":20}