{"gold_per_floor":[110,130,130,130,205,241,241,285,309,309,56,56,129,129,129,249,249,265,265,277,294,308,308,341,368,368,368],"floor_reached":27,"playtime":724,"items_purged":[],"score":262,"play_id":"45caeb9a-717f-4b26-a23f-c50838a15e07","local_time":"20190301002830","is_ascension_mode":false,"campfire_choices":[{"floor":7,"key":"REST"},{"data":"Bash","floor":10,"key":"SMITH"},{"data":"Strike_R","floor":15,"key":"SMITH"},{"data":"Double Tap","floor":23,"key":"SMITH"}],"neow_cost":"PERCENT_DAMAGE","seed_source_timestamp":778976431133100,"circlet_count":0,"master_deck":["Strike_R","Strike_R","Strike_R","Strike_R","Strike_R+1","Defend_R","Defend_R","Defend_R","Defend_R","Bash+1","Uppercut+1","Double Tap+1","Heavy Blade+1","Shrug It Off"],"relics":["Burning Blood","Bloody Idol","Juzu Bracelet","StoneCalendar","Anchor","Question Card","Philosopher\u0027s Stone","Dodecahedron","Red Mask","Ornamental Fan"],"potions_floor_usage":[16,16,16,25],"damage_taken":[{"damage":0,"enemies":"2 Louse","floor":1,"turns":3},{"damage":0,"enemies":"Small Slimes","floor":2,"turns":3},{"damage":39,"enemies":"Lagavulin","floor":6,"turns":6},{"damage":24,"enemies":"Gremlin Nob","floor":8,"turns":4},{"damage":33,"enemies":"Slime Boss","floor":16,"turns":7},{"damage":24,"enemies":"3 Byrds","floor":18,"turns":5},{"damage":5,"enemies":"Shell Parasite","floor":20,"turns":4},{"damage":12,"enemies":"Centurion and Healer","floor":21,"turns":5},{"damage":19,"enemies":"Snake Plant","floor":22,"turns":4},{"damage":23,"enemies":"Book of Stabbing","floor":24,"turns":4},{"damage":38,"enemies":"Masked Bandits","floor":25,"turns":5},{"damage":6,"enemies":"3 Cultists","floor":27,"turns":3}],"seed_played":"-459183944293544047","potions_obtained":[{"floor":1,"key":"Regen Potion"},{"floor":6,"key":"GamblersBrew"},{"floor":12,"key":"Explosive Potion"},{"floor":12,"key":"Explosive Potion"},{"floor":16,"key":"Strength Potion"},{"floor":22,"key":"SpeedPotion"},{"floor":25,"key":"Swift Potion"}],"is_trial":false,"path_per_floor":["M","M","?","?","?","E","R","E","T","R","$","?","?","?","R","B",null,"M","?","M","M","M","R","E","?","T","M"],"character_chosen":"IRONCLAD","items_purchased":["Question Card"],"campfire_rested":1,"item_purchase_floors":[11],"current_hp_per_floor":[78,84,84,60,49,16,44,26,26,26,26,26,26,26,26,14,96,78,78,84,83,75,75,63,36,36,30],"gold":368,"neow_bonus":"TWENTY_PERCENT_HP_BONUS","is_prod":false,"is_daily":false,"chose_seed":false,"campfire_upgraded":3,"win_rate":0,"timestamp":1551396510,"path_taken":["M","M","?","?","?","E","R","E","T","R","$","?","?","?","R","BOSS","M","?","M","M","M","R","E","?","T","M"],"build_version":"2019-02-06","purchased_purges":0,"victory":false,"max_hp_per_floor":[96,96,96,96,96,96,96,96,96,96,96,96,96,96,96,96,96,96,96,96,96,96,96,96,96,96,96],"card_choices":[{"not_picked":["Spot Weakness","Pummel"],"picked":"Uppercut","floor":1},{"not_picked":["Clothesline","Wild Strike","Heavy Blade"],"picked":"SKIP","floor":2},{"not_picked":["Combust","Seeing Red","True Grit"],"picked":"SKIP","floor":6},{"not_picked":["Inflame","True Grit","Iron Wave"],"picked":"SKIP","floor":8},{"not_picked":["Bludgeon","Impervious","Limit Break"],"picked":"Double Tap","floor":16},{"not_picked":["True Grit+1","Combust+1","Heavy Blade","Wild Strike"],"picked":"SKIP","floor":18},{"not_picked":["Perfected Strike+1","Inflame","Headbutt+1"],"picked":"Heavy Blade+1","floor":20},{"not_picked":["Sword Boomerang","Flame Barrier+1","Reckless Charge"],"picked":"Shrug It Off","floor":21},{"not_picked":["Headbutt+1","Barricade","Rage","Rampage"],"picked":"SKIP","floor":22},{"not_picked":["Flex","Juggernaut","Fiend Fire","Thunderclap+1"],"picked":"SKIP","floor":24}],"player_experience":1201947,"relics_obtained":[{"floor":6,"key":"Juzu Bracelet"},{"floor":8,"key":"StoneCalendar"},{"floor":9,"key":"Anchor"},{"floor":24,"key":"Dodecahedron"},{"floor":25,"key":"Red Mask"},{"floor":26,"key":"Ornamental Fan"}],"event_choices":[{"damage_healed":0,"gold_gain":0,"player_choice":"Grow","damage_taken":0,"max_hp_gain":0,"max_hp_loss":0,"event_name":"Living Wall","floor":3,"gold_loss":0,"cards_upgraded":["Uppercut"]},{"damage_healed":0,"gold_gain":0,"player_choice":"Take Damage","damage_taken":24,"relics_obtained":["Golden Idol"],"max_hp_gain":0,"max_hp_loss":0,"event_name":"Golden Idol","floor":4,"gold_loss":0},{"damage_healed":0,"gold_gain":75,"player_choice":"Gather Gold","damage_taken":11,"max_hp_gain":0,"max_hp_loss":0,"event_name":"World of Goop","floor":5,"gold_loss":0},{"damage_healed":0,"gold_gain":0,"player_choice":"Got Potions","damage_taken":0,"max_hp_gain":0,"max_hp_loss":0,"event_name":"Lab","floor":12,"gold_loss":0},{"damage_healed":0,"gold_gain":73,"player_choice":"Gained Gold","damage_taken":0,"max_hp_gain":0,"max_hp_loss":0,"event_name":"Golden Wing","floor":13,"gold_loss":0},{"damage_healed":0,"gold_gain":0,"player_choice":"Ignored","damage_taken":0,"max_hp_gain":0,"max_hp_loss":0,"event_name":"Liars Game","floor":14,"gold_loss":0},{"damage_healed":0,"gold_gain":0,"player_choice":"Gave Idol","damage_taken":0,"relics_obtained":["Bloody Idol"],"max_hp_gain":0,"max_hp_loss":0,"event_name":"Forgotten Altar","floor":19,"relics_lost":["Golden Idol"],"gold_loss":0},{"damage_healed":0,"gold_gain":0,"player_choice":"Fought Bandits","damage_taken":0,"max_hp_gain":0,"max_hp_loss":0,"event_name":"Masked Bandits","floor":25,"gold_loss":0}],"is_beta":true,"boss_relics":[{"not_picked":["White Beast Statue","Snecko Eye"],"picked":"Philosopher\u0027s Stone"}],"items_purged_floors":[],"is_endless":false,"potions_floor_spawned":[1,6,16,22,25],"killed_by":"3 Cultists","ascension_level":0}