{"gold_per_floor":[119,119,137,51,51,86,11,11,11,11,30,30,30,64,64,64],"floor_reached":16,"playtime":351,"items_purged":["Regret"],"score":262,"play_id":"eea0ec17-6302-49b8-aba9-6b653588b991","local_time":"20190418003022","is_ascension_mode":true,"campfire_choices":[{"data":"Bash","floor":8,"key":"SMITH"},{"data":"Twin Strike","floor":12,"key":"SMITH"},{"floor":15,"key":"REST"}],"neow_cost":"NONE","seed_source_timestamp":645206341273700,"circlet_count":0,"master_deck":["AscendersBane","Strike_R","Strike_R","Strike_R","Strike_R","Strike_R","Defend_R","Defend_R","Defend_R","Defend_R","Bash+1","Sword Boomerang","Feed","Twin Strike+1","Feed"],"relics":["Burning Blood","NeowsBlessing","CultistMask","Bag of Preparation","Du-Vu Doll","Meat on the Bone","Omamori"],"potions_floor_usage":[16,16],"damage_taken":[{"damage":0,"enemies":"2 Louse","floor":1,"turns":1},{"damage":0,"enemies":"Cultist","floor":3,"turns":1},{"damage":0,"enemies":"Lagavulin","floor":6,"turns":1},{"damage":16,"enemies":"Jaw Worm","floor":11,"turns":5},{"damage":50,"enemies":"3 Sentries","floor":14,"turns":9},{"damage":70,"enemies":"Hexaghost","floor":16,"turns":9}],"seed_played":"-3947109247222868083","potions_obtained":[{"floor":11,"key":"EssenceOfSteel"},{"floor":14,"key":"EssenceOfSteel"}],"is_trial":false,"path_per_floor":["M","?","M","$","?","E","$","R","T","T","M","R","?","E","R","B"],"character_chosen":"IRONCLAD","items_purchased":["Feed"],"campfire_rested":1,"item_purchase_floors":[4],"current_hp_per_floor":[74,74,75,75,75,78,78,78,78,78,71,71,71,42,67,0],"gold":64,"neow_bonus":"THREE_ENEMY_KILL","is_prod":false,"is_daily":false,"chose_seed":false,"campfire_upgraded":2,"win_rate":0,"timestamp":1555540222,"path_taken":["M","?","?","$","?","E","?","R","T","?","M","R","?","E","R","BOSS"],"build_version":"2019-04-04","purchased_purges":1,"victory":false,"max_hp_per_floor":[75,75,75,75,75,78,78,78,78,78,81,81,81,84,84,84],"card_choices":[{"not_picked":["Perfected Strike","Infernal Blade","Pommel Strike"],"picked":"SKIP","floor":1},{"not_picked":["Heavy Blade","Body Slam"],"picked":"Sword Boomerang","floor":3},{"not_picked":["Rage","Anger","Power Through"],"picked":"SKIP","floor":6},{"not_picked":["Corruption","Bloodletting"],"picked":"Twin Strike","floor":11},{"not_picked":["Reckless Charge","Rupture"],"picked":"Feed","floor":14}],"player_experience":1398029,"relics_obtained":[{"floor":6,"key":"Du-Vu Doll"},{"floor":10,"key":"Meat on the Bone"},{"floor":14,"key":"Omamori"}],"event_choices":[{"damage_healed":0,"gold_gain":0,"player_choice":"Trade","damage_taken":0,"relics_obtained":["CultistMask"],"max_hp_gain":0,"max_hp_loss":0,"event_name":"FaceTrader","floor":2,"gold_loss":0},{"damage_healed":0,"gold_gain":0,"player_choice":"Box","damage_taken":0,"relics_obtained":["Bag of Preparation"],"max_hp_gain":0,"max_hp_loss":0,"event_name":"Big Fish","floor":5,"gold_loss":0,"cards_obtained":["Regret"]},{"damage_healed":0,"gold_gain":0,"player_choice":"Ignored","damage_taken":0,"max_hp_gain":0,"max_hp_loss":0,"event_name":"Liars Game","floor":13,"gold_loss":0}],"is_beta":true,"boss_relics":[],"items_purged_floors":[7],"is_endless":false,"potions_floor_spawned":[11,14],"killed_by":"Hexaghost","ascension_level":20}