{"gold_per_floor":[111,111,128,53,67,67,87,107,107,118,143,161,173,199,199,304,304,318,334,85,111,127,162,162,162,162,162,178,204,204,218,218,315,315,329,1328,1339,1339,632,632,649,649,695,695,105,105,121,146,146,146],"floor_reached":50,"playtime":3640,"items_purged":["Pain","Normality","Normality"],"score":864,"play_id":"69f5205b-c0da-4f4b-aefd-28e76ae78eed","local_time":"20181005201307","is_ascension_mode":true,"campfire_choices":[{"data":"Footwork","floor":6.0,"key":"SMITH"},{"data":"Unload","floor":15.0,"key":"SMITH"},{"floor":24.0,"key":"REST"},{"floor":27.0,"key":"REST"},{"floor":32.0,"key":"REST"},{"floor":40.0,"key":"REST"},{"floor":42.0,"key":"REST"},{"floor":44.0,"key":"REST"},{"data":"1","floor":49.0,"key":"LIFT"}],"neow_cost":"NONE","seed_source_timestamp":0,"circlet_count":0,"master_deck":["Defend_G","Defend_G","Defend_G","Defend_G","Defend_G","Strike_G","Strike_G","Strike_G","Strike_G","Strike_G","Neutralize","PiercingWail","Blur+1","Footwork+1","Dash+1","Deflect","Unload+1","Blur+1","Tools of the Trade","Deflect","Dagger Throw+1","Poisoned Stab+1","Tools of the Trade","Noxious Fumes+1","Tools of the Trade","Dagger Spray+1","Noxious Fumes+1","Catalyst","Finesse","Dagger Spray+1","Caltrops","Noxious Fumes","Blur"],"special_seed":0,"relics":["Ring of the Snake","WarpedTongs","Art of War","Juzu Bracelet","Molten Egg 2","Fusion Hammer","Kunai","Red Mask","War Paint","Gremlin Horn","Mercury Hourglass","FaceOfCleric","Black Star","DollysMirror","Anchor","Strawberry","Girya","Pocketwatch","Nunchaku"],"potions_floor_usage":[50,50],"damage_taken":[{"damage":0.0,"enemies":"2 Louse","floor":1.0,"turns":3.0},{"damage":3.0,"enemies":"Cultist","floor":3.0,"turns":4.0},{"damage":0.0,"enemies":"Jaw Worm","floor":5.0,"turns":4.0},{"damage":3.0,"enemies":"2 Fungi Beasts","floor":7.0,"turns":6.0},{"damage":1.0,"enemies":"Exordium Thugs","floor":8.0,"turns":9.0},{"damage":0.0,"enemies":"Blue Slaver","floor":10.0,"turns":5.0},{"damage":0.0,"enemies":"Lagavulin","floor":11.0,"turns":10.0},{"damage":0.0,"enemies":"Red Slaver","floor":12.0,"turns":6.0},{"damage":0.0,"enemies":"2 Fungi Beasts","floor":13.0,"turns":5.0},{"damage":0.0,"enemies":"3 Sentries","floor":14.0,"turns":10.0},{"damage":17.0,"enemies":"Slime Boss","floor":16.0,"turns":16.0},{"damage":0.0,"enemies":"Chosen","floor":18.0,"turns":5.0},{"damage":15.0,"enemies":"3 Byrds","floor":19.0,"turns":9.0},{"damage":19.0,"enemies":"Masked Bandits","floor":21.0,"turns":8.0},{"damage":7.0,"enemies":"Sentry and Sphere","floor":22.0,"turns":10.0},{"damage":15.0,"enemies":"Slavers","floor":23.0,"turns":12.0},{"damage":0.0,"enemies":"Snecko","floor":28.0,"turns":8.0},{"damage":4.0,"enemies":"Gremlin Leader","floor":29.0,"turns":11.0},{"damage":0.0,"enemies":"Snake Plant","floor":31.0,"turns":4.0},{"damage":32.0,"enemies":"Automaton","floor":33.0,"turns":12.0},{"damage":0.0,"enemies":"3 Shapes","floor":35.0,"turns":4.0},{"damage":13.0,"enemies":"3 Darklings","floor":37.0,"turns":5.0},{"damage":45.0,"enemies":"Spire Growth","floor":41.0,"turns":7.0},{"damage":22.0,"enemies":"Sphere and 2 Shapes","floor":47.0,"turns":6.0},{"damage":20.0,"enemies":"Giant Head","floor":48.0,"turns":10.0},{"damage":43,"enemies":"Time Eater","floor":50,"turns":5}],"seed_played":"3810710997691420565","potions_obtained":[{"floor":1.0,"key":"Dexterity Potion"},{"floor":8.0,"key":"GamblersBrew"},{"floor":10.0,"key":"EssenceOfSteel"},{"floor":11.0,"key":"PowerPotion"},{"floor":19.0,"key":"SkillPotion"},{"floor":22.0,"key":"PowerPotion"},{"floor":23.0,"key":"Dexterity Potion"},{"floor":37.0,"key":"SkillPotion"},{"floor":48.0,"key":"LiquidBronze"}],"is_trial":false,"path_per_floor":["M","?","M","$","M","R","M","M","T","M","E","M","M","E","R","B",null,"M","M","$","?","M","E","R","?","T","R","M","E","?","M","R","B",null,"M","?","M","?","$","R","M","R","T","R","$","?","M","E","R"],"character_chosen":"THE_SILENT","items_purchased":["Kunai","DollysMirror","Anchor","Catalyst","Finesse","Dagger Spray+1","Caltrops","Noxious Fumes","Blur","Girya"],"campfire_rested":6,"item_purchase_floors":[20,39,39,39,39,39,39,45,45,45],"current_hp_per_floor":[63,63,60,60,60,60,57,56,56,56,56,56,56,56,56,39,62,62,47,47,28,21,6,27,27,27,48,48,44,44,45,66,35,63,64,64,52,52,52,74,30,52,59,82,82,82,61,42,42,0],"gold":146,"neow_bonus":"THREE_CARDS","is_prod":false,"is_daily":false,"chose_seed":false,"campfire_upgraded":2,"win_rate":0,"timestamp":1538795587,"path_taken":["M","?","M","$","?","R","M","M","T","M","E","M","M","E","R","BOSS","M","M","$","?","M","E","R","?","T","R","M","E","?","M","R","BOSS","M","?","M","?","$","R","M","R","T","R","$","?","M","E","R","BOSS"],"build_version":"2018-10-04","purchased_purges":3,"victory":false,"max_hp_per_floor":[70,70,70,70,70,70,70,70,70,70,70,70,70,70,70,70,70,70,70,70,70,70,70,70,70,70,70,70,70,70,71,71,72,72,73,73,74,74,74,74,75,75,82,82,82,82,83,84,84,84],"card_choices":[{"not_picked":["Dodge and Roll","Quick Slash"],"picked":"PiercingWail","floor":0.0},{"not_picked":["Predator","Concentrate"],"picked":"Blur","floor":1.0},{"not_picked":["PiercingWail","Flechettes","Bane"],"picked":"SKIP","floor":3.0},{"not_picked":["Infinite Blades","Eviscerate"],"picked":"Footwork","floor":5.0},{"not_picked":["Dagger Throw","PiercingWail"],"picked":"Dash","floor":7.0},{"not_picked":["Sucker Punch","Blade Dance","Dash"],"picked":"SKIP","floor":8.0},{"not_picked":["Deadly Poison","Bouncing Flask"],"picked":"Deflect","floor":10.0},{"not_picked":["Catalyst","Distraction","Acrobatics"],"picked":"SKIP","floor":11.0},{"not_picked":["Dagger Throw","Skewer","Calculated Gamble"],"picked":"SKIP","floor":12.0},{"not_picked":["All Out Attack","Setup"],"picked":"Unload","floor":13.0},{"not_picked":["PiercingWail","Outmaneuver"],"picked":"Blur","floor":14.0},{"not_picked":["Phantasmal Killer","Grand Finale+1"],"picked":"Tools of the Trade","floor":16.0},{"not_picked":["Poisoned Stab+1","Quick Slash+1"],"picked":"Deflect","floor":18.0},{"not_picked":["Poisoned Stab+1","Predator+1"],"picked":"Dagger Throw+1","floor":19.0},{"not_picked":["Concentrate","Skewer+1","Outmaneuver"],"picked":"SKIP","floor":22.0},{"not_picked":["Quick Slash+1","Flechettes+1","Reflex"],"picked":"SKIP","floor":23.0},{"not_picked":["Wraith Form v2","Outmaneuver"],"picked":"Poisoned Stab+1","floor":28.0},{"not_picked":["Catalyst","Grand Finale+1"],"picked":"Tools of the Trade","floor":29.0},{"not_picked":["Dodge and Roll","Outmaneuver+1"],"picked":"Noxious Fumes+1","floor":31.0},{"not_picked":["Grand Finale+1","Bullet Time"],"picked":"Tools of the Trade","floor":33.0},{"not_picked":["Acrobatics","Flechettes+1","Sucker Punch+1"],"picked":"SKIP","floor":35.0},{"not_picked":["Cloak And Dagger","PiercingWail+1"],"picked":"Dagger Spray+1","floor":37.0},{"not_picked":["Cloak And Dagger+1","Quick Slash+1","Dagger Spray+1"],"picked":"SKIP","floor":41.0},{"not_picked":["Blur","Underhanded Strike+1","Infinite Blades+1"],"picked":"SKIP","floor":47.0},{"not_picked":["Night Terror","Setup","Sucker Punch+1"],"picked":"SKIP","floor":48.0}],"player_experience":337450,"relics_obtained":[{"floor":9.0,"key":"Art of War"},{"floor":11.0,"key":"Juzu Bracelet"},{"floor":14.0,"key":"Molten Egg 2"},{"floor":21.0,"key":"Red Mask"},{"floor":23.0,"key":"War Paint"},{"floor":26.0,"key":"Gremlin Horn"},{"floor":29.0,"key":"Mercury Hourglass"},{"floor":43.0,"key":"Strawberry"},{"floor":48.0,"key":"Pocketwatch"},{"floor":48.0,"key":"Nunchaku"}],"event_choices":[{"event_name":"Accursed Blacksmith","player_choice":"Rummage","floor":2.0,"damage_taken":0.0},{"event_name":"Masked Bandits","player_choice":"Fought Bandits","floor":21.0,"damage_taken":0.0},{"event_name":"Ghosts","player_choice":"Ignored","floor":21.0,"damage_taken":0.0},{"event_name":"Upgrade Shrine","player_choice":"Upgraded","floor":25.0,"damage_taken":0.0},{"event_name":"FaceTrader","player_choice":"Trade","floor":30.0,"damage_taken":0.0},{"event_name":"MindBloom","player_choice":"Gold","floor":36.0,"damage_taken":0.0},{"event_name":"SecretPortal","player_choice":"Rejected Portal.","floor":38.0,"damage_taken":0.0},{"event_name":"Falling","player_choice":"Removed Skill","floor":46.0,"damage_taken":0.0}],"is_beta":true,"boss_relics":[{"not_picked":["Eternal Feather","Astrolabe"],"picked":"Fusion Hammer"},{"not_picked":["Coffee Dripper","Empty Cage"],"picked":"Black Star"}],"items_purged_floors":[4,39,45],"is_endless":false,"potions_floor_spawned":[1,8,10,11,12,19,22,23,37,48],"killed_by":"Time Eater","ascension_level":8}