{"gold_per_floor":[119,119,1,19,37,37,49,61,113,113,126,187,187,218,218,294,294,304,29,0,15,65,65,96,113,136,136,148,148,166,179,179,179],"floor_reached":33,"playtime":964,"items_purged":[],"score":511,"play_id":"fb27dd68-4643-4c65-a57e-bde61167417c","local_time":"20180926160951","is_ascension_mode":true,"campfire_choices":[{"data":"Zap","floor":6.0,"key":"SMITH"},{"data":"Dualcast","floor":10,"key":"SMITH"},{"data":"Hologram","floor":13,"key":"SMITH"},{"data":"Blizzard","floor":15,"key":"SMITH"},{"data":"Thunder Strike","floor":23,"key":"SMITH"},{"floor":29,"key":"REST"},{"floor":32,"key":"REST"}],"neow_cost":"NONE","seed_source_timestamp":366243270583884,"circlet_count":0,"master_deck":["Strike_B","Strike_B+1","Strike_B","Strike_B","Defend_B","Defend_B","Defend_B","Defend_B","Zap+1","Dualcast+1","AscendersBane","Leap","Glacier","Conserve Battery","FTL+1","Ball Lightning","Ball Lightning","Hologram+1","Blizzard+1","Thunder Strike+1","Cold Snap","Stack","Coolheaded","Coolheaded+1","Capacitor","Stack+1","Capacitor"],"special_seed":0,"relics":["FrozenCore","Bag of Preparation","Whetstone","Symbiotic Virus","PreservedInsect","Cables","Dream Catcher","Regal Pillow","Question Card"],"potions_floor_usage":[12,14,24,24,28,31],"damage_taken":[{"damage":1.0,"enemies":"Small Slimes","floor":1.0,"turns":3.0},{"damage":0.0,"enemies":"2 Louse","floor":4.0,"turns":3.0},{"damage":0.0,"enemies":"Cultist","floor":5.0,"turns":4.0},{"damage":2,"enemies":"Looter","floor":7,"turns":4},{"damage":1,"enemies":"3 Louse","floor":8,"turns":4},{"damage":0,"enemies":"Large Slime","floor":11,"turns":4},{"damage":3,"enemies":"3 Sentries","floor":12,"turns":7},{"damage":1,"enemies":"Gremlin Nob","floor":14,"turns":3},{"damage":44,"enemies":"Hexaghost","floor":16,"turns":10},{"damage":2,"enemies":"Chosen","floor":18,"turns":6},{"damage":3,"enemies":"Shell Parasite","floor":21,"turns":6},{"damage":23,"enemies":"Book of Stabbing","floor":24,"turns":6},{"damage":10,"enemies":"Centurion and Healer","floor":25,"turns":11},{"damage":21,"enemies":"Shelled Parasite and Fungi","floor":28,"turns":7},{"damage":25,"enemies":"Chosen and Byrds","floor":30,"turns":8},{"damage":8,"enemies":"Snecko","floor":31,"turns":7},{"damage":57,"enemies":"Automaton","floor":33,"turns":6}],"seed_played":"-7426741755819646722","potions_obtained":[{"floor":4.0,"key":"Dexterity Potion"},{"floor":7,"key":"SkillPotion"},{"floor":12,"key":"Strength Potion"},{"floor":16,"key":"Energy Potion"},{"floor":21,"key":"Block Potion"},{"floor":24,"key":"Weak Potion"},{"floor":30,"key":"PowerPotion"}],"is_trial":false,"path_per_floor":["M","?","$","M","M","R","M","M","T","R","M","?","R","E","R","B",null,"M","$","?","M","?","R","E","M","T","T","M","R","M","M","R"],"character_chosen":"DEFECT","items_purchased":["Glacier","Conserve Battery","Cables"],"campfire_rested":2,"item_purchase_floors":[3,3,19],"current_hp_per_floor":[63,68,68,68,68,68,66,65,65,65,65,62,62,61,61,17,61,59,59,59,56,56,56,33,23,23,23,2,39,14,6,43,0],"gold":179,"neow_bonus":"RANDOM_COMMON_RELIC","is_prod":false,"is_daily":false,"chose_seed":false,"campfire_upgraded":5,"win_rate":0,"timestamp":1538003391,"path_taken":["M","?","$","M","M","R","M","?","T","R","M","?","R","E","R","BOSS","M","$","?","?","?","R","E","M","T","?","M","R","M","M","R","BOSS"],"build_version":"2018-09-25","purchased_purges":0,"victory":false,"max_hp_per_floor":[71,76,76,76,76,76,76,76,76,76,76,76,76,76,76,76,76,76,76,76,76,76,76,76,76,76,76,76,76,76,76,76,76],"card_choices":[{"not_picked":["Coolheaded","Redo"],"picked":"Leap","floor":1.0},{"not_picked":["Streamline","Recycle","Rip and Tear"],"picked":"SKIP","floor":4.0},{"not_picked":["Chaos","Hello World"],"picked":"FTL","floor":5.0},{"not_picked":["Reboot","Gash"],"picked":"Ball Lightning","floor":7},{"not_picked":["Tempest","Compile Driver"],"picked":"Ball Lightning","floor":8},{"not_picked":["Genetic Algorithm","Rebound"],"picked":"Hologram","floor":11},{"not_picked":["Steam Power","Beam Cell"],"picked":"Blizzard","floor":12},{"not_picked":["Steam","Turbo","Hello World"],"picked":"SKIP","floor":14},{"not_picked":["Reboot","Creative AI"],"picked":"Thunder Strike","floor":16},{"not_picked":["Darkness","Beam Cell","Compile Driver"],"picked":"SKIP","floor":18},{"not_picked":["Rebound","Barrage"],"picked":"Cold Snap","floor":21},{"not_picked":["Aggregate","Go for the Eyes"],"picked":"Stack","floor":24},{"not_picked":["Double Energy","Lockon+1","Scrape"],"picked":"SKIP","floor":25},{"not_picked":["Aggregate","Rebound","Sweeping Beam"],"picked":"Coolheaded","floor":28},{"not_picked":["Ball Lightning","Recycle","Stack"],"picked":"Coolheaded+1","floor":29},{"not_picked":["Auto Shields","Gash","Coolheaded"],"picked":"Capacitor","floor":30},{"not_picked":["Buffer","Recycle","Gash"],"picked":"Stack+1","floor":31},{"not_picked":["Redo","Self Repair","Sweeping Beam"],"picked":"Capacitor","floor":32}],"player_experience":933832,"relics_obtained":[{"floor":9,"key":"Whetstone"},{"floor":12,"key":"Symbiotic Virus"},{"floor":14,"key":"PreservedInsect"},{"floor":24,"key":"Dream Catcher"},{"floor":26,"key":"Regal Pillow"},{"floor":27,"key":"Question Card"}],"event_choices":[{"event_name":"Big Fish","player_choice":"Donut","floor":2.0,"damage_taken":0.0},{"event_name":"Dead Adventurer","player_choice":"Searched \u00271\u0027 times","floor":12,"damage_taken":0},{"event_name":"Masked Bandits","player_choice":"Paid Fearfully","floor":20,"damage_taken":0},{"event_name":"Golden Shrine","player_choice":"Pray","floor":22,"damage_taken":0}],"is_beta":true,"boss_relics":[{"not_picked":["White Beast Statue","Nuclear Battery"],"picked":"FrozenCore"}],"items_purged_floors":[],"is_endless":false,"potions_floor_spawned":[4,7,8,12,16,21,24,30],"killed_by":"Automaton","ascension_level":18}