{"gold_per_floor":[112,112,127,127,43,73,85,120,146,71,151,151,185,195,195,270,270,281,281,331,331,92,124,124,140,140,140,156,156,156,169,169,243,243,259,9,22,22,36,66,86,86,86,36,67,67,67,67,67,67],"floor_reached":50,"playtime":5558,"items_purged":["Strike_B","Strike_B","Strike_B","Strike_B"],"score":1243,"play_id":"d30598a5-8dfe-4d48-ba22-cf88236a7953","local_time":"20190427230514","is_ascension_mode":true,"campfire_choices":[{"floor":12,"key":"REST"},{"data":"Loop","floor":15,"key":"SMITH"},{"floor":24,"key":"REST"},{"data":"Defragment","floor":27,"key":"SMITH"},{"data":"Buffer","floor":29,"key":"SMITH"},{"floor":32,"key":"DIG"},{"floor":42,"key":"REST"},{"floor":47,"key":"RECALL"},{"floor":49,"key":"DIG"}],"neow_cost":"NONE","seed_source_timestamp":445134183062880,"circlet_count":0,"master_deck":["AscendersBane","Defend_B","Defend_B","Defend_B","Defend_B","Zap","Dualcast","Conserve Battery","Loop+1","Go for the Eyes","Core Surge","Steam","Ball Lightning","Doom and Gloom","Buffer+1","Defragment+1","Turbo","Cold Snap","Loop+1","Biased Cognition","White Noise+1","BootSequence","Cold Snap+1","Capacitor","Reinforced Body","Compile Driver+1","Panacea"],"relics":["Cracked Core","NeowsBlessing","Bag of Preparation","Dream Catcher","Ancient Tea Set","Singing Bowl","Shovel","Runic Pyramid","MutagenicStrength","Regal Pillow","Ornamental Fan","Smiling Mask","Fusion Hammer","DataDisk","Strawberry","Pantograph","PreservedInsect","Vajra"],"potions_floor_usage":[8,16,23,23,33,40,40,50],"damage_taken":[{"damage":0,"enemies":"Jaw Worm","floor":1,"turns":1},{"damage":0,"enemies":"2 Louse","floor":3,"turns":1},{"damage":0,"enemies":"3 Sentries","floor":6,"turns":1},{"damage":1,"enemies":"Cultist","floor":7,"turns":3},{"damage":33,"enemies":"Gremlin Nob","floor":8,"turns":4},{"damage":12,"enemies":"Lagavulin","floor":13,"turns":6},{"damage":1,"enemies":"Looter","floor":14,"turns":3},{"damage":12,"enemies":"The Guardian","floor":16,"turns":8},{"damage":35,"enemies":"2 Thieves","floor":18,"turns":4},{"damage":35,"enemies":"Book of Stabbing","floor":23,"turns":4},{"damage":0,"enemies":"Shell Parasite","floor":25,"turns":4},{"damage":0,"enemies":"Centurion and Healer","floor":28,"turns":4},{"damage":20,"enemies":"3 Cultists","floor":31,"turns":6},{"damage":9,"enemies":"Automaton","floor":33,"turns":11},{"damage":38,"enemies":"3 Darklings","floor":35,"turns":5},{"damage":0,"enemies":"Orb Walker","floor":37,"turns":3},{"damage":5,"enemies":"4 Shapes","floor":39,"turns":8},{"damage":36,"enemies":"Reptomancer","floor":40,"turns":6},{"damage":0,"enemies":"Transient","floor":41,"turns":6},{"damage":0,"enemies":"Giant Head","floor":45,"turns":7},{"damage":100,"enemies":"Awakened One","floor":50,"turns":6}],"seed_played":"-7763432067910881077","potions_obtained":[{"floor":1,"key":"LiquidBronze"},{"floor":7,"key":"SteroidPotion"},{"floor":8,"key":"FairyPotion"},{"floor":13,"key":"PowerPotion"},{"floor":18,"key":"Strength Potion"},{"floor":23,"key":"Ancient Potion"},{"floor":31,"key":"SpeedPotion"},{"floor":35,"key":"GamblersBrew"},{"floor":37,"key":"Fire Potion"},{"floor":45,"key":"Explosive Potion"}],"is_trial":false,"path_per_floor":["M","?","M","?","$","E","M","E","T","$","T","R","E","M","R","B",null,"M","?","?","?","$","E","R","M","T","R","M","R","?","M","R","B",null,"M","$","M","$","M","E","M","R","T","$","E","?","R","?","R","B"],"character_chosen":"DEFECT","items_purchased":["Loop","Defragment","Turbo","DataDisk","BootSequence"],"campfire_rested":3,"item_purchase_floors":[5,22,22,36,36],"current_hp_per_floor":[64,69,69,58,58,58,57,24,24,24,24,46,34,33,33,21,62,29,29,29,45,45,10,50,50,50,50,52,52,92,74,74,65,87,49,49,49,49,44,15,17,62,62,62,64,58,58,58,58,0],"gold":67,"neow_bonus":"THREE_ENEMY_KILL","is_prod":false,"is_daily":false,"chose_seed":false,"campfire_upgraded":3,"win_rate":0,"timestamp":1556420714,"path_taken":["M","?","M","?","$","E","M","E","T","$","?","R","E","?","R","BOSS","M","?","?","?","$","E","R","M","T","R","M","R","?","M","R","BOSS","M","$","?","$","M","E","M","R","T","?","E","?","R","?","R","BOSS"],"build_version":"2019-01-23","purchased_purges":4,"victory":false,"max_hp_per_floor":[71,76,76,76,76,76,76,76,76,76,76,76,76,76,76,76,76,78,78,78,78,78,78,80,80,80,80,82,82,92,94,94,94,94,94,94,94,94,94,101,103,103,103,103,105,109,109,104,104,104],"card_choices":[{"not_picked":["Cold Snap","Melter"],"picked":"Conserve Battery","floor":1},{"not_picked":["Hologram","Redo","Lockon"],"picked":"SKIP","floor":3},{"not_picked":["Fusion","Sweeping Beam"],"picked":"Go for the Eyes","floor":6},{"not_picked":["Turbo","Rebound"],"picked":"Core Surge","floor":7},{"not_picked":["Redo","Fusion"],"picked":"Steam","floor":8},{"not_picked":["Recycle","Leap"],"picked":"Ball Lightning","floor":12},{"not_picked":["Go for the Eyes","Redo"],"picked":"Doom and Gloom","floor":13},{"not_picked":["Conserve Battery","Coolheaded"],"picked":"Buffer","floor":14},{"not_picked":["Hyperbeam","All For One"],"picked":"Echo Form","floor":16},{"not_picked":["Storm","Tempest+1","Recycle"],"picked":"Singing Bowl","floor":18},{"not_picked":["Auto Shields","Leap"],"picked":"Cold Snap","floor":23},{"not_picked":["Coolheaded+1","Steam Power","Turbo"],"picked":"Singing Bowl","floor":24},{"not_picked":["Compile Driver","Double Energy"],"picked":"Loop+1","floor":25},{"not_picked":["Go for the Eyes","Hologram","Chaos"],"picked":"Singing Bowl","floor":28},{"not_picked":["Lockon+1","Barrage","Chill"],"picked":"Singing Bowl","floor":31},{"not_picked":["Electrodynamics","All For One"],"picked":"Biased Cognition","floor":33},{"not_picked":["Genetic Algorithm","Leap+1"],"picked":"White Noise+1","floor":35},{"not_picked":["Rebound","Compile Driver"],"picked":"Cold Snap+1","floor":37},{"not_picked":["Sunder","Meteor Strike"],"picked":"Capacitor","floor":39},{"not_picked":["Steam","Ball Lightning"],"picked":"Reinforced Body","floor":40},{"not_picked":["Beam Cell+1","Gash+1","Blizzard"],"picked":"Singing Bowl","floor":41},{"not_picked":["Loop","Storm"],"picked":"Compile Driver+1","floor":42},{"not_picked":["Go for the Eyes","Chaos","Beam Cell+1"],"picked":"Singing Bowl","floor":45},{"not_picked":["PanicButton","Madness","Blind"],"picked":"Singing Bowl","floor":46},{"not_picked":["Panache","Good Instincts","Blind"],"picked":"Singing Bowl","floor":46},{"not_picked":["Metamorphosis","Impatience"],"picked":"Panacea","floor":46}],"player_experience":2006157,"relics_obtained":[{"floor":6,"key":"Dream Catcher"},{"floor":8,"key":"Ancient Tea Set"},{"floor":11,"key":"Singing Bowl"},{"floor":13,"key":"Shovel"},{"floor":23,"key":"Regal Pillow"},{"floor":26,"key":"Ornamental Fan"},{"floor":32,"key":"Smiling Mask"},{"floor":40,"key":"Strawberry"},{"floor":43,"key":"Pantograph"},{"floor":45,"key":"PreservedInsect"},{"floor":49,"key":"Vajra"}],"event_choices":[{"damage_healed":0,"gold_gain":0,"player_choice":"Donut","damage_taken":0,"max_hp_gain":5,"max_hp_loss":0,"event_name":"Big Fish","floor":2,"gold_loss":0},{"damage_healed":0,"gold_gain":0,"player_choice":"Success","damage_taken":11,"relics_obtained":["Bag of Preparation"],"max_hp_gain":0,"max_hp_loss":0,"event_name":"Scrap Ooze","floor":4,"gold_loss":0},{"damage_healed":0,"gold_gain":0,"player_choice":"Inject Mutagens","damage_taken":0,"relics_obtained":["MutagenicStrength"],"max_hp_gain":0,"max_hp_loss":0,"event_name":"Drug Dealer","floor":19,"gold_loss":0},{"damage_healed":0,"gold_gain":50,"player_choice":"Stole From Cult","damage_taken":0,"max_hp_gain":0,"max_hp_loss":0,"event_name":"Nest","floor":20,"gold_loss":0},{"damage_healed":16,"gold_gain":0,"player_choice":"Heal","damage_taken":0,"max_hp_gain":0,"max_hp_loss":0,"event_name":"The Library","floor":21,"gold_loss":0},{"cards_removed":["Echo Form"],"damage_healed":30,"gold_gain":0,"player_choice":"Offered Rare","damage_taken":0,"max_hp_gain":10,"max_hp_loss":0,"event_name":"Bonfire Elementals","floor":30,"gold_loss":0},{"damage_healed":0,"gold_gain":0,"player_choice":"Memory 3","damage_taken":10,"max_hp_gain":0,"max_hp_loss":0,"event_name":"SensoryStone","floor":46,"gold_loss":0},{"damage_healed":0,"gold_gain":0,"player_choice":"Max HP","damage_taken":0,"max_hp_gain":0,"max_hp_loss":5,"event_name":"Winding Halls","floor":48,"gold_loss":0}],"is_beta":false,"boss_relics":[{"not_picked":["Black Star","Lizard Tail"],"picked":"Runic Pyramid"},{"not_picked":["Nuclear Battery","Tiny House"],"picked":"Fusion Hammer"}],"items_purged_floors":[10,22,36,44],"is_endless":false,"potions_floor_spawned":[1,7,8,13,18,23,31,35,37,45],"killed_by":"Awakened One","ascension_level":20}