{"path_per_floor":["M","$","M","M","M","R","M","E","T","$","R","M","E","M","R","B",null,"M","M","?","$","M","R","M","R","T","R","M","R","?","E","R","B",null,"M","$","?","?","M","R","?","M","T","R","M","M","M","M","R","B"],"character_chosen":"IRONCLAD","items_purchased":["Apotheosis","Pen Nib","Rampage","Sentinel"],"gold_per_floor":[363,186,205,217,229,229,243,274,325,170,170,181,209,222,222,296,296,306,319,219,68,78,78,96,96,96,96,113,113,113,148,148,224,224,239,205,205,253,271,271,271,281,281,281,294,304,318,336,336,336],"floor_reached":51,"campfire_rested":4,"playtime":2327,"current_hp_per_floor":[68,68,68,65,46,46,52,21,21,21,41,26,20,26,46,40,61,65,63,63,63,68,68,68,68,68,68,68,68,68,57,57,38,61,59,59,59,58,55,55,55,40,40,60,67,68,34,40,60,20],"items_purged":["Strike_R"],"gold":336,"score":1176,"play_id":"b6cd7c32-0a7b-460d-965d-9754a1412885","local_time":"20180413152103","is_prod":false,"is_daily":false,"chose_seed":false,"is_ascension_mode":true,"campfire_upgraded":4,"timestamp":1523658063,"path_taken":["M","$","?","M","M","R","M","E","T","$","R","M","E","M","R","BOSS","M","M","?","$","M","R","M","R","T","R","?","R","?","E","R","BOSS","M","$","?","?","?","R","?","M","T","R","M","M","M","M","R","BOSS"],"build_version":"2018-04-12","seed_source_timestamp":150137220273334,"purchased_purges":2,"victory":true,"master_deck":["Strike_R","Strike_R","Strike_R","Defend_R","Defend_R","Defend_R","Defend_R","AscendersBane","Headbutt+1","Apotheosis+1","True Grit","Shrug It Off","Corruption+1","Shrug It Off","True Grit","Spot Weakness","Feel No Pain+1","Feel No Pain+1","Impervious","Battle Trance","J.A.X.","Rampage","True Grit+1","Flex","Shrug It Off","Sentinel","Battle Trance","Exhume","Flex","Sentinel","Sentinel+1","Shrug It Off+1","Warcry+1","Reckless Charge","Armaments+1"],"max_hp_per_floor":[68,68,68,68,68,68,68,68,68,68,68,68,68,68,68,68,68,68,68,68,68,68,68,68,68,68,68,68,68,68,68,68,68,68,68,68,68,68,68,68,68,68,68,68,68,68,68,68,68,68],"relics":["Black Blood","Girya","Bag of Preparation","Pen Nib","Whetstone","Darkstone Periapt","Mummified Hand","Lizard Tail","Sundial","Blue Candle"],"card_choices":[{"not_picked":["Entrench","Heavy Blade"],"picked":"Headbutt","floor":1.0},{"not_picked":["Headbutt","Anger"],"picked":"True Grit","floor":3.0},{"not_picked":["Pommel Strike","Sentinel"],"picked":"Shrug It Off","floor":4.0},{"not_picked":["Armaments","Entrench"],"picked":"Corruption","floor":5.0},{"not_picked":["Cleave","Headbutt"],"picked":"Shrug It Off","floor":7.0},{"not_picked":["Juggernaut","Dropkick"],"picked":"True Grit","floor":8.0},{"not_picked":["True Grit","Uppercut"],"picked":"Spot Weakness","floor":12.0},{"not_picked":["Whirlwind","Pommel Strike"],"picked":"Feel No Pain","floor":13.0},{"not_picked":["Sword Boomerang","Havoc"],"picked":"Feel No Pain","floor":14.0},{"not_picked":["Feed","Fiend Fire"],"picked":"Impervious","floor":16.0},{"not_picked":["Heavy Blade","Infernal Blade"],"picked":"Battle Trance","floor":19.0},{"not_picked":["Metallicize","Cleave"],"picked":"True Grit","floor":22.0},{"not_picked":["Rupture","Anger"],"picked":"Flex","floor":24.0},{"not_picked":["Warcry","Limit Break"],"picked":"Shrug It Off","floor":28.0},{"not_picked":["True Grit","Pommel Strike"],"picked":"Battle Trance","floor":31},{"not_picked":["Immolate","Dark Embrace"],"picked":"Exhume","floor":33},{"not_picked":["Pommel Strike","Rupture"],"picked":"Flex","floor":35},{"not_picked":["Infernal Blade","Sword Boomerang"],"picked":"Sentinel","floor":38},{"not_picked":["Pummel","Twin Strike"],"picked":"Shrug It Off","floor":42},{"not_picked":["Flex","Shockwave"],"picked":"Warcry","floor":45},{"not_picked":["Pommel Strike","Clash"],"picked":"Reckless Charge","floor":46},{"not_picked":["Clothesline","Flex"],"picked":"Armaments","floor":47}],"player_experience":447330,"potions_floor_usage":[31,38,50,50],"damage_taken":[{"damage":1.0,"enemies":"Cultist","floor":1.0,"turns":3.0},{"damage":0.0,"enemies":"Small Slimes","floor":3.0,"turns":3.0},{"damage":9.0,"enemies":"Jaw Worm","floor":4.0,"turns":4.0},{"damage":25.0,"enemies":"Gremlin Gang","floor":5.0,"turns":4.0},{"damage":0.0,"enemies":"Blue Slaver","floor":7.0,"turns":5.0},{"damage":37.0,"enemies":"Gremlin Nob","floor":8.0,"turns":5.0},{"damage":21.0,"enemies":"Exordium Wildlife","floor":12.0,"turns":6.0},{"damage":12.0,"enemies":"3 Sentries","floor":13.0,"turns":7.0},{"damage":0.0,"enemies":"Large Slime","floor":14.0,"turns":5.0},{"damage":12.0,"enemies":"Slime Boss","floor":16.0,"turns":14.0},{"damage":6.0,"enemies":"3 Byrds","floor":18.0,"turns":7.0},{"damage":12.0,"enemies":"Chosen","floor":19.0,"turns":10.0},{"damage":3.0,"enemies":"Snake Plant","floor":22.0,"turns":5.0},{"damage":5.0,"enemies":"Snecko","floor":24.0,"turns":6.0},{"damage":3.0,"enemies":"Centurion and Healer","floor":28.0,"turns":7.0},{"damage":21,"enemies":"Gremlin Leader","floor":31,"turns":9},{"damage":29,"enemies":"Automaton","floor":33,"turns":14},{"damage":12,"enemies":"3 Darklings","floor":35,"turns":5},{"damage":11,"enemies":"Mysterious Sphere","floor":38,"turns":9},{"damage":13,"enemies":"3 Shapes","floor":39,"turns":4},{"damage":25,"enemies":"3 Darklings","floor":42,"turns":6},{"damage":3,"enemies":"Sphere and 2 Shapes","floor":45,"turns":7},{"damage":8,"enemies":"Maw","floor":46,"turns":11},{"damage":44,"enemies":"4 Shapes","floor":47,"turns":8},{"damage":4,"enemies":"3 Darklings","floor":48,"turns":9},{"damage":50,"enemies":"Time Eater","floor":50,"turns":16}],"event_choices":[{"event_name":"Drug Dealer","player_choice":"Got JAXXED","floor":20.0,"damage_taken":0.0},{"event_name":"Transmorgrifier","player_choice":"Transform","floor":30.0,"damage_taken":0.0},{"event_name":"Tomb of Lord Red Mask","player_choice":"Ignored","floor":37,"damage_taken":0},{"event_name":"Mysterious Sphere","player_choice":"Fight","floor":38,"damage_taken":0}],"boss_relics":[{"not_picked":["White Beast Statue","Velvet Choker"],"picked":"Lizard Tail"}],"potions_floor_spawned":[3,4,7,12,14,19,22,24,39,47,48],"seed_played":"-273087492315008245","ascension_level":14,"is_trial":false}