{"gold_per_floor":[116,128,128,156,180,192,234,246,258,281,293,318,330,14,14,88,88,101,151,165,49,64,94,104,104,154,154],"floor_reached":27,"playtime":1623,"items_purged":["Injury"],"score":470,"play_id":"f01ca568-e013-44cb-9fdc-f17b26be5483","local_time":"20190328044854","is_ascension_mode":true,"campfire_choices":[{"data":"Zap","floor":6,"key":"SMITH"},{"data":"Go for the Eyes","floor":8,"key":"SMITH"},{"data":"FTL","floor":15,"key":"SMITH"},{"floor":25,"key":"REST"}],"neow_cost":"CURSE","seed_source_timestamp":961095214763221,"circlet_count":0,"master_deck":["AscendersBane","Strike_B","Strike_B","Strike_B","Strike_B","Defend_B","Defend_B","Defend_B","Defend_B","Zap+1","Dualcast+1","Go for the Eyes+1","FTL+1","Chill","Chill+1","Coolheaded","Conserve Battery","Machine Learning","Compile Driver","Defragment","Glacier"],"relics":["Cracked Core","MawBank","Dead Branch","Bottled Flame","Torii","Inserter","PreservedInsect","War Paint"],"potions_floor_usage":[7,12,16,18,22,23,24],"damage_taken":[{"damage":1,"enemies":"Cultist","floor":1,"turns":3},{"damage":0,"enemies":"2 Louse","floor":2,"turns":2},{"damage":2,"enemies":"Jaw Worm","floor":4,"turns":3},{"damage":14,"enemies":"3 Louse","floor":5,"turns":3},{"damage":12,"enemies":"3 Sentries","floor":7,"turns":9},{"damage":2,"enemies":"Exordium Thugs","floor":10,"turns":4},{"damage":1,"enemies":"Lots of Slimes","floor":12,"turns":2},{"damage":23,"enemies":"Slime Boss","floor":16,"turns":7},{"damage":1,"enemies":"Chosen","floor":18,"turns":6},{"damage":3,"enemies":"3 Byrds","floor":20,"turns":7},{"damage":2,"enemies":"Snecko","floor":22,"turns":5},{"damage":26,"enemies":"Slavers","floor":23,"turns":5},{"damage":18,"enemies":"Snake Plant","floor":24,"turns":4},{"damage":50,"enemies":"Gremlin Leader","floor":27,"turns":6}],"seed_played":"-3345021324323756190","potions_obtained":[{"floor":4,"key":"SteroidPotion"},{"floor":5,"key":"Fire Potion"},{"floor":12,"key":"LiquidBronze"},{"floor":13,"key":"SkillPotion"},{"floor":16,"key":"Block Potion"},{"floor":20,"key":"Ancient Potion"},{"floor":22,"key":"PowerPotion"}],"is_trial":false,"path_per_floor":["M","M","?","M","M","R","E","R","T","M","$","M","?","$","R","B",null,"M","?","M","$","M","E","M","R","T","E"],"character_chosen":"DEFECT","items_purchased":["Torii","Defragment"],"campfire_rested":1,"item_purchase_floors":[14,21],"current_hp_per_floor":[77,77,77,75,61,61,49,49,49,47,47,46,46,46,46,23,70,69,69,66,66,64,38,20,45,45,0],"gold":154,"neow_bonus":"TWENTY_PERCENT_HP_BONUS","is_prod":false,"is_daily":false,"chose_seed":false,"campfire_upgraded":3,"win_rate":0,"timestamp":1553762934,"path_taken":["M","M","?","?","M","R","E","R","T","M","?","M","?","$","R","BOSS","M","?","M","?","?","E","M","R","T","E"],"build_version":"2019-01-23","purchased_purges":1,"victory":false,"max_hp_per_floor":[85,85,85,85,85,85,85,85,85,85,85,85,85,85,85,85,85,85,85,85,85,85,85,85,85,85,85],"card_choices":[{"not_picked":["Reprogram","Rip and Tear"],"picked":"Go for the Eyes","floor":1},{"not_picked":["Stack","Gash"],"picked":"Self Repair","floor":2},{"not_picked":["Sunder","Leap"],"picked":"FTL","floor":4},{"not_picked":["Leap","Gash"],"picked":"Chill","floor":5},{"not_picked":["Turbo","Steam"],"picked":"Chill","floor":7},{"not_picked":["Reprogram","Skim"],"picked":"Coolheaded","floor":10},{"not_picked":["Beam Cell","Recycle"],"picked":"Conserve Battery","floor":12},{"not_picked":["Hyperbeam","Amplify"],"picked":"Machine Learning","floor":16},{"not_picked":["Skim","Stack"],"picked":"Compile Driver","floor":18},{"not_picked":["Beam Cell","Turbo","Stack"],"picked":"SKIP","floor":20},{"not_picked":["Go for the Eyes","Stack","Multi-Cast"],"picked":"SKIP","floor":22},{"not_picked":["Recycle","FTL","Darkness"],"picked":"SKIP","floor":23},{"not_picked":["Storm","Double Energy"],"picked":"Glacier","floor":24}],"player_experience":1463833,"relics_obtained":[{"floor":7,"key":"Dead Branch"},{"floor":9,"key":"Bottled Flame"},{"floor":23,"key":"PreservedInsect"},{"floor":26,"key":"War Paint"}],"event_choices":[{"cards_removed":["Self Repair"],"damage_healed":0,"gold_gain":0,"player_choice":"Gave Card","damage_taken":0,"relics_obtained":["MawBank"],"max_hp_gain":0,"max_hp_loss":0,"event_name":"WeMeetAgain","floor":3,"gold_loss":0},{"damage_healed":0,"gold_gain":0,"player_choice":"Got Potions","damage_taken":0,"max_hp_gain":0,"max_hp_loss":0,"event_name":"Lab","floor":13,"gold_loss":0},{"damage_healed":0,"gold_gain":100,"player_choice":"Bet on Murderer","damage_taken":0,"max_hp_gain":0,"max_hp_loss":0,"event_name":"The Joust","floor":19,"gold_loss":50}],"is_beta":false,"boss_relics":[{"not_picked":["Pandora\u0027s Box","Eternal Feather"],"picked":"Inserter"}],"items_purged_floors":[21],"is_endless":false,"potions_floor_spawned":[4,5,12,16,20,22],"killed_by":"Gremlin Leader","ascension_level":20}