{"gold_per_floor":[109,59,59,71,0,0,27,59,126,153,220,249,261,283,295,402,414,436,448,375,403,431,475,487,532,621,668,696,708,720,732,744,859,871,893,920,932,542,542,542,573,573,596,606,617,346,346,6,6,6,6,6,6,35,35],"floor_reached":56,"playtime":6271,"items_purged":["Hello World"],"score":1827,"play_id":"e6f45743-f721-4b9d-8403-b32e81a717e6","local_time":"20190510163730","is_ascension_mode":true,"campfire_choices":[{"data":"Barrage","floor":6,"key":"SMITH"},{"data":"Redo","floor":13,"key":"SMITH"},{"data":"Defragment","floor":15,"key":"SMITH"},{"data":"Dualcast","floor":24,"key":"SMITH"},{"data":"Double Energy","floor":30,"key":"SMITH"},{"data":"Coolheaded","floor":32,"key":"SMITH"},{"data":"Reprogram","floor":40,"key":"SMITH"},{"data":"Meteor Strike","floor":42,"key":"SMITH"},{"floor":49,"key":"RECALL"},{"data":"Defragment","floor":52,"key":"SMITH"}],"neow_cost":"NONE","seed_source_timestamp":503141455526903,"circlet_count":0,"master_deck":["AscendersBane","Defend_B+1","Defend_B+1","Defend_B+1","Defend_B+1","Zap","Dualcast+1","Cold Snap","Defragment+1","Barrage+1","Undo","Self Repair","Echo Form","Compile Driver","Redo+1","Coolheaded+1","BootSequence","Meteor Strike+1","Stack","Reprogram+1","Double Energy+1","Blizzard+1","Coolheaded+1","Compile Driver+1","Thinking Ahead+1","Sweeping Beam+1","Defragment+1","Thinking Ahead+1","Master of Strategy+1","Jack Of All Trades+1","Finesse+1","Reprogram+1"],"relics":["Nuclear Battery","MawBank","Strawberry","Tiny Chest","Runic Pyramid","Letter Opener","Calipers","Pear","Toxic Egg 2","Mercury Hourglass","Vajra","Busted Crown","Art of War","Darkstone Periapt","Medical Kit","Cables","Oddly Smooth Stone"],"potions_floor_usage":[10,14,16,23,25,25,54,55,55,55],"damage_taken":[{"damage":4,"enemies":"2 Louse","floor":1,"turns":3},{"damage":0,"enemies":"Small Slimes","floor":4,"turns":5},{"damage":0,"enemies":"Lagavulin","floor":7,"turns":7},{"damage":0,"enemies":"Cultist","floor":8,"turns":4},{"damage":9,"enemies":"Exordium Wildlife","floor":10,"turns":4},{"damage":19,"enemies":"Gremlin Nob","floor":11,"turns":5},{"damage":4,"enemies":"2 Fungi Beasts","floor":12,"turns":4},{"damage":13,"enemies":"Blue Slaver","floor":14,"turns":3},{"damage":34,"enemies":"Hexaghost","floor":16,"turns":16},{"damage":1,"enemies":"Shell Parasite","floor":18,"turns":4},{"damage":1,"enemies":"Spheric Guardian","floor":21,"turns":4},{"damage":2,"enemies":"Centurion and Healer","floor":22,"turns":7},{"damage":7,"enemies":"Book of Stabbing","floor":23,"turns":8},{"damage":31,"enemies":"Slavers","floor":25,"turns":6},{"damage":37,"enemies":"Gremlin Leader","floor":27,"turns":8},{"damage":0,"enemies":"Sentry and Sphere","floor":28,"turns":5},{"damage":0,"enemies":"Collector","floor":33,"turns":9},{"damage":16,"enemies":"Orb Walker","floor":35,"turns":4},{"damage":1,"enemies":"3 Darklings","floor":36,"turns":5},{"damage":1,"enemies":"Reptomancer","floor":41,"turns":6},{"damage":23,"enemies":"Transient","floor":44,"turns":5},{"damage":0,"enemies":"Sphere and 2 Shapes","floor":45,"turns":5},{"damage":20,"enemies":"Donu and Deca","floor":50,"turns":8},{"damage":28,"enemies":"Shield and Spear","floor":54,"turns":6},{"damage":74,"enemies":"The Heart","floor":55,"turns":9}],"seed_played":"6569523925276577960","potions_obtained":[{"floor":7,"key":"Fire Potion"},{"floor":10,"key":"Ancient Potion"},{"floor":11,"key":"Weak Potion"},{"floor":12,"key":"GamblersBrew"},{"floor":18,"key":"SteroidPotion"},{"floor":21,"key":"Weak Potion"},{"floor":22,"key":"SpeedPotion"},{"floor":23,"key":"PowerPotion"},{"floor":44,"key":"Regen Potion"},{"floor":45,"key":"Fire Potion"},{"floor":54,"key":"Strength Potion"}],"is_trial":false,"path_per_floor":["M","?","?","M","$","R","E","M","T","M","E","M","R","M","R","B",null,"M","?","?","M","M","E","R","E","T","E","M","T","R","?","R","B",null,"M","M","?","$","?","R","E","R","T","M","M","$","?","$","R","B",null,"R","$","E","B",null],"character_chosen":"DEFECT","items_purchased":["Undo","Art of War","Thinking Ahead+1","Medical Kit","Defragment","Cables","Finesse+1"],"campfire_rested":0,"item_purchase_floors":[5,38,38,46,46,48,48],"current_hp_per_floor":[64,64,64,64,64,64,64,71,78,76,71,74,74,68,68,41,72,82,82,82,82,82,82,82,75,75,52,66,66,66,66,66,73,87,85,92,92,92,92,92,92,92,92,76,90,90,80,80,80,67,86,86,86,86,19],"gold":35,"neow_bonus":"BOSS_RELIC","is_prod":false,"is_daily":false,"chose_seed":false,"campfire_upgraded":9,"win_rate":0,"timestamp":1557502650,"path_taken":["M","?","?","M","$","R","E","M","T","M","E","M","R","?","R","BOSS","M","?","?","M","M","E","R","E","T","E","M","?","R","?","R","BOSS","M","M","?","$","?","R","E","R","T","?","M","$","?","$","R","BOSS","R","$","E","BOSS"],"build_version":"2019-01-23","purchased_purges":1,"victory":true,"max_hp_per_floor":[75,75,75,75,75,75,75,75,82,82,82,82,82,82,82,82,82,82,82,82,82,82,82,82,92,92,92,92,92,92,92,92,92,92,92,92,92,92,92,92,92,92,92,92,92,92,92,92,92,92,92,92,92,92,92],"card_choices":[{"not_picked":["Redo","Streamline"],"picked":"Cold Snap","floor":1},{"not_picked":["Go for the Eyes","Turbo"],"picked":"Barrage","floor":4},{"not_picked":["Blizzard","Recycle"],"picked":"Self Repair","floor":7},{"not_picked":["Sweeping Beam","Ball Lightning"],"picked":"Echo Form","floor":8},{"not_picked":["Rebound","Leap"],"picked":"Compile Driver","floor":10},{"not_picked":["Hello World","Streamline"],"picked":"Redo","floor":11},{"not_picked":["Scrape","Leap"],"picked":"Coolheaded","floor":12},{"not_picked":["Coolheaded","Go for the Eyes"],"picked":"BootSequence","floor":14},{"not_picked":["Multi-Cast","Thunder Strike"],"picked":"Meteor Strike","floor":16},{"not_picked":["Consume+1","Ball Lightning+1"],"picked":"Sweeping Beam+1","floor":18},{"not_picked":["Ball Lightning","Streamline"],"picked":"Reprogram","floor":21},{"not_picked":["Storm","Stack"],"picked":"Double Energy","floor":22},{"not_picked":["Ball Lightning+1","Redo","White Noise"],"picked":"SKIP","floor":23},{"not_picked":["Go for the Eyes+1","Multi-Cast"],"picked":"Blizzard+1","floor":25},{"not_picked":["Consume+1","Rebound+1"],"picked":"Coolheaded+1","floor":27},{"not_picked":["Compile Driver","Rip and Tear","Leap+1"],"picked":"SKIP","floor":28},{"not_picked":[],"picked":"Compile Driver+1","floor":35},{"not_picked":["Conserve Battery+1"],"picked":"SKIP","floor":36},{"not_picked":["Aggregate+1"],"picked":"SKIP","floor":41},{"not_picked":["Conserve Battery+1"],"picked":"SKIP","floor":44},{"not_picked":[],"picked":"Sweeping Beam+1","floor":45},{"not_picked":[],"picked":"Thinking Ahead+1","floor":47},{"not_picked":[],"picked":"Master of Strategy+1","floor":47},{"not_picked":[],"picked":"Jack Of All Trades+1","floor":47},{"not_picked":[],"picked":"Reprogram+1","floor":54}],"player_experience":352935,"relics_obtained":[{"floor":7,"key":"MawBank"},{"floor":9,"key":"Strawberry"},{"floor":11,"key":"Tiny Chest"},{"floor":23,"key":"Calipers"},{"floor":25,"key":"Pear"},{"floor":26,"key":"Toxic Egg 2"},{"floor":27,"key":"Mercury Hourglass"},{"floor":29,"key":"Vajra"},{"floor":41,"key":"Darkstone Periapt"},{"floor":54,"key":"Oddly Smooth Stone"}],"event_choices":[{"cards_removed":["Strike_B"],"damage_healed":0,"gold_gain":0,"player_choice":"Card Removal","damage_taken":0,"max_hp_gain":0,"max_hp_loss":0,"event_name":"The Cleric","floor":2,"gold_loss":50},{"damage_healed":0,"gold_gain":0,"cards_transformed":["Strike_B"],"player_choice":"Transformed","damage_taken":0,"max_hp_gain":0,"max_hp_loss":0,"event_name":"Transmorgrifier","floor":3,"gold_loss":0,"cards_obtained":["Defragment"]},{"damage_healed":0,"gold_gain":0,"cards_transformed":["Strike_B","Strike_B"],"player_choice":"Became Test Subject","damage_taken":0,"max_hp_gain":0,"max_hp_loss":0,"event_name":"Drug Dealer","floor":19,"gold_loss":0,"cards_obtained":["Hello World","Stack"]},{"damage_healed":0,"gold_gain":0,"player_choice":"Obtained Relic","damage_taken":0,"relics_obtained":["Letter Opener"],"max_hp_gain":0,"max_hp_loss":0,"event_name":"Addict","floor":20,"gold_loss":85},{"damage_healed":0,"gold_gain":0,"player_choice":"Simplicity","damage_taken":0,"max_hp_gain":0,"max_hp_loss":0,"event_name":"Back to Basics","floor":31,"gold_loss":0,"cards_upgraded":["Defend_B","Defend_B","Defend_B","Defend_B"]},{"cards_removed":["Sweeping Beam"],"damage_healed":0,"gold_gain":0,"player_choice":"Removed Attack","damage_taken":0,"max_hp_gain":0,"max_hp_loss":0,"event_name":"Falling","floor":37,"gold_loss":0},{"damage_healed":0,"gold_gain":0,"player_choice":"Ignored","damage_taken":0,"max_hp_gain":0,"max_hp_loss":0,"event_name":"SecretPortal","floor":39,"gold_loss":0},{"damage_healed":0,"gold_gain":0,"player_choice":"Memory 3","damage_taken":10,"max_hp_gain":0,"max_hp_loss":0,"event_name":"SensoryStone","floor":47,"gold_loss":0}],"is_beta":false,"boss_relics":[{"not_picked":["Empty Cage","Lizard Tail"],"picked":"Runic Pyramid"},{"not_picked":["Astrolabe","Snecko Eye"],"picked":"Busted Crown"}],"items_purged_floors":[38],"is_endless":false,"potions_floor_spawned":[7,10,11,12,18,21,22,23,44,45,54],"ascension_level":10}