{"gold_per_floor":[114,114,129,79,92,92,125,125,148,158,158,175,201,214,214,309,309,320,245,245,245,263,296,309,309,383,398,398,424,424,13,13,114,114,124,105,105,105],"floor_reached":38,"playtime":2240,"items_purged":["Strike_R"],"score":654,"play_id":"30fd35f0-c24c-4a6a-9993-061bb97f5d6f","local_time":"20190511114537","is_ascension_mode":true,"campfire_choices":[{"data":"Metallicize","floor":6,"key":"SMITH"},{"data":"Evolve","floor":8,"key":"SMITH"},{"data":"Shockwave","floor":11,"key":"SMITH"},{"floor":15,"key":"REST"},{"data":"Cleave","floor":28,"key":"SMITH"},{"data":"Juggernaut","floor":30,"key":"SMITH"},{"floor":32,"key":"REST"}],"neow_cost":"NONE","seed_source_timestamp":576072466150136,"circlet_count":0,"master_deck":["AscendersBane","Strike_R","Strike_R","Defend_R","Defend_R+1","Defend_R","Defend_R","Bash+1","Metallicize+1","Anger","Evolve+1","Combust","Shockwave+1","Inflame","Disarm","Body Slam","Juggernaut+1","Cleave+1","Pommel Strike","Shockwave+1","Feel No Pain","Feed","True Grit","Madness","Madness"],"relics":["Burning Blood","Red Skull","Happy Flower","Matryoshka","Sozu","Shuriken","Meat on the Bone","The Courier","Kunai","Regal Pillow","Bottled Tornado","Medical Kit","Paper Frog","Runic Pyramid"],"potions_floor_usage":[16,29,38],"damage_taken":[{"damage":4,"enemies":"Jaw Worm","floor":1,"turns":7},{"damage":0,"enemies":"2 Louse","floor":3,"turns":4},{"damage":0,"enemies":"Small Slimes","floor":5,"turns":3},{"damage":20,"enemies":"3 Sentries","floor":7,"turns":9},{"damage":6,"enemies":"Blue Slaver","floor":10,"turns":4},{"damage":10,"enemies":"Red Slaver","floor":12,"turns":3},{"damage":30,"enemies":"Gremlin Nob","floor":13,"turns":4},{"damage":2,"enemies":"3 Louse","floor":14,"turns":4},{"damage":33,"enemies":"Hexaghost","floor":16,"turns":8},{"damage":23,"enemies":"Spheric Guardian","floor":18,"turns":5},{"damage":7,"enemies":"Shell Parasite","floor":22,"turns":5},{"damage":23,"enemies":"Gremlin Leader","floor":23,"turns":6},{"damage":24,"enemies":"Shelled Parasite and Fungi","floor":24,"turns":5},{"damage":23,"enemies":"Snake Plant","floor":27,"turns":4},{"damage":21,"enemies":"Book of Stabbing","floor":29,"turns":5},{"damage":76,"enemies":"Collector","floor":33,"turns":9},{"damage":21,"enemies":"Orb Walker","floor":35,"turns":4},{"damage":69,"enemies":"2 Orb Walkers","floor":38,"turns":3}],"seed_played":"-5383783594870983949","potions_obtained":[{"floor":1,"key":"FearPotion"},{"floor":5,"key":"Energy Potion"},{"floor":14,"key":"Dexterity Potion"},{"floor":16,"key":"Energy Potion"}],"is_trial":false,"path_per_floor":["M","?","M","?","M","R","E","R","T","M","R","M","E","M","R","B",null,"M","?","?","T","M","E","M","?","T","M","R","E","R","$","R","B",null,"M","$","?","?"],"character_chosen":"IRONCLAD","items_purchased":["Medical Kit","Paper Frog","True Grit"],"campfire_rested":2,"item_purchase_floors":[31,31,36],"current_hp_per_floor":[82,64,70,70,76,76,62,62,62,62,62,58,34,38,64,37,75,58,58,58,58,57,52,46,46,46,41,41,38,38,38,79,21,71,59,59,48,0],"gold":105,"neow_bonus":"TEN_PERCENT_HP_BONUS","is_prod":false,"is_daily":false,"chose_seed":false,"campfire_upgraded":5,"win_rate":0,"timestamp":1557571537,"path_taken":["M","?","M","?","M","R","E","R","T","M","R","M","E","?","R","BOSS","M","?","?","?","M","E","?","?","T","?","R","E","R","$","R","BOSS","M","$","?","?"],"build_version":"2019-01-23","purchased_purges":1,"victory":false,"max_hp_per_floor":[88,88,88,88,88,88,88,88,88,88,88,88,88,88,88,88,88,88,88,88,88,88,88,88,88,88,88,88,88,88,88,88,88,88,91,91,91,91],"card_choices":[{"not_picked":["Hemokinesis","Armaments"],"picked":"Metallicize","floor":1},{"not_picked":["Seeing Red","Twin Strike"],"picked":"Anger","floor":3},{"not_picked":["Infernal Blade","Wild Strike"],"picked":"Evolve","floor":5},{"not_picked":["Feel No Pain","Searing Blow"],"picked":"Combust","floor":7},{"not_picked":["Heavy Blade","Sever Soul"],"picked":"Shockwave","floor":10},{"not_picked":["Headbutt","True Grit"],"picked":"Inflame","floor":12},{"not_picked":["Evolve","Sword Boomerang"],"picked":"Disarm","floor":13},{"not_picked":["Clash","Anger"],"picked":"Body Slam","floor":14},{"not_picked":["Immolate","Exhume"],"picked":"Juggernaut","floor":16},{"not_picked":["Perfected Strike","Armaments"],"picked":"Cleave","floor":18},{"not_picked":["Seeing Red","Heavy Blade"],"picked":"Pommel Strike","floor":22},{"not_picked":["Rage","Iron Wave"],"picked":"Shockwave+1","floor":23},{"not_picked":["Warcry","Reckless Charge"],"picked":"Feel No Pain","floor":24},{"not_picked":["Sever Soul","Warcry","Sword Boomerang"],"picked":"SKIP","floor":27},{"not_picked":["Anger+1","Perfected Strike+1","Combust+1"],"picked":"SKIP","floor":29},{"not_picked":["Limit Break","Dark Embrace"],"picked":"Feed","floor":33},{"not_picked":["Cleave+1","Evolve+1","Twin Strike+1"],"picked":"SKIP","floor":35}],"player_experience":359206,"relics_obtained":[{"floor":7,"key":"Red Skull"},{"floor":9,"key":"Happy Flower"},{"floor":13,"key":"Matryoshka"},{"floor":21,"key":"Shuriken"},{"floor":21,"key":"Meat on the Bone"},{"floor":23,"key":"The Courier"},{"floor":26,"key":"Kunai"},{"floor":26,"key":"Regal Pillow"},{"floor":29,"key":"Bottled Tornado"}],"event_choices":[{"damage_healed":0,"gold_gain":0,"player_choice":"Entered Light","damage_taken":18,"max_hp_gain":0,"max_hp_loss":0,"event_name":"Shining Light","floor":2,"gold_loss":0,"cards_upgraded":["Bash","Defend_R"]},{"cards_removed":["Strike_R"],"damage_healed":0,"gold_gain":0,"player_choice":"Card Removal","damage_taken":0,"max_hp_gain":0,"max_hp_loss":0,"event_name":"The Cleric","floor":4,"gold_loss":50},{"cards_removed":["Strike_R"],"damage_healed":0,"gold_gain":0,"player_choice":"Gave Gold","damage_taken":0,"max_hp_gain":0,"max_hp_loss":0,"event_name":"Beggar","floor":19,"gold_loss":75},{"damage_healed":0,"gold_gain":0,"player_choice":"Ignored","damage_taken":0,"max_hp_gain":0,"max_hp_loss":0,"event_name":"Vampires","floor":20,"gold_loss":0},{"damage_healed":0,"gold_gain":0,"player_choice":"Got Potions","damage_taken":0,"max_hp_gain":0,"max_hp_loss":0,"event_name":"Lab","floor":25,"gold_loss":0},{"damage_healed":0,"gold_gain":0,"player_choice":"Embrace Madness","damage_taken":11,"max_hp_gain":0,"max_hp_loss":0,"event_name":"Winding Halls","floor":37,"gold_loss":0,"cards_obtained":["Madness","Madness"]},{"damage_healed":0,"gold_gain":0,"player_choice":"Fight","damage_taken":0,"max_hp_gain":0,"max_hp_loss":0,"event_name":"Mysterious Sphere","floor":38,"gold_loss":0}],"is_beta":false,"boss_relics":[{"not_picked":["Empty Cage","Pandora\u0027s Box"],"picked":"Sozu"},{"not_picked":["Runic Dome","Astrolabe"],"picked":"Runic Pyramid"}],"items_purged_floors":[31],"is_endless":false,"potions_floor_spawned":[1,5,14,16,18,23,24,29,35],"killed_by":"2 Orb Walkers","ascension_level":11}