{"gold_per_floor":[111,125,48,64,80,80,112,122,122,136,136,171,187,112,112,112],"floor_reached":16,"playtime":650,"items_purged":["Strike_B"],"score":228,"play_id":"7e0778b6-45c5-4ae8-870f-da95b1c05f6b","local_time":"20190421220105","is_ascension_mode":true,"campfire_choices":[{"data":"Streamline","floor":6,"key":"SMITH"},{"data":"Blizzard","floor":15,"key":"SMITH"}],"neow_cost":"NONE","seed_source_timestamp":876925688820722,"circlet_count":0,"master_deck":["AscendersBane","Strike_B","Strike_B","Defend_B","Defend_B","Defend_B","Defend_B","Zap","Dualcast","Streamline+1","Chill","Sunder","Coolheaded","Rainbow","Undo","Self Repair","Cold Snap","Doom and Gloom","Blizzard+1","Conserve Battery"],"relics":["Cracked Core","NeowsBlessing","Bag of Preparation","Bronze Scales","Blood Vial"],"potions_floor_usage":[8,10,16,16],"damage_taken":[{"damage":0,"enemies":"Small Slimes","floor":1,"turns":1},{"damage":0,"enemies":"Cultist","floor":2,"turns":1},{"damage":0,"enemies":"2 Louse","floor":4,"turns":1},{"damage":12,"enemies":"Red Slaver","floor":5,"turns":4},{"damage":24,"enemies":"Gremlin Nob","floor":7,"turns":4},{"damage":1,"enemies":"Blue Slaver","floor":8,"turns":4},{"damage":0,"enemies":"3 Louse","floor":10,"turns":3},{"damage":9,"enemies":"Lagavulin","floor":12,"turns":7},{"damage":0,"enemies":"2 Fungi Beasts","floor":13,"turns":2},{"damage":40,"enemies":"Hexaghost","floor":16,"turns":9}],"seed_played":"4593854846500948403","potions_obtained":[{"floor":1,"key":"Explosive Potion"},{"floor":5,"key":"SkillPotion"},{"floor":8,"key":"Block Potion"},{"floor":10,"key":"SkillPotion"}],"is_trial":false,"path_per_floor":["M","M","$","M","M","R","E","M","T","M","?","E","M","$","R","B"],"character_chosen":"DEFECT","items_purchased":["Sunder"],"campfire_rested":0,"item_purchase_floors":[3],"current_hp_per_floor":[64,64,64,64,52,52,28,27,27,34,34,32,34,34,34,0],"gold":112,"neow_bonus":"THREE_ENEMY_KILL","is_prod":false,"is_daily":false,"chose_seed":false,"campfire_upgraded":2,"win_rate":0,"timestamp":1555898465,"path_taken":["M","M","$","M","M","R","E","M","T","M","?","E","M","$","R","BOSS"],"build_version":"2019-01-23","purchased_purges":1,"victory":false,"max_hp_per_floor":[71,71,71,71,71,71,71,71,71,71,71,71,71,71,71,71],"card_choices":[{"not_picked":["Recycle","Barrage"],"picked":"Streamline","floor":1},{"not_picked":["Darkness","Go for the Eyes"],"picked":"Chill","floor":2},{"not_picked":["Beam Cell","Redo"],"picked":"Coolheaded","floor":4},{"not_picked":["Barrage","Turbo"],"picked":"Rainbow","floor":5},{"not_picked":["Barrage","Gash"],"picked":"Undo","floor":7},{"not_picked":["Leap","Sweeping Beam"],"picked":"Self Repair","floor":8},{"not_picked":["Beam Cell","Barrage"],"picked":"Cold Snap","floor":10},{"not_picked":["Heatsinks","Tempest"],"picked":"Blizzard","floor":12},{"not_picked":["Amplify","Barrage"],"picked":"Conserve Battery","floor":13}],"player_experience":1869806,"relics_obtained":[{"floor":7,"key":"Bag of Preparation"},{"floor":9,"key":"Bronze Scales"},{"floor":12,"key":"Blood Vial"}],"event_choices":[{"damage_healed":0,"gold_gain":0,"cards_transformed":["Strike_B"],"player_choice":"Transformed","damage_taken":0,"max_hp_gain":0,"max_hp_loss":0,"event_name":"Transmorgrifier","floor":11,"gold_loss":0,"cards_obtained":["Doom and Gloom"]}],"is_beta":false,"boss_relics":[],"items_purged_floors":[14],"is_endless":false,"potions_floor_spawned":[1,5,8,10],"killed_by":"Hexaghost","ascension_level":20}