{"gold_per_floor":[119,119,135,20,20,20,46,6,306,325,250,250,262,297,297,372,372,390,390,403,420,432,432,442,442,442,442,422,422,453,468,468,468],"floor_reached":33,"playtime":1944,"items_purged":["Strike_R"],"score":550,"play_id":"68e746b0-6b26-4bbf-9e6d-5e072860c7c9","local_time":"20190319051043","is_ascension_mode":true,"campfire_choices":[{"data":"Metallicize","floor":6,"key":"SMITH"},{"data":"Carnage","floor":12,"key":"SMITH"},{"data":"Demon Form","floor":15,"key":"SMITH"},{"data":"Uppercut","floor":23,"key":"SMITH"},{"data":"Bash","floor":25,"key":"SMITH"},{"data":"Impervious","floor":27,"key":"SMITH"},{"data":"Power Through","floor":29,"key":"SMITH"},{"data":"True Grit","floor":32,"key":"SMITH"}],"neow_cost":"TEN_PERCENT_HP_LOSS","seed_source_timestamp":184369936572578,"circlet_count":0,"master_deck":["AscendersBane","Strike_R","Strike_R","Strike_R","Defend_R","Defend_R","Defend_R","Defend_R","Bash+1","Inflame+1","Power Through+1","Metallicize+1","Demon Form+1","Carnage+1","Headbutt","Uppercut+1","Impervious+1","Battle Trance","Whirlwind+1","Burning Pact+1","True Grit+1"],"relics":["Burning Blood","Nunchaku","Dream Catcher","Meat on the Bone","Old Coin","Ginger","Mark of Pain","Mercury Hourglass","Turnip"],"potions_floor_usage":[7,7,13,20,20,30,30],"damage_taken":[{"damage":9,"enemies":"Small Slimes","floor":1,"turns":4},{"damage":0,"enemies":"Cultist","floor":3,"turns":3},{"damage":12,"enemies":"Lagavulin","floor":7,"turns":7},{"damage":0,"enemies":"2 Louse","floor":10,"turns":2},{"damage":8,"enemies":"Exordium Wildlife","floor":13,"turns":3},{"damage":32,"enemies":"3 Sentries","floor":14,"turns":7},{"damage":38,"enemies":"The Guardian","floor":16,"turns":10},{"damage":1,"enemies":"Spheric Guardian","floor":18,"turns":5},{"damage":7,"enemies":"Shell Parasite","floor":20,"turns":4},{"damage":0,"enemies":"Cultist and Chosen","floor":21,"turns":7},{"damage":19,"enemies":"Chosen and Byrds","floor":22,"turns":5},{"damage":1,"enemies":"Snecko","floor":24,"turns":4},{"damage":39,"enemies":"Slavers","floor":30,"turns":6},{"damage":9,"enemies":"3 Cultists","floor":31,"turns":4},{"damage":60,"enemies":"Automaton","floor":33,"turns":8}],"seed_played":"-4023468963740682716","potions_obtained":[{"floor":1,"key":"SkillPotion"},{"floor":3,"key":"SteroidPotion"},{"floor":10,"key":"Fire Potion"},{"floor":14,"key":"EssenceOfSteel"},{"floor":19,"key":"Energy Potion"},{"floor":22,"key":"Swift Potion"},{"floor":24,"key":"Regen Potion"},{"floor":30,"key":"SteroidPotion"},{"floor":31,"key":"LiquidBronze"}],"is_trial":false,"path_per_floor":["M","?","M","$","T","R","E","$","T","M","?","R","M","E","R","B",null,"M","?","M","M","M","R","M","R","T","R","?","R","E","M","R","B"],"character_chosen":"IRONCLAD","items_purchased":["Metallicize","Carnage"],"campfire_rested":0,"item_purchase_floors":[4,8],"current_hp_per_floor":[65,65,68,68,68,68,62,62,62,68,68,68,66,52,52,32,59,64,64,63,68,55,55,60,60,60,60,60,60,42,51,51,0],"gold":468,"neow_bonus":"ONE_RARE_RELIC","is_prod":false,"is_daily":false,"chose_seed":false,"campfire_upgraded":8,"win_rate":0,"timestamp":1552986643,"path_taken":["M","?","M","$","?","R","E","$","T","?","?","R","M","E","R","BOSS","M","?","M","?","M","R","M","R","T","R","?","R","E","M","R","BOSS"],"build_version":"2019-01-23","purchased_purges":1,"victory":false,"max_hp_per_floor":[68,68,68,68,68,68,68,68,68,68,68,68,68,68,68,68,68,68,68,68,68,68,68,68,68,68,68,68,68,68,68,68,68],"card_choices":[{"not_picked":["Hemokinesis","Spot Weakness"],"picked":"Inflame","floor":1},{"not_picked":["Cleave","Entrench"],"picked":"Power Through","floor":3},{"not_picked":["Burning Pact","Corruption"],"picked":"Demon Form","floor":7},{"not_picked":["Bloodletting","Entrench"],"picked":"Headbutt","floor":10},{"not_picked":["Warcry","Pummel","Anger"],"picked":"SKIP","floor":13},{"not_picked":["Sword Boomerang","Searing Blow"],"picked":"Uppercut","floor":14},{"not_picked":["Berserk","Bludgeon"],"picked":"Impervious","floor":16},{"not_picked":["Headbutt","Anger","Cleave"],"picked":"SKIP","floor":18},{"not_picked":["Sword Boomerang","Clothesline"],"picked":"Battle Trance","floor":20},{"not_picked":["Bloodletting","Armaments"],"picked":"Whirlwind+1","floor":21},{"not_picked":["Cleave","Clash","Sentinel"],"picked":"SKIP","floor":22},{"not_picked":["Flame Barrier","Havoc"],"picked":"Burning Pact+1","floor":24},{"not_picked":["Battle Trance","Rampage"],"picked":"True Grit","floor":30},{"not_picked":["Body Slam","Thunderclap","Wild Strike"],"picked":"SKIP","floor":31}],"player_experience":1256141,"relics_obtained":[{"floor":5,"key":"Dream Catcher"},{"floor":7,"key":"Meat on the Bone"},{"floor":9,"key":"Old Coin"},{"floor":14,"key":"Ginger"},{"floor":26,"key":"Mercury Hourglass"},{"floor":30,"key":"Turnip"}],"event_choices":[{"damage_healed":0,"gold_gain":0,"player_choice":"Upgraded","damage_taken":0,"max_hp_gain":0,"max_hp_loss":0,"event_name":"Upgrade Shrine","floor":2,"gold_loss":0,"cards_upgraded":["Inflame"]},{"cards_removed":["Strike_R"],"damage_healed":0,"gold_gain":0,"player_choice":"Card Removal","damage_taken":0,"max_hp_gain":0,"max_hp_loss":0,"event_name":"The Cleric","floor":11,"gold_loss":75},{"damage_healed":0,"gold_gain":0,"player_choice":"Got Potions","damage_taken":0,"max_hp_gain":0,"max_hp_loss":0,"event_name":"Lab","floor":19,"gold_loss":0},{"damage_healed":0,"gold_gain":0,"player_choice":"Bought 1 Potion","damage_taken":0,"max_hp_gain":0,"max_hp_loss":0,"event_name":"The Woman in Blue","floor":28,"gold_loss":0}],"is_beta":false,"boss_relics":[{"not_picked":["Calling Bell","Black Blood"],"picked":"Mark of Pain"}],"items_purged_floors":[4],"is_endless":false,"potions_floor_spawned":[1,3,10,14,22,24,30,31],"killed_by":"Automaton","ascension_level":20}