{"gold_per_floor":[116,131,131,145,160,160,186,111,111,125,125,425,13,30,30,104,104,83,133,150,168,218,218,234,234],"floor_reached":25,"playtime":896,"items_purged":[],"score":410,"play_id":"9a86dc29-b415-46fb-b07e-416bdab90a5b","local_time":"20190511173811","is_ascension_mode":true,"campfire_choices":[{"data":"Choke","floor":6,"key":"SMITH"},{"data":"Noxious Fumes","floor":11,"key":"SMITH"},{"data":"Well Laid Plans","floor":15,"key":"SMITH"},{"data":"Tactician","floor":23,"key":"SMITH"}],"neow_cost":"NONE","seed_source_timestamp":94691954941438,"circlet_count":0,"master_deck":["AscendersBane","Defend_G","Defend_G","Defend_G","Defend_G","Defend_G","Strike_G","Survivor","Neutralize","Endless Agony+1","Sucker Punch+1","Choke+1","Noxious Fumes+1","Flechettes","PiercingWail","Grand Finale","Well Laid Plans+1","Adrenaline","Acrobatics","Backflip","Tactician+1"],"relics":["Astrolabe","Pantograph","Prayer Wheel","Old Coin","Medical Kit","Black Star"],"potions_floor_usage":[16,24],"damage_taken":[{"damage":7,"enemies":"Small Slimes","floor":1,"turns":5},{"damage":0,"enemies":"Cultist","floor":2,"turns":3},{"damage":0,"enemies":"2 Louse","floor":4,"turns":2},{"damage":4,"enemies":"Blue Slaver","floor":5,"turns":4},{"damage":24,"enemies":"3 Sentries","floor":7,"turns":7},{"damage":1,"enemies":"Lots of Slimes","floor":10,"turns":4},{"damage":2,"enemies":"2 Fungi Beasts","floor":14,"turns":4},{"damage":44,"enemies":"The Guardian","floor":16,"turns":9},{"damage":17,"enemies":"2 Thieves","floor":18,"turns":4},{"damage":7,"enemies":"3 Byrds","floor":20,"turns":6},{"damage":13,"enemies":"Centurion and Healer","floor":21,"turns":6},{"damage":7,"enemies":"Snake Plant","floor":24,"turns":6},{"damage":0,"enemies":"Slavers","floor":25,"turns":1}],"seed_played":"5354864252547865865","potions_obtained":[{"floor":1,"key":"SpeedPotion"},{"floor":4,"key":"PowerPotion"},{"floor":18,"key":"Fire Potion"},{"floor":24,"key":"SteroidPotion"}],"is_trial":false,"path_per_floor":["M","M","?","M","M","R","E","?","T","M","R","?","$","M","R","B",null,"M","?","M","M","?","R","M","E"],"character_chosen":"THE_SILENT","items_purchased":["Medical Kit","Grand Finale","Well Laid Plans"],"campfire_rested":0,"item_purchase_floors":[13,13,13],"current_hp_per_floor":[52,52,66,66,62,62,38,38,38,37,37,37,37,35,35,16,54,37,37,30,17,17,17,10,10],"gold":234,"neow_bonus":"BOSS_RELIC","is_prod":false,"is_daily":false,"chose_seed":false,"campfire_upgraded":4,"win_rate":0,"timestamp":1557567491,"path_taken":["M","M","?","?","M","R","E","?","T","M","R","?","$","M","R","BOSS","M","?","?","M","?","R","?","E"],"build_version":"2019-01-23","purchased_purges":0,"victory":false,"max_hp_per_floor":[66,66,66,66,66,66,66,66,66,66,66,66,66,66,66,66,66,66,66,66,66,66,66,66,66],"card_choices":[{"not_picked":["Terror","Deflect"],"picked":"Choke","floor":1},{"not_picked":["Backflip","Dagger Spray","Cloak And Dagger"],"picked":"SKIP","floor":2},{"not_picked":["Deflect","Dagger Throw"],"picked":"Noxious Fumes","floor":4},{"not_picked":["Dodge and Roll","Blur","Predator"],"picked":"SKIP","floor":5},{"not_picked":["PiercingWail","Predator"],"picked":"Flechettes","floor":7},{"not_picked":["Dagger Spray","Masterful Stab"],"picked":"PiercingWail","floor":10},{"not_picked":["Deadly Poison","Cloak And Dagger","Flying Knee"],"picked":"SKIP","floor":10},{"not_picked":["Setup","Underhanded Strike","Wraith Form v2"],"picked":"SKIP","floor":14},{"not_picked":["Caltrops","PiercingWail","Accuracy"],"picked":"SKIP","floor":14},{"not_picked":["Wraith Form v2","Phantasmal Killer"],"picked":"Adrenaline","floor":16},{"not_picked":["Slice","Deflect","Prepared"],"picked":"SKIP","floor":18},{"not_picked":["Quick Slash","Distraction","Outmaneuver"],"picked":"SKIP","floor":18},{"not_picked":["Dodge and Roll+1","Slice"],"picked":"Acrobatics","floor":20},{"not_picked":["PiercingWail","Dodge and Roll"],"picked":"Backflip","floor":20},{"not_picked":["Bane","Masterful Stab+1"],"picked":"Tactician","floor":21},{"not_picked":["Masterful Stab","Eviscerate","Prepared"],"picked":"SKIP","floor":21},{"not_picked":["Dagger Throw+1","Deadly Poison","PiercingWail"],"picked":"SKIP","floor":24},{"not_picked":["Concentrate","Corpse Explosion","Dodge and Roll"],"picked":"SKIP","floor":24}],"player_experience":1616660,"relics_obtained":[{"floor":7,"key":"Pantograph"},{"floor":9,"key":"Prayer Wheel"}],"event_choices":[{"cards_removed":["Setup"],"damage_healed":14,"gold_gain":0,"player_choice":"Offered Uncommon","damage_taken":0,"max_hp_gain":0,"max_hp_loss":0,"event_name":"Bonfire Elementals","floor":3,"gold_loss":0},{"cards_removed":["Strike_G"],"damage_healed":0,"gold_gain":0,"player_choice":"Card Removal","damage_taken":0,"max_hp_gain":0,"max_hp_loss":0,"event_name":"The Cleric","floor":8,"gold_loss":75},{"damage_healed":0,"gold_gain":0,"player_choice":"Searched \u00272\u0027 times","damage_taken":0,"relics_obtained":["Old Coin"],"max_hp_gain":0,"max_hp_loss":0,"event_name":"Dead Adventurer","floor":12,"gold_loss":0},{"damage_healed":0,"gold_gain":100,"player_choice":"Bet on Murderer","damage_taken":0,"max_hp_gain":0,"max_hp_loss":0,"event_name":"The Joust","floor":19,"gold_loss":50},{"damage_healed":0,"gold_gain":50,"player_choice":"Pray","damage_taken":0,"max_hp_gain":0,"max_hp_loss":0,"event_name":"Golden Shrine","floor":22,"gold_loss":0}],"is_beta":false,"boss_relics":[{"not_picked":["Fusion Hammer","WristBlade"],"picked":"Black Star"}],"items_purged_floors":[],"is_endless":false,"potions_floor_spawned":[1,4,14,18,24],"killed_by":"Slavers","ascension_level":20}