{"gold_per_floor":[119,135,135,155,305,333,333,37,61,61,72,91,119,119,119,195,195,205,205,224,240,254,254,266,292,347,347,347,327,339,153,153,153],"floor_reached":33,"playtime":1896,"items_purged":["Doubt","Pain"],"score":604,"play_id":"ac47563d-cb46-4ac1-bbf7-4c2eb326d8c7","local_time":"20190508054304","is_ascension_mode":true,"campfire_choices":[{"data":"Caltrops","floor":7.0,"key":"SMITH"},{"floor":10.0,"key":"REST"},{"data":"Concentrate","floor":15.0,"key":"SMITH"},{"floor":23.0,"key":"REST"},{"data":"A Thousand Cuts","floor":28.0,"key":"SMITH"},{"data":"Noxious Fumes","floor":32.0,"key":"SMITH"}],"neow_cost":"NONE","seed_source_timestamp":0,"circlet_count":0,"master_deck":["AscendersBane","Defend_G","Defend_G","Defend_G","Defend_G","Defend_G","Strike_G","Strike_G","Strike_G","Strike_G","Survivor","Neutralize+1","Caltrops+1","Dagger Throw","Backflip","Underhanded Strike","Concentrate+1","A Thousand Cuts+1","Dagger Throw","Well Laid Plans","Flechettes+1","PiercingWail","All Out Attack+1","Noxious Fumes+1"],"special_seed":0,"relics":["Ring of the Snake","Pen Nib","ClockworkSouvenir","Bag of Marbles","Pocketwatch","Cursed Key","The Specimen"],"potions_floor_usage":[],"damage_taken":[{"damage":0.0,"enemies":"Cultist","floor":1.0,"turns":4.0},{"damage":2.0,"enemies":"2 Louse","floor":2.0,"turns":4.0},{"damage":1.0,"enemies":"Small Slimes","floor":4.0,"turns":3.0},{"damage":34.0,"enemies":"3 Sentries","floor":6.0,"turns":11.0},{"damage":0.0,"enemies":"Blue Slaver","floor":11.0,"turns":4.0},{"damage":4.0,"enemies":"Red Slaver","floor":12.0,"turns":8.0},{"damage":0.0,"enemies":"Gremlin Nob","floor":13.0,"turns":3.0},{"damage":26.0,"enemies":"Hexaghost","floor":16.0,"turns":10.0},{"damage":3.0,"enemies":"Chosen","floor":18.0,"turns":4.0},{"damage":11.0,"enemies":"Spheric Guardian","floor":20.0,"turns":3.0},{"damage":5.0,"enemies":"Cultist and Chosen","floor":21.0,"turns":6.0},{"damage":3.0,"enemies":"Snecko","floor":22.0,"turns":5.0},{"damage":8.0,"enemies":"Sentry and Sphere","floor":24.0,"turns":5.0},{"damage":7.0,"enemies":"Gremlin Leader","floor":25.0,"turns":7.0},{"damage":15.0,"enemies":"Snake Plant","floor":30.0,"turns":4.0},{"damage":22,"enemies":"Collector","floor":33,"turns":3}],"seed_played":"-8208044355936602766","potions_obtained":[{"floor":1.0,"key":"Explosive Potion"},{"floor":4.0,"key":"Energy Potion"},{"floor":13.0,"key":"GhostInAJar"},{"floor":29.0,"key":"Block Potion"},{"floor":30.0,"key":"GhostInAJar"}],"is_trial":false,"path_per_floor":["M","M","?","M","?","E","R","$","T","R","M","M","E","?","R","B",null,"M","?","M","M","M","R","M","E","T","T","R","?","M","$","R","B"],"character_chosen":"THE_SILENT","items_purchased":["ClockworkSouvenir","Noxious Fumes"],"campfire_rested":2,"item_purchase_floors":[8,31],"current_hp_per_floor":[59,57,50,49,49,15,15,15,15,34,34,30,30,35,35,9,56,53,39,28,23,20,41,33,26,26,26,26,26,11,11,11,0],"gold":153,"neow_bonus":"UPGRADE_CARD","is_prod":false,"is_daily":false,"chose_seed":false,"campfire_upgraded":4,"win_rate":0,"timestamp":1557308584,"path_taken":["M","?","?","M","?","E","R","$","T","R","M","M","E","?","R","BOSS","M","?","M","?","M","R","M","E","T","?","R","?","?","$","R","BOSS"],"build_version":"2019-01-23","purchased_purges":2,"victory":false,"max_hp_per_floor":[66,66,66,66,66,66,66,66,66,66,66,66,66,71,71,71,71,71,71,71,71,71,71,71,71,71,71,71,71,71,71,71,71],"card_choices":[{"not_picked":["Cloak And Dagger","Tactician"],"picked":"Caltrops","floor":1.0},{"not_picked":["PiercingWail","Escape Plan"],"picked":"Dagger Throw","floor":2.0},{"not_picked":["Deflect","Catalyst","Expertise"],"picked":"SKIP","floor":4.0},{"not_picked":["Blade Dance","Prepared"],"picked":"Backflip","floor":6.0},{"not_picked":["Deflect","Acrobatics","Backflip"],"picked":"SKIP","floor":11.0},{"not_picked":["Outmaneuver","Masterful Stab"],"picked":"Underhanded Strike","floor":12.0},{"not_picked":["Flechettes","All Out Attack"],"picked":"Concentrate","floor":13.0},{"not_picked":["Grand Finale","Unload"],"picked":"A Thousand Cuts","floor":16.0},{"not_picked":["Slice","Blade Dance"],"picked":"Dagger Throw","floor":18.0},{"not_picked":["Choke","Tactician"],"picked":"Well Laid Plans","floor":20.0},{"not_picked":["Dodge and Roll","Sucker Punch","Deflect"],"picked":"SKIP","floor":21.0},{"not_picked":["Glass Knife","Expertise"],"picked":"Flechettes+1","floor":22.0},{"not_picked":["Blade Dance","Heel Hook","Prepared"],"picked":"SKIP","floor":24.0},{"not_picked":["Setup+1","Quick Slash"],"picked":"PiercingWail","floor":25.0},{"not_picked":["Leg Sweep","Masterful Stab"],"picked":"All Out Attack+1","floor":30.0}],"player_experience":2453554,"relics_obtained":[{"floor":6.0,"key":"Pen Nib"},{"floor":9.0,"key":"Bag of Marbles"},{"floor":13.0,"key":"Pocketwatch"},{"floor":25.0,"key":"The Specimen"}],"event_choices":[{"cards_removed":["Strike_G"],"damage_healed":0.0,"max_hp_gain":0.0,"max_hp_loss":0.0,"gold_gain":0.0,"event_name":"Golden Wing","player_choice":"Card Removal","floor":3.0,"gold_loss":0.0,"damage_taken":7.0},{"damage_healed":0.0,"max_hp_gain":0.0,"max_hp_loss":0.0,"gold_gain":150.0,"event_name":"Liars Game","player_choice":"AGREE","floor":5.0,"gold_loss":0.0,"damage_taken":0.0,"cards_obtained":["Doubt"]},{"damage_healed":0.0,"max_hp_gain":5.0,"max_hp_loss":0.0,"gold_gain":0.0,"event_name":"Big Fish","player_choice":"Donut","floor":14.0,"gold_loss":0.0,"damage_taken":0.0},{"damage_healed":0.0,"max_hp_gain":0.0,"max_hp_loss":0.0,"gold_gain":0.0,"event_name":"Knowing Skull","player_choice":"POTION ","floor":19.0,"potions_obtained":["AttackPotion"],"gold_loss":0.0,"damage_taken":14.0,"cards_obtained":[]},{"damage_healed":0.0,"max_hp_gain":0.0,"max_hp_loss":0.0,"gold_gain":0.0,"event_name":"The Woman in Blue","player_choice":"Bought 1 Potion","floor":29.0,"gold_loss":0.0,"damage_taken":0.0}],"is_beta":false,"boss_relics":[{"not_picked":["Ring of the Serpent","Pandora\u0027s Box"],"picked":"Cursed Key"}],"items_purged_floors":[8,31],"is_endless":false,"potions_floor_spawned":[1,4,13,30],"killed_by":"Collector","ascension_level":20}