{"gold_per_floor":[109,109,125,125,50,50,63,81,107,124,142,156,226,239,239,239],"floor_reached":16,"playtime":524,"items_purged":["Strike_R"],"score":96,"play_id":"b510a706-7723-46db-9448-1b848796f30b","local_time":"20190126121552","is_ascension_mode":false,"campfire_choices":[{"data":"Bash","floor":6,"key":"SMITH"},{"floor":15,"key":"REST"}],"neow_cost":"PERCENT_DAMAGE","seed_source_timestamp":9615066003357,"circlet_count":0,"master_deck":["Strike_R","Strike_R","Strike_R","Defend_R","Defend_R","Defend_R","Bash+1","Offering","Dual Wield"],"relics":["Burning Blood"],"potions_floor_usage":[14,14,16],"damage_taken":[{"damage":3,"enemies":"Small Slimes","floor":1,"turns":3},{"damage":1,"enemies":"Cultist","floor":3,"turns":3},{"damage":11,"enemies":"Jaw Worm","floor":7,"turns":4},{"damage":4,"enemies":"Exordium Wildlife","floor":8,"turns":4},{"damage":6,"enemies":"Large Slime","floor":10,"turns":4},{"damage":13,"enemies":"Blue Slaver","floor":11,"turns":3},{"damage":24,"enemies":"3 Louse","floor":12,"turns":4},{"damage":17,"enemies":"Exordium Thugs","floor":14,"turns":5},{"damage":67,"enemies":"Hexaghost","floor":16,"turns":9}],"seed_played":"5926998211350460599","potions_obtained":[{"floor":3,"key":"AttackPotion"},{"floor":10,"key":"Fire Potion"},{"floor":12,"key":"Fire Potion"}],"is_trial":false,"path_per_floor":["M","?","M","?","$","R","M","M","T","M","M","M","?","M","R","B"],"character_chosen":"IRONCLAD","items_purchased":[],"campfire_rested":1,"item_purchase_floors":[],"current_hp_per_floor":[59,59,64,80,80,80,75,77,77,77,70,52,52,41,65,0],"gold":239,"neow_bonus":"REMOVE_TWO","is_prod":false,"is_daily":false,"chose_seed":false,"campfire_upgraded":1,"win_rate":0,"timestamp":1548522952,"path_taken":["M","?","?","?","$","R","M","M","T","M","M","M","?","M","R","BOSS"],"build_version":"2019-01-23","purchased_purges":1,"victory":false,"max_hp_per_floor":[80,80,80,80,80,80,80,80,80,80,80,80,80,80,80,80],"card_choices":[{"not_picked":["Thunderclap","Burning Pact","Armaments"],"picked":"SKIP","floor":1},{"not_picked":["Clash","Headbutt","Combust"],"picked":"SKIP","floor":3},{"not_picked":["Headbutt","True Grit","Intimidate"],"picked":"SKIP","floor":7},{"not_picked":["Thunderclap","Wild Strike","Twin Strike"],"picked":"SKIP","floor":8},{"not_picked":["Reckless Charge","Clash","Cleave"],"picked":"SKIP","floor":10},{"not_picked":["Clothesline","Searing Blow"],"picked":"Dual Wield","floor":11},{"not_picked":["Metallicize","Iron Wave","Juggernaut"],"picked":"SKIP","floor":12},{"not_picked":["Thunderclap","Headbutt","Clothesline"],"picked":"SKIP","floor":14}],"player_experience":536791,"relics_obtained":[],"event_choices":[{"damage_healed":0,"gold_gain":0,"player_choice":"1 cards matched","damage_taken":0,"max_hp_gain":0,"max_hp_loss":0,"event_name":"Match and Keep!","floor":2,"gold_loss":0,"cards_obtained":["Offering"]},{"damage_healed":26,"gold_gain":0,"player_choice":"Banana","damage_taken":0,"max_hp_gain":0,"max_hp_loss":0,"event_name":"Big Fish","floor":4,"gold_loss":0},{"damage_healed":0,"gold_gain":70,"player_choice":"Gained Gold","damage_taken":0,"max_hp_gain":0,"max_hp_loss":0,"event_name":"Golden Wing","floor":13,"gold_loss":0}],"is_beta":false,"boss_relics":[],"items_purged_floors":[5],"is_endless":false,"potions_floor_spawned":[3,10,12],"killed_by":"Hexaghost","ascension_level":0}