{"gold_per_floor":[115,115,15,15,39,77,77,92,92,92,92,116,116,7,7,7],"floor_reached":16,"playtime":356,"items_purged":["Strike_R"],"score":172,"play_id":"23ed934a-0be1-4d3a-8f1e-ea9ddb89863e","local_time":"20181224214335","is_ascension_mode":true,"campfire_choices":[{"data":"Bash","floor":7,"key":"SMITH"},{"data":"Corruption","floor":11,"key":"SMITH"},{"data":"Inflame","floor":13,"key":"SMITH"},{"floor":15,"key":"REST"}],"neow_cost":"TEN_PERCENT_HP_LOSS","seed_source_timestamp":126183555982709,"circlet_count":0,"master_deck":["AscendersBane","Strike_R","Strike_R","Strike_R","Defend_R","Defend_R","Defend_R","Defend_R","Bash+1","Corruption+1","Armaments","Rampage","Shrug It Off","Inflame+1","Armaments"],"relics":["Burning Blood","Calipers","Golden Idol","Mummified Hand","Self Forming Clay","Question Card"],"potions_floor_usage":[6,6],"damage_taken":[{"damage":0,"enemies":"Small Slimes","floor":1,"turns":3},{"damage":7,"enemies":"2 Louse","floor":5,"turns":3},{"damage":12,"enemies":"Lagavulin","floor":6,"turns":5},{"damage":0,"enemies":"Cultist","floor":8,"turns":3},{"damage":11,"enemies":"3 Louse","floor":12,"turns":4},{"damage":53,"enemies":"Slime Boss","floor":16,"turns":5}],"seed_played":"-6653265266917689984","potions_obtained":[{"floor":1,"key":"Strength Potion"},{"floor":5,"key":"Poison Potion"}],"is_trial":false,"path_per_floor":["M","?","$","?","M","E","R","M","T","?","R","M","R","?","R","B"],"character_chosen":"IRONCLAD","items_purchased":["Armaments"],"campfire_rested":1,"item_purchase_floors":[3],"current_hp_per_floor":[68,45,45,45,44,38,38,44,44,34,34,29,29,29,49,0],"gold":7,"neow_bonus":"ONE_RARE_RELIC","is_prod":false,"is_daily":false,"chose_seed":false,"campfire_upgraded":3,"win_rate":0,"timestamp":1545713015,"path_taken":["M","?","$","?","M","E","R","M","T","?","R","?","R","?","R","BOSS"],"build_version":"2018-12-20","purchased_purges":1,"victory":false,"max_hp_per_floor":[68,68,68,68,68,68,68,68,68,68,68,68,68,68,68,68],"card_choices":[{"not_picked":["Inflame","Armaments"],"picked":"Corruption","floor":1},{"not_picked":["Clash","Sword Boomerang"],"picked":"Shrug It Off","floor":5},{"not_picked":["Uppercut","Pommel Strike"],"picked":"Inflame","floor":6},{"not_picked":["Blood for Blood","Reaper"],"picked":"Armaments","floor":8},{"not_picked":["Infernal Blade","Thunderclap","Headbutt"],"picked":"SKIP","floor":12}],"player_experience":992684,"relics_obtained":[{"floor":6,"key":"Mummified Hand"},{"floor":9,"key":"Self Forming Clay"}],"event_choices":[{"damage_healed":0,"gold_gain":0,"player_choice":"Take Damage","damage_taken":23,"relics_obtained":["Golden Idol"],"max_hp_gain":0,"max_hp_loss":0,"event_name":"Golden Idol","floor":2,"gold_loss":0},{"damage_healed":0,"gold_gain":0,"cards_transformed":["Strike_R"],"player_choice":"Change","damage_taken":0,"max_hp_gain":0,"max_hp_loss":0,"event_name":"Living Wall","floor":4,"gold_loss":0,"cards_obtained":["Rampage"]},{"damage_healed":0,"gold_gain":0,"player_choice":"Damaged","damage_taken":10,"max_hp_gain":0,"max_hp_loss":0,"event_name":"Wheel of Change","floor":10,"gold_loss":0},{"damage_healed":0,"gold_gain":0,"player_choice":"Paid Gold","damage_taken":0,"relics_obtained":["Question Card"],"max_hp_gain":0,"max_hp_loss":0,"event_name":"WeMeetAgain","floor":14,"gold_loss":109}],"is_beta":true,"boss_relics":[],"items_purged_floors":[3],"is_endless":false,"potions_floor_spawned":[1,5],"killed_by":"Slime Boss","ascension_level":15}