{"gold_per_floor":[111,125,140,65,80,80,108,120,120,140,140,155,169,180,180,280,280],"floor_reached":17,"playtime":603,"items_purged":["Defend_B"],"score":163,"play_id":"a794ba10-5b64-4127-bf73-98cd81937611","local_time":"20190407213802","is_ascension_mode":false,"campfire_choices":[{"data":"Streamline","floor":6,"key":"SMITH"},{"floor":11,"key":"REST"},{"floor":15,"key":"REST"}],"neow_cost":"NONE","seed_source_timestamp":215014209781619,"circlet_count":0,"master_deck":["Strike_B","Strike_B","Defend_B","Defend_B","Zap","Dualcast","Capacitor","Leap","Streamline+1","Melter","Defragment","Conserve Battery","Amplify","Loop","Creative AI","Darkness+1","Biased Cognition+1","Steam Power+1"],"relics":["Cracked Core","NeowsBlessing","Bottled Flame","Matryoshka","Astrolabe"],"potions_floor_usage":[7,16,16,16],"damage_taken":[{"damage":0,"enemies":"Cultist","floor":1,"turns":1},{"damage":0,"enemies":"Jaw Worm","floor":2,"turns":1},{"damage":0,"enemies":"2 Louse","floor":3,"turns":1},{"damage":19,"enemies":"Exordium Thugs","floor":5,"turns":4},{"damage":18,"enemies":"3 Sentries","floor":7,"turns":5},{"damage":14,"enemies":"Large Slime","floor":8,"turns":4},{"damage":8,"enemies":"2 Fungi Beasts","floor":10,"turns":3},{"damage":0,"enemies":"3 Louse","floor":12,"turns":2},{"damage":8,"enemies":"Looter","floor":13,"turns":3},{"damage":11,"enemies":"Red Slaver","floor":14,"turns":4},{"damage":38,"enemies":"The Guardian","floor":16,"turns":11}],"seed_played":"-2894160180880510910","potions_obtained":[{"floor":5,"key":"Fire Potion"},{"floor":8,"key":"LiquidBronze"},{"floor":10,"key":"SkillPotion"},{"floor":12,"key":"EssenceOfSteel"},{"floor":16,"key":"AttackPotion"}],"is_trial":false,"path_per_floor":["M","M","M","$","M","R","E","M","T","M","R","M","M","M","R","B",null],"character_chosen":"DEFECT","items_purchased":[],"campfire_rested":2,"item_purchase_floors":[],"current_hp_per_floor":[75,75,75,75,56,56,38,24,24,16,38,38,30,19,41,3,75],"gold":280,"neow_bonus":"THREE_ENEMY_KILL","is_prod":false,"is_daily":false,"chose_seed":false,"campfire_upgraded":1,"win_rate":0,"timestamp":1554687482,"path_taken":["M","M","M","$","M","R","E","M","T","M","R","?","?","M","R","BOSS"],"build_version":"2019-01-23","purchased_purges":1,"victory":false,"max_hp_per_floor":[75,75,75,75,75,75,75,75,75,75,75,75,75,75,75,75,75],"card_choices":[{"not_picked":["Turbo","Compile Driver"],"picked":"Capacitor","floor":1},{"not_picked":["FTL","Redo"],"picked":"Leap","floor":2},{"not_picked":["Chaos","Go for the Eyes"],"picked":"Streamline","floor":3},{"not_picked":["Gash","Force Field"],"picked":"Melter","floor":5},{"not_picked":["Compile Driver","Ball Lightning"],"picked":"Defragment","floor":7},{"not_picked":["Gash","Compile Driver","FTL"],"picked":"SKIP","floor":8},{"not_picked":["Beam Cell","Stack"],"picked":"Conserve Battery","floor":10},{"not_picked":["Doom and Gloom","Redo"],"picked":"Amplify","floor":12},{"not_picked":["Leap","Force Field"],"picked":"Loop","floor":13},{"not_picked":["Beam Cell","Heatsinks","Hologram"],"picked":"SKIP","floor":14},{"not_picked":["Fission","Buffer"],"picked":"Creative AI","floor":16}],"player_experience":766629,"relics_obtained":[{"floor":7,"key":"Bottled Flame"},{"floor":9,"key":"Matryoshka"}],"event_choices":[],"is_beta":false,"boss_relics":[{"not_picked":["Orrery","Tiny House"],"picked":"Astrolabe"}],"items_purged_floors":[4],"is_endless":false,"potions_floor_spawned":[5,8,10,12,14,16],"ascension_level":0}