{"gold_per_floor":[115,125,125,125,125,125,152,152,177,193,204,204,379,69,69,166,166,176,207,217,53,53,87,87,105,105,105,133,133,133,147,147,252,252,268,281,503,503,184,184,184],"floor_reached":41,"playtime":2530,"items_purged":["Doubt"],"score":473,"play_id":"1208a8af-2f20-47d7-b89c-35415610fcb7","local_time":"20181119174118","is_ascension_mode":true,"campfire_choices":[{"data":"Distraction","floor":6,"key":"SMITH"},{"data":"Concentrate","floor":8,"key":"SMITH"},{"data":"Blur","floor":12,"key":"SMITH"},{"data":"Noxious Fumes","floor":15,"key":"SMITH"},{"floor":24,"key":"REST"},{"floor":27,"key":"REST"},{"floor":30,"key":"REST"},{"floor":32,"key":"REST"},{"data":"Noxious Fumes","floor":40,"key":"SMITH"}],"neow_cost":"NONE","seed_source_timestamp":32516236886164,"circlet_count":0,"master_deck":["Defend_G+1","Defend_G+1","Defend_G+1","Defend_G+1","Defend_G+1","Strike_G+1","Strike_G+1","Strike_G+1","Strike_G+1","Strike_G+1","Survivor","Neutralize","Distraction+1","Crippling Poison+1","Regret","Concentrate+1","Eviscerate","Blur+1","Noxious Fumes+1","Corpse Explosion","Underhanded Strike","Noxious Fumes","Apotheosis","Shame","Venomology","Crippling Poison","Reflex","Wraith Form v2","Masterful Stab+1","Skewer+1","Madness","Noxious Fumes+1"],"relics":["Ring of the Snake","NeowsBlessing","Strawberry","Turnip","Bag of Preparation","Blood Vial","HoveringKite","Red Mask","Shovel","Mummified Hand","Dodecahedron","Happy Flower","Runic Pyramid","Pantograph"],"potions_floor_usage":[11,11,16,16,18,23,23,28,28,33,35,41],"damage_taken":[{"damage":0,"enemies":"Small Slimes","floor":1,"turns":1},{"damage":0,"enemies":"Jaw Worm","floor":2,"turns":1},{"damage":0,"enemies":"Lagavulin","floor":7,"turns":1},{"damage":0,"enemies":"2 Louse","floor":10,"turns":2},{"damage":2,"enemies":"Looter","floor":11,"turns":3},{"damage":20,"enemies":"The Guardian","floor":16,"turns":12},{"damage":14,"enemies":"Spheric Guardian","floor":18,"turns":4},{"damage":21,"enemies":"Masked Bandits","floor":19,"turns":5},{"damage":8,"enemies":"Shell Parasite","floor":20,"turns":5},{"damage":28,"enemies":"Slavers","floor":23,"turns":4},{"damage":12,"enemies":"Snecko","floor":25,"turns":5},{"damage":27,"enemies":"Book of Stabbing","floor":28,"turns":8},{"damage":27,"enemies":"Shelled Parasite and Fungi","floor":31,"turns":5},{"damage":44,"enemies":"Collector","floor":33,"turns":9},{"damage":11,"enemies":"3 Darklings","floor":35,"turns":3},{"damage":4,"enemies":"Orb Walker","floor":36,"turns":4},{"damage":87,"enemies":"Reptomancer","floor":41,"turns":6}],"seed_played":"9109766697580090898","potions_obtained":[{"floor":7,"key":"Energy Potion"},{"floor":10,"key":"EntropicBrew"},{"floor":19,"key":"EssenceOfSteel"},{"floor":20,"key":"SpeedPotion"},{"floor":25,"key":"SpeedPotion"},{"floor":35,"key":"Regen Potion"}],"is_trial":false,"path_per_floor":["M","M","?","?","?","R","E","R","T","M","M","R","?","$","R","B",null,"M","?","M","$","?","E","R","M","T","R","E","?","R","M","R","B",null,"M","M","?","?","$","R","E"],"character_chosen":"THE_SILENT","items_purchased":["Noxious Fumes","Blood Vial","Apotheosis","Noxious Fumes","Pantograph"],"campfire_rested":4,"item_purchase_floors":[14,14,21,39,39],"current_hp_per_floor":[70,70,70,77,62,62,62,62,62,62,60,60,60,60,60,42,77,63,44,38,38,38,12,35,25,25,48,23,23,46,21,44,2,77,66,64,64,64,64,64,0],"gold":184,"neow_bonus":"THREE_ENEMY_KILL","is_prod":false,"is_daily":false,"chose_seed":false,"campfire_upgraded":5,"win_rate":0,"timestamp":1542667278,"path_taken":["M","M","?","?","?","R","E","R","T","M","M","R","?","$","R","BOSS","M","?","M","$","?","E","R","M","T","R","E","?","R","M","R","BOSS","M","M","?","?","$","R","E"],"build_version":"2018-11-15","purchased_purges":1,"victory":false,"max_hp_per_floor":[70,70,70,77,77,77,77,77,77,77,77,77,77,77,77,77,77,77,77,77,77,77,77,77,77,77,77,77,77,77,77,77,77,77,77,77,77,77,77,77,77],"card_choices":[{"not_picked":["Sucker Punch","Heel Hook"],"picked":"Distraction","floor":1},{"not_picked":["Endless Agony","Bane"],"picked":"Crippling Poison","floor":2},{"not_picked":["Acrobatics","Outmaneuver"],"picked":"Concentrate","floor":7},{"not_picked":["Quick Slash","Cloak And Dagger"],"picked":"Eviscerate","floor":10},{"not_picked":["Masterful Stab","Quick Slash"],"picked":"Blur","floor":11},{"not_picked":["Envenom","A Thousand Cuts"],"picked":"Corpse Explosion","floor":16},{"not_picked":["Prepared","Dagger Spray","Flying Knee"],"picked":"SKIP","floor":18},{"not_picked":["Outmaneuver","Caltrops"],"picked":"Underhanded Strike","floor":19},{"not_picked":["Masterful Stab","Quick Slash"],"picked":"Noxious Fumes","floor":20},{"not_picked":["Calculated Gamble","Prepared+1","Sucker Punch+1"],"picked":"SKIP","floor":23},{"not_picked":["Expertise","Endless Agony"],"picked":"Venomology","floor":25},{"not_picked":["All Out Attack","Wraith Form v2"],"picked":"Crippling Poison","floor":28},{"not_picked":["Slice","Blade Dance+1"],"picked":"Reflex","floor":31},{"not_picked":["Storm of Steel","Bullet Time"],"picked":"Wraith Form v2","floor":33},{"not_picked":["Outmaneuver+1","Dagger Throw+1"],"picked":"Masterful Stab+1","floor":35},{"not_picked":["Escape Plan+1","Dodge and Roll+1"],"picked":"Skewer+1","floor":36},{"not_picked":["Swift Strike","Chrysalis"],"picked":"Madness","floor":38}],"player_experience":323678,"relics_obtained":[{"floor":7,"key":"Turnip"},{"floor":9,"key":"Bag of Preparation"},{"floor":19,"key":"Red Mask"},{"floor":23,"key":"Mummified Hand"},{"floor":26,"key":"Dodecahedron"},{"floor":28,"key":"Happy Flower"}],"event_choices":[{"damage_healed":0,"gold_gain":0,"player_choice":"Grow","damage_taken":0,"max_hp_gain":0,"max_hp_loss":0,"event_name":"Living Wall","floor":3,"gold_loss":0,"cards_upgraded":["Crippling Poison"]},{"damage_healed":0,"gold_gain":0,"player_choice":"Box","damage_taken":0,"relics_obtained":["Strawberry"],"max_hp_gain":0,"max_hp_loss":0,"event_name":"Big Fish","floor":4,"gold_loss":0,"cards_obtained":["Regret"]},{"damage_healed":0,"gold_gain":0,"player_choice":"Entered Light","damage_taken":15,"max_hp_gain":0,"max_hp_loss":0,"event_name":"Shining Light","floor":5,"gold_loss":0,"cards_upgraded":["Defend_G","Strike_G"]},{"damage_healed":0,"gold_gain":175,"player_choice":"AGREE","damage_taken":0,"max_hp_gain":0,"max_hp_loss":0,"event_name":"Liars Game","floor":13,"gold_loss":0,"cards_obtained":["Doubt"]},{"damage_healed":0,"gold_gain":0,"player_choice":"Fought Bandits","damage_taken":0,"max_hp_gain":0,"max_hp_loss":0,"event_name":"Masked Bandits","floor":19,"gold_loss":0},{"damage_healed":0,"gold_gain":0,"player_choice":"Stole Relic","damage_taken":0,"relics_obtained":["Shovel"],"max_hp_gain":0,"max_hp_loss":0,"event_name":"Addict","floor":22,"gold_loss":0,"cards_obtained":["Shame"]},{"damage_healed":0,"gold_gain":0,"player_choice":"Simplicity","damage_taken":0,"max_hp_gain":0,"max_hp_loss":0,"event_name":"Back to Basics","floor":29,"gold_loss":0,"cards_upgraded":["Defend_G","Defend_G","Defend_G","Defend_G","Strike_G","Strike_G","Strike_G","Strike_G"]},{"damage_healed":0,"gold_gain":222,"player_choice":"Wore Mask","damage_taken":0,"max_hp_gain":0,"max_hp_loss":0,"event_name":"Tomb of Lord Red Mask","floor":37,"gold_loss":0},{"damage_healed":0,"gold_gain":0,"player_choice":"Memory 1","damage_taken":0,"max_hp_gain":0,"max_hp_loss":0,"event_name":"SensoryStone","floor":38,"gold_loss":0}],"is_beta":false,"boss_relics":[{"not_picked":["Ectoplasm","Velvet Choker"],"picked":"HoveringKite"},{"not_picked":["Runic Dome","Fusion Hammer"],"picked":"Runic Pyramid"}],"items_purged_floors":[14],"is_endless":false,"potions_floor_spawned":[7,10,19,20,25,35],"killed_by":"Reptomancer","ascension_level":1}