{"gold_per_floor":[115,132,3,3,15,15,48,60,95,107,148,160,185,208,220,232],"floor_reached":16,"playtime":667,"items_purged":["Clumsy"],"score":220,"play_id":"460df22d-3dba-4304-bdbd-32cea63a4acd","local_time":"20190330184755","is_ascension_mode":true,"campfire_choices":[{"data":"Zap","floor":6,"key":"SMITH"},{"data":"Sunder","floor":8,"key":"SMITH"},{"data":"Hologram","floor":15,"key":"SMITH"}],"neow_cost":"CURSE","seed_source_timestamp":1185204943046149,"circlet_count":0,"master_deck":["AscendersBane","Strike_B","Strike_B","Strike_B","Defend_B","Defend_B","Defend_B","Defend_B","Zap+1","Dualcast","Cold Snap","Sweeping Beam","BootSequence","Hologram+1","Sunder+1","Cold Snap","Ball Lightning","Leap"],"relics":["Cracked Core","Ice Cream","MawBank","Vajra","Mummified Hand","Dream Catcher"],"potions_floor_usage":[7],"damage_taken":[{"damage":4,"enemies":"Small Slimes","floor":1,"turns":4},{"damage":0,"enemies":"Cultist","floor":2,"turns":3},{"damage":0,"enemies":"2 Louse","floor":5,"turns":3},{"damage":14,"enemies":"Gremlin Nob","floor":7,"turns":4},{"damage":3,"enemies":"3 Sentries","floor":11,"turns":5},{"damage":1,"enemies":"Large Slime","floor":13,"turns":4},{"damage":0,"enemies":"2 Fungi Beasts","floor":14,"turns":2},{"damage":51,"enemies":"Slime Boss","floor":16,"turns":8}],"seed_played":"-6324704901526599889","potions_obtained":[{"floor":2,"key":"EssenceOfSteel"},{"floor":7,"key":"LiquidBronze"}],"is_trial":false,"path_per_floor":["M","M","$","?","M","R","E","R","T","?","E","?","M","M","R","B"],"character_chosen":"DEFECT","items_purchased":["AttackPotion"],"campfire_rested":0,"item_purchase_floors":[3],"current_hp_per_floor":[60,60,60,60,60,60,46,46,46,20,17,40,39,39,39,0],"gold":232,"neow_bonus":"ONE_RARE_RELIC","is_prod":false,"is_daily":false,"chose_seed":false,"campfire_upgraded":3,"win_rate":0,"timestamp":1553986075,"path_taken":["M","M","$","?","?","R","E","R","T","?","E","?","M","M","R","BOSS"],"build_version":"2019-01-23","purchased_purges":1,"victory":false,"max_hp_per_floor":[71,71,71,71,71,71,71,71,71,71,71,71,71,71,71,71],"card_choices":[{"not_picked":["Recycle","BootSequence"],"picked":"Cold Snap","floor":1},{"not_picked":["Double Energy","Beam Cell"],"picked":"Sweeping Beam","floor":2},{"not_picked":["Beam Cell","Streamline"],"picked":"Hologram","floor":5},{"not_picked":["Coolheaded","Meteor Strike"],"picked":"Sunder","floor":7},{"not_picked":["Streamline","Leap"],"picked":"Cold Snap","floor":11},{"not_picked":["Stack","Tempest"],"picked":"Ball Lightning","floor":13},{"not_picked":["Cold Snap","Lockon"],"picked":"Leap","floor":14}],"player_experience":1497398,"relics_obtained":[{"floor":7,"key":"MawBank"},{"floor":9,"key":"Vajra"},{"floor":11,"key":"Dream Catcher"}],"event_choices":[{"damage_healed":0,"gold_gain":0,"cards_transformed":["Strike_B"],"player_choice":"Transformed","damage_taken":0,"max_hp_gain":0,"max_hp_loss":0,"event_name":"Transmorgrifier","floor":4,"gold_loss":0,"cards_obtained":["BootSequence"]},{"damage_healed":0,"gold_gain":0,"player_choice":"Success","damage_taken":26,"relics_obtained":["Mummified Hand"],"max_hp_gain":0,"max_hp_loss":0,"event_name":"Scrap Ooze","floor":10,"gold_loss":0},{"damage_healed":23,"gold_gain":0,"player_choice":"Banana","damage_taken":0,"max_hp_gain":0,"max_hp_loss":0,"event_name":"Big Fish","floor":12,"gold_loss":0}],"is_beta":false,"boss_relics":[],"items_purged_floors":[3],"is_endless":false,"potions_floor_spawned":[2,7],"killed_by":"Slime Boss","ascension_level":20}