{"gold_per_floor":[116,15,34,34,48,48,48,60,87,87,102,102,59,69,69,144,144,156,81,91,91,91,91,121,121,167,167,167,182,182,260,260,331,331,344,344,170,185,195,195,205,205,251,279,279,298,125,137,137,137],"floor_reached":50,"playtime":1747,"items_purged":["Strike_G","Strike_G"],"score":985,"play_id":"1f05d062-c9ed-4e81-b827-65966c095c57","local_time":"20181110130356","is_ascension_mode":true,"campfire_choices":[{"data":"Neutralize","floor":6,"key":"SMITH"},{"floor":10,"key":"REST"},{"data":"Noxious Fumes","floor":12,"key":"SMITH"},{"data":"Noxious Fumes","floor":15,"key":"SMITH"},{"floor":23,"key":"REST"},{"floor":25,"key":"REST"},{"data":"Burst","floor":28,"key":"SMITH"},{"floor":32,"key":"REST"},{"data":"Footwork","floor":40,"key":"SMITH"},{"floor":42,"key":"REST"},{"floor":49,"key":"REST"}],"neow_cost":"NONE","seed_source_timestamp":573476532775396,"circlet_count":0,"master_deck":["AscendersBane","Defend_G","Defend_G","Defend_G","Defend_G","Defend_G","Strike_G","Strike_G","Survivor","Neutralize+1","Noxious Fumes+1","Cloak And Dagger","Backflip","Quick Slash","Dodge and Roll","PiercingWail","Noxious Fumes+1","Cloak And Dagger","Burst+1","Sucker Punch","Dagger Spray","Cloak And Dagger","Sucker Punch+1","Die Die Die","Backflip","Footwork+1","Cloak And Dagger+1","Dodge and Roll","Footwork","Well Laid Plans","Catalyst","PiercingWail+1"],"relics":["Ring of the Serpent","Vajra","Regal Pillow","Snake Skull","Sozu","Ninja Scroll","Omamori","Paper Crane","Lantern","PreservedInsect"],"potions_floor_usage":[14,24,30],"damage_taken":[{"damage":0,"enemies":"2 Louse","floor":1,"turns":3},{"damage":1,"enemies":"Small Slimes","floor":3,"turns":4},{"damage":3,"enemies":"Jaw Worm","floor":5,"turns":6},{"damage":7,"enemies":"2 Fungi Beasts","floor":8,"turns":5},{"damage":0,"enemies":"Blue Slaver","floor":11,"turns":4},{"damage":15,"enemies":"Exordium Thugs","floor":14,"turns":4},{"damage":4,"enemies":"Hexaghost","floor":16,"turns":10},{"damage":32,"enemies":"3 Byrds","floor":18,"turns":4},{"damage":5,"enemies":"Chosen","floor":20,"turns":5},{"damage":45,"enemies":"Gremlin Leader","floor":24,"turns":7},{"damage":8,"enemies":"Snake Plant","floor":29,"turns":5},{"damage":5,"enemies":"Colosseum Slavers","floor":30,"turns":4},{"damage":55,"enemies":"Automaton","floor":33,"turns":12},{"damage":7,"enemies":"3 Shapes","floor":35,"turns":5},{"damage":0,"enemies":"Orb Walker","floor":38,"turns":4},{"damage":0,"enemies":"Writhing Mass","floor":39,"turns":8},{"damage":15,"enemies":"Transient","floor":41,"turns":6},{"damage":27,"enemies":"Giant Head","floor":44,"turns":11},{"damage":17,"enemies":"Jaw Worm Horde","floor":46,"turns":5},{"damage":10,"enemies":"4 Shapes","floor":48,"turns":6},{"damage":47,"enemies":"Time Eater","floor":50,"turns":11}],"seed_played":"8380880166582648716","potions_obtained":[{"floor":1,"key":"SkillPotion"},{"floor":8,"key":"Strength Potion"},{"floor":16,"key":"Energy Potion"}],"is_trial":false,"path_per_floor":["M","$","M","?","M","R","?","M","T","R","M","R","$","M","R","B",null,"M","$","M","?","?","R","E","R","T","?","R","M","?","T","R","B",null,"M","?","$","M","M","R","M","R","T","E","?","M","$","M","R","B"],"character_chosen":"THE_SILENT","items_purchased":["Noxious Fumes","Cloak And Dagger","Noxious Fumes","Footwork","Well Laid Plans","Catalyst"],"campfire_rested":6,"item_purchase_floors":[2,2,13,37,47,47],"current_hp_per_floor":[59,59,58,51,48,48,30,23,23,57,57,57,57,42,42,38,59,27,27,22,22,22,56,11,45,45,45,45,37,32,32,66,11,52,45,45,45,45,45,45,30,64,64,37,37,20,20,10,44,0],"gold":137,"neow_bonus":"RANDOM_COMMON_RELIC","is_prod":false,"is_daily":false,"chose_seed":false,"campfire_upgraded":5,"win_rate":0,"timestamp":1541880236,"path_taken":["M","$","M","?","M","R","?","M","T","R","M","R","$","M","R","BOSS","M","$","M","?","?","R","E","R","T","?","R","?","?","?","R","BOSS","M","?","$","M","M","R","M","R","T","E","?","M","$","M","R","BOSS"],"build_version":"2018-11-08","purchased_purges":2,"victory":false,"max_hp_per_floor":[66,66,66,66,66,66,66,66,66,66,66,66,66,66,66,66,66,66,66,66,66,66,66,66,66,66,66,66,66,66,66,66,66,66,66,66,66,66,66,66,66,66,66,66,66,66,66,66,66,66],"card_choices":[{"not_picked":["Reflex","Acrobatics","Expertise"],"picked":"SKIP","floor":1},{"not_picked":["Dagger Spray","Finisher"],"picked":"Backflip","floor":3},{"not_picked":["Deflect","Acrobatics"],"picked":"Quick Slash","floor":5},{"not_picked":["PiercingWail","Flechettes"],"picked":"Dodge and Roll","floor":8},{"not_picked":["Acrobatics","Choke"],"picked":"PiercingWail","floor":11},{"not_picked":["Concentrate","Bane"],"picked":"Cloak And Dagger","floor":14},{"not_picked":["A Thousand Cuts","Doppelganger"],"picked":"Burst","floor":16},{"not_picked":["Deflect","Dagger Throw"],"picked":"Sucker Punch","floor":18},{"not_picked":["Acrobatics","Deflect"],"picked":"Dagger Spray","floor":20},{"not_picked":["Cloak And Dagger","Acrobatics"],"picked":"Sucker Punch+1","floor":24},{"not_picked":["Bane+1","Outmaneuver","Choke+1"],"picked":"SKIP","floor":29},{"not_picked":["Envenom","Venomology"],"picked":"Die Die Die","floor":33},{"not_picked":["Deflect","Poisoned Stab"],"picked":"Backflip","floor":35},{"not_picked":["Dodge and Roll","Bane+1"],"picked":"Cloak And Dagger+1","floor":38},{"not_picked":["Sucker Punch","Backflip"],"picked":"Dodge and Roll","floor":39},{"not_picked":["Escape Plan","Dagger Throw"],"picked":"Footwork","floor":41},{"not_picked":["Tactician","Blade Dance+1","Deflect"],"picked":"SKIP","floor":44},{"not_picked":["Quick Slash","Corpse Explosion","Backstab"],"picked":"SKIP","floor":46},{"not_picked":["Prepared","Quick Slash+1"],"picked":"PiercingWail+1","floor":48}],"player_experience":964722,"relics_obtained":[{"floor":9,"key":"Snake Skull"},{"floor":24,"key":"Ninja Scroll"},{"floor":26,"key":"Omamori"},{"floor":31,"key":"Paper Crane"},{"floor":43,"key":"Lantern"},{"floor":44,"key":"PreservedInsect"}],"event_choices":[{"cards_removed":["Strike_G"],"damage_healed":0,"gold_gain":0,"player_choice":"Card Removal","damage_taken":7,"max_hp_gain":0,"max_hp_loss":0,"event_name":"Golden Wing","floor":4,"gold_loss":0},{"damage_healed":0,"gold_gain":0,"player_choice":"Success","damage_taken":18,"relics_obtained":["Regal Pillow"],"max_hp_gain":0,"max_hp_loss":0,"event_name":"Scrap Ooze","floor":7,"gold_loss":0},{"damage_healed":0,"gold_gain":0,"player_choice":"Ignored","damage_taken":0,"max_hp_gain":0,"max_hp_loss":0,"event_name":"Vampires","floor":21,"gold_loss":0},{"damage_healed":0,"gold_gain":0,"player_choice":"Read","damage_taken":0,"max_hp_gain":0,"max_hp_loss":0,"event_name":"The Library","floor":22,"gold_loss":0,"cards_obtained":["Cloak And Dagger"]},{"damage_healed":0,"gold_gain":0,"player_choice":"Smashed Altar","damage_taken":0,"max_hp_gain":0,"max_hp_loss":0,"event_name":"Forgotten Altar","floor":27,"gold_loss":0,"cards_obtained":["Decay"]},{"damage_healed":0,"gold_gain":0,"player_choice":"Fight","damage_taken":0,"max_hp_gain":0,"max_hp_loss":0,"event_name":"Colosseum","floor":30,"gold_loss":0},{"damage_healed":0,"gold_gain":0,"player_choice":"Fled From Nobs","damage_taken":0,"max_hp_gain":0,"max_hp_loss":0,"event_name":"Colosseum","floor":30,"gold_loss":0},{"damage_healed":0,"gold_gain":0,"player_choice":"Ignored","damage_taken":0,"max_hp_gain":0,"max_hp_loss":0,"event_name":"Mysterious Sphere","floor":36,"gold_loss":0},{"damage_healed":0,"gold_gain":0,"player_choice":"Ignored","damage_taken":0,"max_hp_gain":0,"max_hp_loss":0,"event_name":"Tomb of Lord Red Mask","floor":45,"gold_loss":0}],"is_beta":true,"boss_relics":[{"not_picked":["Black Star","Astrolabe"],"picked":"Sozu"},{"not_picked":["Snecko Eye","Orrery"],"picked":"Ring of the Serpent"}],"items_purged_floors":[19,37],"is_endless":false,"potions_floor_spawned":[1,8,16,29,33,44,46],"killed_by":"Time Eater","ascension_level":20}