{"gold_per_floor":[363,383,395,4,20,51,8,40,67,67,217,182,182,217,217,289,289,303,303,316,316,5,5,5,5,5,5],"floor_reached":27,"playtime":1113,"items_purged":[],"score":504,"play_id":"5d0b6b0b-0bcc-4138-8424-d8796c73e272","local_time":"20190428002108","is_ascension_mode":true,"campfire_choices":[{"floor":10,"key":"REST"},{"data":"Barrage","floor":13,"key":"SMITH"},{"data":"Defragment","floor":15,"key":"SMITH"},{"data":"Thunder Strike","floor":23,"key":"SMITH"},{"floor":25,"key":"REST"}],"neow_cost":"PERCENT_DAMAGE","seed_source_timestamp":454329412462334,"circlet_count":0,"master_deck":["AscendersBane","Defend_B","Defend_B","Defend_B","Defend_B","Zap","Dualcast","Barrage+1","Ball Lightning","White Noise","Ball Lightning","Core Surge","Good Instincts","Ball Lightning","Cold Snap","Defragment+1","Go for the Eyes","Ball Lightning","Thunder Strike+1","Leap+1","Bite","Bite","Bite","Bite","Bite","Cold Snap"],"relics":["Cracked Core","Omamori","Vajra","DataDisk","Ancient Tea Set","Velvet Choker","ClockworkSouvenir","Necronomicon","Prayer Wheel"],"potions_floor_usage":[6,18,27,27],"damage_taken":[{"damage":0,"enemies":"Cultist","floor":1,"turns":4},{"damage":7,"enemies":"2 Louse","floor":2,"turns":3},{"damage":0,"enemies":"Small Slimes","floor":3,"turns":2},{"damage":7,"enemies":"Looter","floor":5,"turns":3},{"damage":25,"enemies":"3 Sentries","floor":6,"turns":5},{"damage":5,"enemies":"Gremlin Nob","floor":8,"turns":3},{"damage":17,"enemies":"3 Sentries","floor":14,"turns":4},{"damage":5,"enemies":"The Guardian","floor":16,"turns":8},{"damage":30,"enemies":"Shell Parasite","floor":18,"turns":3},{"damage":11,"enemies":"2 Thieves","floor":20,"turns":2},{"damage":42,"enemies":"Slavers","floor":27,"turns":3}],"seed_played":"-4023588858067160225","potions_obtained":[{"floor":1,"key":"Ancient Potion"},{"floor":6,"key":"Energy Potion"}],"is_trial":false,"path_per_floor":["M","M","M","$","M","E","$","E","T","R","?","?","R","E","R","B",null,"M","?","M","?","$","R","?","R","T","E"],"character_chosen":"DEFECT","items_purchased":["Ball Lightning","Core Surge","Good Instincts","FocusPotion","Defragment","ClockworkSouvenir","Regen Potion"],"campfire_rested":2,"item_purchase_floors":[4,4,4,4,7,22,22],"current_hp_per_floor":[46,39,39,39,32,7,7,2,2,23,23,40,40,23,23,18,58,28,28,21,31,31,31,10,24,24,0],"gold":5,"neow_bonus":"TWO_FIFTY_GOLD","is_prod":false,"is_daily":false,"chose_seed":false,"campfire_upgraded":3,"win_rate":0,"timestamp":1556425268,"path_taken":["M","?","M","$","M","E","$","E","T","R","?","?","R","E","R","BOSS","M","?","M","?","$","R","?","R","T","E"],"build_version":"2019-01-23","purchased_purges":0,"victory":false,"max_hp_per_floor":[71,71,71,71,71,71,71,71,71,71,71,71,71,71,71,71,71,71,49,49,49,49,49,49,49,49,49],"card_choices":[{"not_picked":["Chaos","Turbo"],"picked":"Barrage","floor":1},{"not_picked":["Beam Cell","Leap"],"picked":"Ball Lightning","floor":2},{"not_picked":["Steam Power","Hello World"],"picked":"White Noise","floor":3},{"not_picked":["Scrape","Doom and Gloom"],"picked":"Ball Lightning","floor":5},{"not_picked":["Sunder","Stack"],"picked":"Cold Snap","floor":6},{"not_picked":["Hologram","Barrage"],"picked":"Go for the Eyes","floor":8},{"not_picked":["Reboot","Compile Driver"],"picked":"Ball Lightning","floor":14},{"not_picked":["Hyperbeam","Rainbow"],"picked":"Thunder Strike","floor":16},{"not_picked":["Gash","Darkness"],"picked":"Leap+1","floor":18},{"not_picked":["Compile Driver","Stack"],"picked":"Cold Snap","floor":20}],"player_experience":2015037,"relics_obtained":[{"floor":6,"key":"Omamori"},{"floor":8,"key":"Vajra"},{"floor":9,"key":"DataDisk"},{"floor":14,"key":"Ancient Tea Set"},{"floor":24,"key":"Necronomicon"},{"floor":26,"key":"Prayer Wheel"}],"event_choices":[{"damage_healed":0,"gold_gain":150,"player_choice":"AGREE","damage_taken":0,"max_hp_gain":0,"max_hp_loss":0,"event_name":"Liars Game","floor":11,"gold_loss":0,"cards_obtained":["Doubt"]},{"damage_healed":17,"gold_gain":0,"player_choice":"Healed","damage_taken":0,"max_hp_gain":0,"max_hp_loss":0,"event_name":"The Cleric","floor":12,"gold_loss":35},{"damage_healed":0,"gold_gain":0,"player_choice":"Became a vampire","damage_taken":0,"max_hp_gain":0,"max_hp_loss":22,"event_name":"Vampires","floor":19,"gold_loss":0,"cards_obtained":["Bite","Bite","Bite","Bite","Bite"]},{"damage_healed":10,"gold_gain":0,"player_choice":"Heal","damage_taken":0,"max_hp_gain":0,"max_hp_loss":0,"event_name":"The Library","floor":21,"gold_loss":0},{"damage_healed":0,"gold_gain":0,"player_choice":"Obtained Book","damage_taken":21,"max_hp_gain":0,"max_hp_loss":0,"event_name":"Cursed Tome","floor":24,"gold_loss":0}],"is_beta":false,"boss_relics":[{"not_picked":["Calling Bell","Lizard Tail"],"picked":"Velvet Choker"}],"items_purged_floors":[],"is_endless":false,"potions_floor_spawned":[1,6],"killed_by":"Slavers","ascension_level":20}