{"gold_per_floor":[12,24,24,99,118,143,158,158,226,226,254,19,19,39,39,111,111,121,121,121,11,24,105,105,122,204,204,234,19,19,38,38,117,117,135,145,73,17,32,62,79,79,79,79,79,0,16,28,28,28,28],"floor_reached":51,"playtime":4951,"items_purged":[],"score":1435,"play_id":"d8362f5b-5310-4395-9e67-11d97153485e","local_time":"20190412153942","is_ascension_mode":true,"campfire_choices":[{"data":"Crippling Poison","floor":8.0,"key":"SMITH"},{"floor":10.0,"key":"REST"},{"data":"Neutralize","floor":15.0,"key":"SMITH"},{"data":"Wraith Form v2","floor":24.0,"key":"SMITH"},{"data":"Footwork","floor":27.0,"key":"SMITH"},{"data":"Night Terror","floor":30.0,"key":"SMITH"},{"floor":32.0,"key":"RECALL"},{"data":"Night Terror","floor":44.0,"key":"SMITH"},{"data":"Blur","floor":49.0,"key":"SMITH"}],"neow_cost":"NO_GOLD","seed_source_timestamp":231718540974395,"circlet_count":0,"master_deck":["AscendersBane","Defend_G","Defend_G","Defend_G","Defend_G","Defend_G","Survivor","Neutralize+1","Crippling Poison+1","Poisoned Stab","Deadly Poison+1","Deflect","Footwork+1","Corpse Explosion","Deflect","Wraith Form v2+1","PiercingWail","Bite","Bite","Deflect+1","Blur+1","Night Terror+1","Night Terror+1","Blade Dance+1","Master of Strategy+1","Chrysalis+1","PiercingWail","Backflip","PiercingWail","Deflect+1","PiercingWail"],"special_seed":0,"relics":["Ring of the Snake","Ginger","Bird Faced Urn","Oddly Smooth Stone","Pen Nib","Runic Pyramid","Meat on the Bone","Bottled Tornado","Strawberry","ClockworkSouvenir","Astrolabe","Bag of Marbles","Pocketwatch","Omamori","Red Mask"],"potions_floor_usage":[51],"damage_taken":[{"damage":1.0,"enemies":"Small Slimes","floor":1.0,"turns":5.0},{"damage":2.0,"enemies":"Jaw Worm","floor":2.0,"turns":6.0},{"damage":0.0,"enemies":"Cultist","floor":5.0,"turns":5.0},{"damage":9.0,"enemies":"3 Sentries","floor":6.0,"turns":10.0},{"damage":25.0,"enemies":"Large Slime","floor":7.0,"turns":7.0},{"damage":19.0,"enemies":"Gremlin Nob","floor":11.0,"turns":4.0},{"damage":0.0,"enemies":"3 Louse","floor":14.0,"turns":1.0},{"damage":15.0,"enemies":"Slime Boss","floor":16.0,"turns":10.0},{"damage":6.0,"enemies":"3 Byrds","floor":18.0,"turns":5.0},{"damage":0.0,"enemies":"Chosen","floor":22.0,"turns":5.0},{"damage":4.0,"enemies":"Snake Plant","floor":25.0,"turns":5.0},{"damage":4.0,"enemies":"Book of Stabbing","floor":28.0,"turns":8.0},{"damage":0.0,"enemies":"Centurion and Healer","floor":31.0,"turns":9.0},{"damage":1.0,"enemies":"Automaton","floor":33.0,"turns":18.0},{"damage":0.0,"enemies":"3 Darklings","floor":35.0,"turns":5.0},{"damage":19.0,"enemies":"Orb Walker","floor":36.0,"turns":7.0},{"damage":18.0,"enemies":"Sphere and 2 Shapes","floor":39.0,"turns":18.0},{"damage":17.0,"enemies":"Nemesis","floor":40.0,"turns":17.0},{"damage":12.0,"enemies":"Jaw Worm Horde","floor":41.0,"turns":9.0},{"damage":2.0,"enemies":"Spire Growth","floor":47.0,"turns":13.0},{"damage":9.0,"enemies":"4 Shapes","floor":48.0,"turns":14.0},{"damage":38.0,"enemies":"Donu and Deca","floor":50.0,"turns":22.0},{"damage":61,"enemies":"Time Eater","floor":51,"turns":26}],"seed_played":"-3129346149703535811","potions_obtained":[{"floor":1.0,"key":"Fire Potion"},{"floor":5.0,"key":"GhostInAJar"},{"floor":7.0,"key":"FairyPotion"},{"floor":11.0,"key":"Poison Potion"},{"floor":31.0,"key":"Dexterity Potion"},{"floor":41.0,"key":"Dexterity Potion"}],"is_trial":false,"path_per_floor":["M","M","?","?","M","E","M","R","T","R","E","$","?","M","R","B",null,"M","?","?","?","M","T","R","M","T","R","E","$","R","M","R","B",null,"M","M","?","$","M","E","M","?","T","R","?","?","M","M","R","B","B"],"character_chosen":"THE_SILENT","items_purchased":["Footwork","Corpse Explosion","ClockworkSouvenir","Backflip"],"campfire_rested":1,"item_purchase_floors":[12,12,29,38],"current_hp_per_floor":[58,56,61,50,50,41,16,16,16,37,18,18,18,18,18,5,55,51,49,49,49,49,49,49,49,49,49,56,56,56,56,56,56,56,56,45,45,45,55,47,45,45,45,45,45,45,55,55,55,41,0],"gold":28,"neow_bonus":"ONE_RARE_RELIC","is_prod":false,"is_daily":false,"chose_seed":false,"campfire_upgraded":7,"win_rate":0,"timestamp":1555108782,"path_taken":["M","M","?","?","M","E","M","R","T","R","E","$","?","?","R","BOSS","M","?","?","?","?","?","R","M","T","R","E","?","R","M","R","BOSS","M","M","?","$","M","E","?","?","T","R","?","?","M","M","R","BOSS","BOSS"],"build_version":"2019-04-04","purchased_purges":0,"victory":false,"max_hp_per_floor":[66,66,71,71,71,71,71,71,71,71,71,71,71,71,71,71,71,71,49,49,49,49,49,49,49,49,49,56,56,56,56,56,56,56,56,56,56,56,56,56,56,56,56,56,56,56,56,56,56,56,56],"card_choices":[{"not_picked":["Bouncing Flask","Blur"],"picked":"Dash","floor":1.0},{"not_picked":["Footwork","Predator"],"picked":"Crippling Poison","floor":2.0},{"not_picked":["Distraction","Terror"],"picked":"Masterful Stab","floor":5.0},{"not_picked":["Deflect","Backflip"],"picked":"Poisoned Stab","floor":6.0},{"not_picked":["Backflip","Dagger Throw"],"picked":"Deadly Poison","floor":7.0},{"not_picked":["Blur","Cloak And Dagger"],"picked":"Deflect","floor":11.0},{"not_picked":["Phantasmal Killer","Dagger Throw"],"picked":"Deflect","floor":14.0},{"not_picked":["Unload","Envenom"],"picked":"Wraith Form v2","floor":16.0},{"not_picked":["Outmaneuver","Underhanded Strike"],"picked":"PiercingWail","floor":18.0},{"not_picked":["Escape Plan","Sucker Punch"],"picked":"Deflect+1","floor":22.0},{"not_picked":["Dagger Throw","Die Die Die"],"picked":"Blur","floor":25.0},{"not_picked":["Tactician","PiercingWail+1"],"picked":"Night Terror","floor":28.0},{"not_picked":["Dagger Spray","Poisoned Stab","Slice"],"picked":"SKIP","floor":31.0},{"not_picked":["Envenom","Corpse Explosion"],"picked":"Night Terror","floor":33.0},{"not_picked":["Flying Knee","Slice","Underhanded Strike"],"picked":"SKIP","floor":35.0},{"not_picked":["Poisoned Stab+1","Flying Knee+1"],"picked":"PiercingWail","floor":36.0},{"not_picked":["Deadly Poison","Quick Slash"],"picked":"PiercingWail","floor":39.0},{"not_picked":["Blade Dance","Acrobatics"],"picked":"Deflect+1","floor":40.0},{"not_picked":["Bouncing Flask","Doppelganger"],"picked":"PiercingWail","floor":41.0},{"not_picked":["Dagger Throw","Bane","Poisoned Stab"],"picked":"SKIP","floor":47.0},{"not_picked":["Dagger Throw","Deadly Poison","Backflip"],"picked":"SKIP","floor":48.0}],"player_experience":1455556,"relics_obtained":[{"floor":6.0,"key":"Bird Faced Urn"},{"floor":11.0,"key":"Oddly Smooth Stone"},{"floor":13.0,"key":"Pen Nib"},{"floor":23.0,"key":"Meat on the Bone"},{"floor":26.0,"key":"Bottled Tornado"},{"floor":28.0,"key":"Strawberry"},{"floor":40.0,"key":"Pocketwatch"},{"floor":43.0,"key":"Omamori"}],"event_choices":[{"damage_healed":0.0,"max_hp_gain":5.0,"max_hp_loss":0.0,"gold_gain":0.0,"event_name":"Big Fish","player_choice":"Donut","floor":3.0,"gold_loss":0.0,"damage_taken":0.0},{"damage_healed":0.0,"max_hp_gain":0.0,"max_hp_loss":0.0,"gold_gain":75.0,"event_name":"World of Goop","player_choice":"Gather Gold","floor":4.0,"gold_loss":0.0,"damage_taken":11.0},{"damage_healed":0.0,"max_hp_gain":0.0,"max_hp_loss":0.0,"gold_gain":0.0,"event_name":"Wheel of Change","player_choice":"Relic","floor":13.0,"gold_loss":0.0,"damage_taken":0.0},{"damage_healed":0.0,"max_hp_gain":0.0,"max_hp_loss":22.0,"gold_gain":0.0,"event_name":"Vampires","player_choice":"Became a vampire","floor":19.0,"gold_loss":0.0,"damage_taken":0.0,"cards_obtained":["Bite","Bite","Bite","Bite","Bite"]},{"damage_healed":0.0,"max_hp_gain":0.0,"max_hp_loss":0.0,"gold_gain":0.0,"event_name":"Cursed Tome","player_choice":"Ignored","floor":20.0,"gold_loss":0.0,"damage_taken":0.0},{"cards_removed":["Bite"],"damage_healed":0.0,"max_hp_gain":0.0,"max_hp_loss":0.0,"gold_gain":0.0,"event_name":"Designer","player_choice":"Upgrade and Remove","floor":21.0,"gold_loss":110.0,"damage_taken":0.0,"cards_upgraded":["Deadly Poison"]},{"damage_healed":0.0,"max_hp_gain":0.0,"max_hp_loss":0.0,"gold_gain":0.0,"event_name":"WeMeetAgain","player_choice":"Paid Gold","floor":37.0,"gold_loss":72.0,"damage_taken":0.0,"relics_obtained":["Bag of Marbles"]},{"damage_healed":0.0,"max_hp_gain":0.0,"max_hp_loss":0.0,"gold_gain":0.0,"event_name":"Mysterious Sphere","player_choice":"Ignored","floor":42.0,"gold_loss":0.0,"damage_taken":0.0},{"cards_removed":["Dash"],"damage_healed":0.0,"max_hp_gain":0.0,"max_hp_loss":0.0,"gold_gain":0.0,"event_name":"Falling","player_choice":"Removed Attack","floor":45.0,"gold_loss":0.0,"damage_taken":0.0},{"damage_healed":0.0,"max_hp_gain":0.0,"max_hp_loss":0.0,"gold_gain":0.0,"event_name":"Tomb of Lord Red Mask","player_choice":"Paid","floor":46.0,"gold_loss":79.0,"damage_taken":0.0,"relics_obtained":["Red Mask"]}],"is_beta":true,"boss_relics":[{"not_picked":["Empty Cage","Fusion Hammer"],"picked":"Runic Pyramid"},{"not_picked":["Black Star","Ring of the Serpent"],"picked":"Astrolabe"}],"items_purged_floors":[],"is_endless":false,"potions_floor_spawned":[1,5,7,11,31,33,35,36,41],"killed_by":"Time Eater","ascension_level":20}