{"gold_per_floor":[109,129,129,75,92,123,123,139,166,197,211,223,223,223,223,223],"floor_reached":16,"playtime":804,"items_purged":[],"score":224,"play_id":"84e1381e-e84a-4dc6-a212-d780d9771ff0","local_time":"20190502213630","is_ascension_mode":true,"campfire_choices":[{"data":"Neutralize","floor":7.0,"key":"SMITH"},{"floor":13,"key":"REST"},{"data":"Footwork","floor":15,"key":"SMITH"}],"neow_cost":"NONE","seed_source_timestamp":876621736652733,"circlet_count":0,"master_deck":["AscendersBane","Defend_G","Defend_G","Defend_G","Defend_G","Defend_G","Strike_G","Strike_G","Strike_G","Strike_G+1","Strike_G","Survivor","Neutralize+1","Riddle With Holes+1","Dagger Throw","Calculated Gamble","PiercingWail","Dagger Spray","Footwork+1","Deflect","Cloak And Dagger"],"special_seed":0,"relics":["Ring of the Snake","Boot","Ancient Tea Set","Happy Flower","PreservedInsect","SsserpentHead"],"potions_floor_usage":[10,16,16],"damage_taken":[{"damage":4.0,"enemies":"Small Slimes","floor":1.0,"turns":4.0},{"damage":1.0,"enemies":"Jaw Worm","floor":2.0,"turns":2.0},{"damage":0.0,"enemies":"Cultist","floor":5.0,"turns":2.0},{"damage":3.0,"enemies":"Gremlin Nob","floor":6.0,"turns":3.0},{"damage":0.0,"enemies":"Exordium Thugs","floor":8.0,"turns":3.0},{"damage":37,"enemies":"3 Sentries","floor":10,"turns":8},{"damage":3,"enemies":"Looter","floor":11,"turns":3},{"damage":0,"enemies":"Large Slime","floor":12,"turns":4},{"damage":26,"enemies":"The Guardian","floor":16,"turns":14}],"seed_played":"-3910647874561786061","potions_obtained":[{"floor":1.0,"key":"Regen Potion"},{"floor":10,"key":"Weak Potion"},{"floor":12,"key":"SkillPotion"}],"is_trial":false,"path_per_floor":["M","M","?","$","M","E","R","M","T","E","M","M","R","?","R","B"],"character_chosen":"THE_SILENT","items_purchased":["AttackPotion"],"campfire_rested":1,"item_purchase_floors":[4],"current_hp_per_floor":[55,54,34,34,34,31,31,31,31,9,6,6,25,25,25,0],"gold":223,"neow_bonus":"RANDOM_COMMON_RELIC","is_prod":false,"is_daily":false,"chose_seed":false,"campfire_upgraded":2,"win_rate":0,"timestamp":1556847390,"path_taken":["M","M","?","$","M","E","R","M","T","E","M","M","R","?","R","BOSS"],"build_version":"2019-01-23","purchased_purges":0,"victory":false,"max_hp_per_floor":[66,66,66,66,66,66,66,66,66,66,66,66,66,66,66,66],"card_choices":[{"not_picked":["Flying Knee","Sucker Punch"],"picked":"Riddle With Holes","floor":1.0},{"not_picked":["Prepared","Distraction"],"picked":"Dagger Throw","floor":2.0},{"not_picked":["Backflip","Poisoned Stab"],"picked":"Calculated Gamble","floor":5.0},{"not_picked":["Skewer","Finisher"],"picked":"PiercingWail","floor":6.0},{"not_picked":["Leg Sweep","Bane"],"picked":"Dagger Spray","floor":8.0},{"not_picked":["Concentrate","Glass Knife"],"picked":"Footwork","floor":10},{"not_picked":["Flying Knee","Deflect","Underhanded Strike"],"picked":"SKIP","floor":11},{"not_picked":["Flying Knee","Underhanded Strike"],"picked":"Deflect","floor":11},{"not_picked":["Backstab","Outmaneuver"],"picked":"Cloak And Dagger","floor":12}],"player_experience":2271865,"relics_obtained":[{"floor":6.0,"key":"Ancient Tea Set"},{"floor":9.0,"key":"Happy Flower"},{"floor":10,"key":"PreservedInsect"}],"event_choices":[{"damage_healed":0.0,"max_hp_gain":0.0,"max_hp_loss":0.0,"gold_gain":0.0,"event_name":"Shining Light","player_choice":"Entered Light","floor":3.0,"gold_loss":0.0,"damage_taken":20.0,"cards_upgraded":["Riddle With Holes","Strike_G"]},{"damage_healed":0,"gold_gain":0,"player_choice":"Trade","damage_taken":0,"relics_obtained":["SsserpentHead"],"max_hp_gain":0,"max_hp_loss":0,"event_name":"FaceTrader","floor":14,"gold_loss":0}],"is_beta":false,"boss_relics":[],"items_purged_floors":[],"is_endless":false,"potions_floor_spawned":[1,10,12],"killed_by":"The Guardian","ascension_level":20}