{"gold_per_floor":[112,128,155,52,64,64,90,90,90,90,102,121,121,184,184,261,261,273,223,239,251,264,264,278,307,333,49,49,63,80,80,80,157,157,172,46,46,46,60,88,188,208,208,208,218,235,235,247,247,247,247,247,247,77,104,104],"floor_reached":56,"playtime":2517,"items_purged":["Strike_B","Gash"],"score":1827,"play_id":"e92891eb-9019-48dd-9998-518aef96dc9a","local_time":"20190203134501","is_ascension_mode":true,"campfire_choices":[{"data":"Zap","floor":6.0,"key":"SMITH"},{"data":"Hologram","floor":8.0,"key":"SMITH"},{"data":"Defragment","floor":13.0,"key":"SMITH"},{"floor":15.0,"key":"REST"},{"data":"Sunder","floor":23.0,"key":"SMITH"},{"floor":28.0,"key":"REST"},{"floor":32.0,"key":"REST"},{"floor":44.0,"key":"REST"},{"floor":47.0,"key":"RECALL"},{"floor":49.0,"key":"REST"},{"data":"Echo Form","floor":53.0,"key":"SMITH"}],"neow_cost":"NONE","seed_source_timestamp":5933388910806,"circlet_count":0,"master_deck":["AscendersBane","Defend_B","Defend_B","Defend_B","Defend_B","Zap+1","Ball Lightning","Hologram+1","Conserve Battery","Capacitor","Ball Lightning","Sweeping Beam","Defragment+1","Glacier","Echo Form+1","Glacier+1","Tempest+1","Defragment+1","Ball Lightning","Conserve Battery","Sunder+1","Blizzard+1","Hologram+1","Reboot+1","Coolheaded+1","Defragment+1","Leap+1","Glacier+1","Stack+1","Coolheaded+1","Defragment+1","Coolheaded+1","BootSequence+1","Creative AI","Coolheaded+1"],"special_seed":0,"relics":["Philosopher\u0027s Stone","Vajra","FossilizedHelix","Question Card","Bag of Marbles","Astrolabe","Dodecahedron","Smiling Mask","Toxic Egg 2","Orrery","Letter Opener","Prayer Wheel","Kunai","Happy Flower"],"potions_floor_usage":[55,55,55,55,55,55],"damage_taken":[{"damage":0.0,"enemies":"Cultist","floor":1.0,"turns":4.0},{"damage":7.0,"enemies":"2 Louse","floor":2.0,"turns":2.0},{"damage":7.0,"enemies":"Small Slimes","floor":5.0,"turns":3.0},{"damage":31.0,"enemies":"3 Sentries","floor":7.0,"turns":7.0},{"damage":0.0,"enemies":"Red Slaver","floor":11.0,"turns":3.0},{"damage":0.0,"enemies":"3 Louse","floor":12.0,"turns":3.0},{"damage":6.0,"enemies":"3 Sentries","floor":14.0,"turns":4.0},{"damage":5.0,"enemies":"The Guardian","floor":16.0,"turns":9.0},{"damage":4.0,"enemies":"3 Byrds","floor":18.0,"turns":4.0},{"damage":0.0,"enemies":"Chosen","floor":20.0,"turns":4.0},{"damage":12.0,"enemies":"3 Cultists","floor":21.0,"turns":5.0},{"damage":0.0,"enemies":"Sentry and Sphere","floor":22.0,"turns":7.0},{"damage":0.0,"enemies":"Snecko","floor":24.0,"turns":6.0},{"damage":13.0,"enemies":"Book of Stabbing","floor":25.0,"turns":5.0},{"damage":11.0,"enemies":"Centurion and Healer","floor":29.0,"turns":7.0},{"damage":22.0,"enemies":"Snake Plant","floor":30.0,"turns":4.0},{"damage":30.0,"enemies":"Collector","floor":33.0,"turns":6.0},{"damage":0.0,"enemies":"3 Shapes","floor":35.0,"turns":6.0},{"damage":0.0,"enemies":"Orb Walker","floor":39.0,"turns":5.0},{"damage":29.0,"enemies":"Giant Head","floor":40.0,"turns":12.0},{"damage":0.0,"enemies":"Mind Bloom Boss Battle","floor":41.0,"turns":4.0},{"damage":0.0,"enemies":"Spire Growth","floor":42.0,"turns":6.0},{"damage":0.0,"enemies":"Maw","floor":45.0,"turns":8.0},{"damage":0.0,"enemies":"Sphere and 2 Shapes","floor":46.0,"turns":6.0},{"damage":0.0,"enemies":"Spire Growth","floor":48.0,"turns":7.0},{"damage":5.0,"enemies":"Time Eater","floor":50.0,"turns":16.0},{"damage":14.0,"enemies":"Donu and Deca","floor":51.0,"turns":15.0},{"damage":56,"enemies":"Shield and Spear","floor":55,"turns":11},{"damage":12,"enemies":"The Heart","floor":56,"turns":3}],"seed_played":"3650618707779124528","potions_obtained":[{"floor":1.0,"key":"GamblersBrew"},{"floor":12.0,"key":"AttackPotion"},{"floor":14.0,"key":"GamblersBrew"},{"floor":16.0,"key":"Ancient Potion"},{"floor":25.0,"key":"FocusPotion"},{"floor":33.0,"key":"Energy Potion"},{"floor":42.0,"key":"Explosive Potion"}],"is_trial":false,"path_per_floor":["M","M","T","$","M","R","E","R","T","$","M","M","R","?","R","B",null,"M","?","M","M","M","R","M","E","T","$","R","M","M","?","R","B",null,"M","$","T","?","M","E","?","M","T","R","M","M","R","M","R","B","B",null,"R","$","E","B"],"character_chosen":"DEFECT","items_purchased":["Conserve Battery","Toxic Egg 2","Glacier+1","EntropicBrew","Swift Potion"],"campfire_rested":5,"item_purchase_floors":[4,27,36,54,54],"current_hp_per_floor":[64,57,57,57,50,50,19,19,19,19,19,19,19,13,34,29,61,57,57,57,45,45,45,45,32,32,32,53,42,20,20,41,11,56,56,56,56,56,56,27,27,27,27,48,48,48,48,48,69,64,50,66,66,66,10,0],"gold":104,"neow_bonus":"BOSS_RELIC","is_prod":false,"is_daily":false,"chose_seed":false,"campfire_upgraded":5,"win_rate":0,"timestamp":1549226701,"path_taken":["M","M","?","?","M","R","E","R","T","$","?","M","R","?","R","BOSS","M","?","?","M","M","R","M","E","T","$","R","M","M","?","R","BOSS","M","$","?","?","?","E","?","M","T","R","M","M","R","M","R","BOSS","BOSS","R","$","E","BOSS"],"build_version":"2019-01-23","purchased_purges":2,"victory":false,"max_hp_per_floor":[71,71,71,71,71,71,71,71,71,71,71,71,71,71,71,71,71,71,71,71,71,71,71,71,71,71,71,71,71,71,71,71,71,71,71,71,71,71,71,71,71,71,71,71,71,71,71,71,71,71,71,71,71,71,71,71],"card_choices":[{"not_picked":["Chaos","Self Repair"],"picked":"Ball Lightning","floor":1.0},{"not_picked":["Barrage","Turbo"],"picked":"Hologram","floor":2.0},{"not_picked":["Go for the Eyes","Buffer"],"picked":"Capacitor","floor":5.0},{"not_picked":["Turbo","Hello World"],"picked":"Ball Lightning","floor":7.0},{"not_picked":["Tempest","Capacitor","Streamline"],"picked":"Sweeping Beam","floor":11.0},{"not_picked":["Skim","Storm","Recycle"],"picked":"Defragment","floor":12.0},{"not_picked":["Leap","Hologram","Conserve Battery"],"picked":"Glacier","floor":14.0},{"not_picked":["Thunder Strike","Buffer","Multi-Cast"],"picked":"Echo Form","floor":16.0},{"not_picked":["Turbo+1","Steam","Steam Power"],"picked":"Ball Lightning","floor":18.0},{"not_picked":["Hologram","Sweeping Beam","White Noise"],"picked":"Conserve Battery","floor":20.0},{"not_picked":["Heatsinks","Static Discharge","Conserve Battery","Streamline"],"picked":"SKIP","floor":21.0},{"not_picked":["Aggregate","Compile Driver","Steam Power"],"picked":"Sunder","floor":22.0},{"not_picked":["Stack","Conserve Battery","Hologram","Auto Shields+1"],"picked":"SKIP","floor":24.0},{"not_picked":["Static Discharge","Self Repair","Stack","Cold Snap"],"picked":"SKIP","floor":25.0},{"not_picked":["FTL","Reinforced Body+1","Stack+1"],"picked":"Blizzard+1","floor":29.0},{"not_picked":["Streamline","Conserve Battery+1","Stack+1"],"picked":"Hologram+1","floor":30.0},{"not_picked":["Multi-Cast+1","Buffer","Amplify+1"],"picked":"Reboot+1","floor":33.0},{"not_picked":["Leap+1","Self Repair","Compile Driver"],"picked":"Coolheaded+1","floor":34.0},{"not_picked":["Barrage","Storm","Redo+1"],"picked":"Defragment","floor":34.0},{"not_picked":["Barrage","Turbo+1","Rebound"],"picked":"Leap+1","floor":34.0},{"not_picked":["Rip and Tear","Sweeping Beam","Steam+1","Gash"],"picked":"SKIP","floor":35.0},{"not_picked":["Meteor Strike","Self Repair","Static Discharge"],"picked":"Stack+1","floor":39.0},{"not_picked":["Streamline","Force Field+1","Chill+1","Rebound+1"],"picked":"SKIP","floor":40.0},{"not_picked":["Self Repair","Darkness+1","Chaos+1"],"picked":"Coolheaded+1","floor":41.0},{"not_picked":["Rebound","Cold Snap","Gash"],"picked":"Defragment+1","floor":42.0},{"not_picked":["Compile Driver","Turbo+1","Conserve Battery+1","Sweeping Beam+1"],"picked":"SKIP","floor":42.0},{"not_picked":["Sweeping Beam","Steam Power+1","Auto Shields+1"],"picked":"Coolheaded+1","floor":45.0},{"not_picked":["Melter","Go for the Eyes","Stack+1","Static Discharge+1"],"picked":"SKIP","floor":45.0},{"not_picked":["Turbo+1","Cold Snap","Steam Power+1"],"picked":"BootSequence+1","floor":46.0},{"not_picked":["Ball Lightning","Blizzard","Leap+1"],"picked":"Creative AI","floor":46.0},{"not_picked":["Redo+1","Genetic Algorithm+1","BootSequence+1"],"picked":"Coolheaded+1","floor":48.0},{"not_picked":["Hologram+1","Storm","Go for the Eyes+1","Redo+1"],"picked":"SKIP","floor":48.0},{"not_picked":["Consume+1","Biased Cognition","Compile Driver","Leap+1"],"picked":"SKIP","floor":55}],"player_experience":1070206,"relics_obtained":[{"floor":3.0,"key":"Vajra"},{"floor":7.0,"key":"FossilizedHelix"},{"floor":9.0,"key":"Question Card"},{"floor":14.0,"key":"Bag of Marbles"},{"floor":25.0,"key":"Dodecahedron"},{"floor":26.0,"key":"Smiling Mask"},{"floor":40.0,"key":"Letter Opener"},{"floor":41.0,"key":"Prayer Wheel"},{"floor":43.0,"key":"Kunai"},{"floor":55,"key":"Happy Flower"}],"event_choices":[{"damage_healed":0.0,"max_hp_gain":0.0,"max_hp_loss":0.0,"gold_gain":0.0,"event_name":"Dead Adventurer","player_choice":"Searched \u00272\u0027 times","floor":14.0,"gold_loss":0.0,"damage_taken":0.0},{"damage_healed":0.0,"max_hp_gain":0.0,"max_hp_loss":0.0,"gold_gain":0.0,"event_name":"The Joust","player_choice":"Bet on Owner","floor":19.0,"gold_loss":50.0,"damage_taken":0.0},{"damage_healed":0.0,"max_hp_gain":0.0,"max_hp_loss":0.0,"gold_gain":0.0,"cards_transformed":["Dualcast"],"event_name":"Transmorgrifier","player_choice":"Transformed","floor":31.0,"gold_loss":0.0,"damage_taken":0.0,"cards_obtained":["Gash"]},{"damage_healed":0.0,"max_hp_gain":0.0,"max_hp_loss":0.0,"gold_gain":0.0,"event_name":"Accursed Blacksmith","player_choice":"Forge","floor":38.0,"gold_loss":0.0,"damage_taken":0.0,"cards_upgraded":["Defragment"]},{"damage_healed":0.0,"max_hp_gain":0.0,"max_hp_loss":0.0,"gold_gain":0.0,"event_name":"MindBloom","player_choice":"Fight","floor":41.0,"gold_loss":0.0,"damage_taken":0.0}],"is_beta":true,"boss_relics":[{"not_picked":["Calling Bell","Inserter"],"picked":"Astrolabe"},{"not_picked":["Pandora\u0027s Box","Snecko Eye"],"picked":"Orrery"}],"items_purged_floors":[4,36],"is_endless":false,"potions_floor_spawned":[1,12,14,16,20,25,30,33,39,40,42,46,48],"killed_by":"The Heart","ascension_level":20}