{"gold_per_floor":[13,13,25,25,41,67,67,101,175,205,205,205],"floor_reached":12,"playtime":404,"items_purged":[],"score":192,"play_id":"cbf829f4-3feb-46c8-bd3f-a208f6217780","local_time":"20190502042154","is_ascension_mode":true,"campfire_choices":[{"data":"Twin Strike","floor":7.0,"key":"SMITH"}],"neow_cost":"NO_GOLD","seed_source_timestamp":815080274498079,"circlet_count":0,"master_deck":["AscendersBane","Strike_R","Strike_R","Strike_R","Strike_R","Strike_R+1","Defend_R","Defend_R","Defend_R","Defend_R","Bash+1","Twin Strike+1","Cleave+1","Anger","Spot Weakness","Carnage"],"special_seed":0,"relics":["Burning Blood","Peace Pipe","Turnip","Strawberry","Singing Bowl","Whetstone","Frozen Egg 2"],"potions_floor_usage":[],"damage_taken":[{"damage":2.0,"enemies":"Cultist","floor":1.0,"turns":4.0},{"damage":11.0,"enemies":"2 Louse","floor":3.0,"turns":3.0},{"damage":2.0,"enemies":"Jaw Worm","floor":5.0,"turns":3.0},{"damage":32.0,"enemies":"Gremlin Nob","floor":6.0,"turns":4.0},{"damage":32.0,"enemies":"Lagavulin","floor":8.0,"turns":6.0},{"damage":8.0,"enemies":"Gremlin Nob","floor":10.0,"turns":3.0},{"damage":16,"enemies":"Blue Slaver","floor":12,"turns":2}],"seed_played":"5894010862733974867","potions_obtained":[{"floor":1.0,"key":"SpeedPotion"},{"floor":8.0,"key":"SkillPotion"}],"is_trial":false,"path_per_floor":["M","?","M","$","M","E","R","E","T","E","?","M"],"character_chosen":"IRONCLAD","items_purchased":[],"campfire_rested":0,"item_purchase_floors":[],"current_hp_per_floor":[72,72,67,67,71,45,45,26,26,24,6,0],"gold":205,"neow_bonus":"ONE_RARE_RELIC","is_prod":false,"is_daily":false,"chose_seed":false,"campfire_upgraded":1,"win_rate":0,"timestamp":1556785314,"path_taken":["M","?","M","?","M","E","R","E","T","E","?","M"],"build_version":"2019-01-23","purchased_purges":0,"victory":false,"max_hp_per_floor":[75,75,75,75,75,75,75,82,82,82,82,82],"card_choices":[{"not_picked":["Corruption","Sword Boomerang"],"picked":"Twin Strike","floor":1.0},{"not_picked":["Body Slam","Havoc","Second Wind"],"picked":"SKIP","floor":3.0},{"not_picked":["Clash","Body Slam"],"picked":"Cleave","floor":5.0},{"not_picked":["Sentinel","Thunderclap"],"picked":"Anger","floor":6.0},{"not_picked":["Body Slam","Iron Wave"],"picked":"Spot Weakness","floor":8.0},{"not_picked":["Second Wind","Warcry"],"picked":"Carnage","floor":10.0}],"player_experience":2227104,"relics_obtained":[{"floor":6.0,"key":"Turnip"},{"floor":8.0,"key":"Strawberry"},{"floor":9.0,"key":"Singing Bowl"},{"floor":10.0,"key":"Whetstone"}],"event_choices":[{"damage_healed":0.0,"max_hp_gain":0.0,"max_hp_loss":0.0,"gold_gain":0.0,"event_name":"Accursed Blacksmith","player_choice":"Forge","floor":2.0,"gold_loss":0.0,"damage_taken":0.0,"cards_upgraded":["Bash"]},{"damage_healed":0.0,"max_hp_gain":0.0,"max_hp_loss":0.0,"gold_gain":0.0,"event_name":"Scrap Ooze","player_choice":"Success","floor":11.0,"gold_loss":0.0,"damage_taken":18.0,"relics_obtained":["Frozen Egg 2"]}],"is_beta":false,"boss_relics":[],"items_purged_floors":[],"is_endless":false,"potions_floor_spawned":[1,8],"killed_by":"Blue Slaver","ascension_level":20}