{"path_per_floor":["M","$","M","M","$","R","M","R","T","?","M","R","M","M","R","B",null,"M","?","M","M"],"character_chosen":"IRONCLAD","items_purchased":["Flex"],"gold_per_floor":[110,35,49,68,19,19,30,30,100,100,112,112,128,143,143,245,245,265,265,279,293,293],"floor_reached":22,"campfire_rested":1,"playtime":418,"current_hp_per_floor":[65,65,56,40,40,40,33,33,33,33,28,28,27,26,50,1,80,50,50,34,13,0],"items_purged":["Defend_R"],"gold":293,"score":180,"play_id":"9632ac04-32b3-4945-adb7-68ff9351c2c9","local_time":"20180414113148","is_prod":false,"is_daily":false,"chose_seed":false,"is_ascension_mode":false,"campfire_upgraded":3,"timestamp":1523730708,"path_taken":["M","$","?","M","$","R","M","R","T","?","M","R","M","M","R","BOSS","M","?","M","M","M"],"build_version":"2018-04-12","seed_source_timestamp":224781244769532,"purchased_purges":1,"victory":false,"master_deck":["Strike_R","Strike_R","Strike_R","Strike_R","Defend_R","Defend_R","Bash","Flex+1","Clash","Rampage+1","Flex+1","Clash","Flex","Limit Break","Shrug It Off+1","Dropkick","Dual Wield+1"],"max_hp_per_floor":[80,80,80,80,80,80,80,80,80,80,80,80,80,80,80,80,80,80,80,80,80,80],"relics":["Runic Pyramid"],"card_choices":[{"not_picked":["Spot Weakness","Dual Wield"],"picked":"Flex","floor":1},{"not_picked":["Armaments","Twin Strike"],"picked":"Clash","floor":3},{"not_picked":["Uppercut","Second Wind"],"picked":"Rampage","floor":4},{"not_picked":["Uppercut","Iron Wave"],"picked":"Clash","floor":13},{"not_picked":["Feel No Pain","Spot Weakness"],"picked":"Flex","floor":14},{"not_picked":["Dark Embrace","Berserk"],"picked":"Limit Break","floor":16},{"not_picked":["Warcry","Anger"],"picked":"Shrug It Off","floor":18},{"not_picked":["Shrug It Off","Infernal Blade"],"picked":"Dropkick","floor":20},{"not_picked":["Fire Breathing","Iron Wave"],"picked":"Dual Wield","floor":21}],"player_experience":465407,"potions_floor_usage":[13,16,20,20],"damage_taken":[{"damage":15,"enemies":"Cultist","floor":1,"turns":4},{"damage":9,"enemies":"2 Louse","floor":3,"turns":3},{"damage":16,"enemies":"Jaw Worm","floor":4,"turns":4},{"damage":7,"enemies":"3 Louse","floor":7,"turns":2},{"damage":5,"enemies":"Looter","floor":11,"turns":2},{"damage":10,"enemies":"Large Slime","floor":13,"turns":4},{"damage":1,"enemies":"2 Fungi Beasts","floor":14,"turns":3},{"damage":49,"enemies":"The Guardian","floor":16,"turns":8},{"damage":30,"enemies":"Shell Parasite","floor":18,"turns":4},{"damage":16,"enemies":"Chosen","floor":20,"turns":6},{"damage":21,"enemies":"Snake Plant","floor":21,"turns":4},{"damage":20,"enemies":"Sentry and Sphere","floor":22,"turns":3}],"event_choices":[{"event_name":"Purifier","player_choice":"One Purge","floor":10,"damage_taken":0},{"event_name":"Back to Basics","player_choice":"Elegance","floor":19,"damage_taken":0}],"boss_relics":[{"not_picked":["Sozu","Philosopher\u0027s Stone","Mark of Pain"]}],"potions_floor_spawned":[3,11,16,18],"seed_played":"8982357595255374594","killed_by":"Sentry and Sphere","ascension_level":0,"is_trial":false}