{"gold_per_floor":[118,129,0,16,91,119,119,269,269,314,314,314,339,357,357,434,434,451,466,466,482,106,106,106],"floor_reached":24,"playtime":1040,"items_purged":["Regret","Doubt"],"score":408,"play_id":"2b3368ef-68f4-42c8-9126-ad3c541e5128","local_time":"20190403043713","is_ascension_mode":true,"campfire_choices":[{"data":"Zap","floor":7,"key":"SMITH"},{"floor":12,"key":"REST"},{"data":"Rainbow","floor":15,"key":"SMITH"},{"data":"Coolheaded","floor":23,"key":"SMITH"}],"neow_cost":"CURSE","seed_source_timestamp":152075372797932,"circlet_count":0,"master_deck":["AscendersBane","Strike_B","Strike_B","Strike_B","Strike_B","Defend_B","Defend_B","Defend_B","Defend_B","Zap+1","Dualcast","Rainbow+1","Melter","Coolheaded+1","Electrodynamics","Parasite","Cold Snap","Fission+1","BootSequence+1","Redo+1","Ghostly+1","Ghostly+1","Ghostly+1","Go for the Eyes+1","Finesse+1"],"relics":["Cracked Core","Cables","Toxic Egg 2","Oddly Smooth Stone","Singing Bowl","Sozu","Vajra"],"potions_floor_usage":[6,13,16,16],"damage_taken":[{"damage":9,"enemies":"Small Slimes","floor":1,"turns":3},{"damage":2,"enemies":"2 Louse","floor":2,"turns":2},{"damage":5,"enemies":"Jaw Worm","floor":4,"turns":2},{"damage":26,"enemies":"Gremlin Nob","floor":6,"turns":4},{"damage":13,"enemies":"3 Sentries","floor":13,"turns":3},{"damage":4,"enemies":"Looter","floor":14,"turns":3},{"damage":40,"enemies":"The Guardian","floor":16,"turns":13},{"damage":11,"enemies":"Chosen","floor":18,"turns":4},{"damage":8,"enemies":"3 Byrds","floor":19,"turns":4},{"damage":0,"enemies":"3 Cultists","floor":21,"turns":3},{"damage":37,"enemies":"Book of Stabbing","floor":24,"turns":7}],"seed_played":"-9166032440780128280","potions_obtained":[{"floor":1,"key":"Ancient Potion"},{"floor":6,"key":"LiquidBronze"},{"floor":13,"key":"SneckoOil"}],"is_trial":false,"path_per_floor":["M","M","$","M","?","E","R","?","T","T","?","R","E","M","R","B",null,"M","M","?","M","$","R","E"],"character_chosen":"DEFECT","items_purchased":["Explosive Potion","Vajra","Finesse+1"],"campfire_rested":1,"item_purchase_floors":[3,22,22],"current_hp_per_floor":[55,53,53,48,48,22,22,22,22,22,39,60,47,45,45,5,56,45,37,36,36,36,36,0],"gold":106,"neow_bonus":"THREE_RARE_CARDS","is_prod":false,"is_daily":false,"chose_seed":false,"campfire_upgraded":3,"win_rate":0,"timestamp":1554280633,"path_taken":["M","M","$","M","?","E","R","?","T","?","?","R","E","M","R","BOSS","M","M","?","M","$","R","E"],"build_version":"2019-01-23","purchased_purges":2,"victory":false,"max_hp_per_floor":[71,71,71,71,71,71,71,71,71,71,71,71,71,73,73,73,73,73,73,36,36,36,36,36],"card_choices":[{"not_picked":["Biased Cognition","Multi-Cast"],"picked":"Rainbow","floor":0},{"not_picked":["Conserve Battery","Beam Cell"],"picked":"Melter","floor":1},{"not_picked":["Redo","Lockon","Double Energy"],"picked":"SKIP","floor":2},{"not_picked":["Steam","Lockon"],"picked":"Coolheaded","floor":4},{"not_picked":["Hologram","Chill"],"picked":"Electrodynamics","floor":6},{"not_picked":["Sweeping Beam","Gash"],"picked":"Cold Snap","floor":13},{"not_picked":["Compile Driver","Beam Cell","Go for the Eyes"],"picked":"Singing Bowl","floor":14},{"not_picked":["Rainbow+1","Machine Learning"],"picked":"Fission+1","floor":16},{"not_picked":["Storm","Lockon"],"picked":"BootSequence+1","floor":18},{"not_picked":["Steam+1","Leap+1"],"picked":"Redo+1","floor":19},{"not_picked":["Compile Driver","Ball Lightning"],"picked":"Go for the Eyes+1","floor":21}],"player_experience":1558226,"relics_obtained":[{"floor":6,"key":"Cables"},{"floor":9,"key":"Toxic Egg 2"},{"floor":10,"key":"Oddly Smooth Stone"},{"floor":13,"key":"Singing Bowl"}],"event_choices":[{"damage_healed":0,"gold_gain":75,"player_choice":"Gained Gold","damage_taken":0,"max_hp_gain":0,"max_hp_loss":0,"event_name":"Golden Wing","floor":5,"gold_loss":0},{"damage_healed":0,"gold_gain":150,"player_choice":"AGREE","damage_taken":0,"max_hp_gain":0,"max_hp_loss":0,"event_name":"Liars Game","floor":8,"gold_loss":0,"cards_obtained":["Doubt"]},{"damage_healed":17,"gold_gain":0,"player_choice":"Healed and dodged fight","damage_taken":0,"max_hp_gain":0,"max_hp_loss":0,"event_name":"Mushrooms","floor":11,"gold_loss":0,"cards_obtained":["Parasite"]},{"damage_healed":0,"gold_gain":0,"player_choice":"Became a Ghost","damage_taken":0,"max_hp_gain":0,"max_hp_loss":37,"event_name":"Ghosts","floor":20,"gold_loss":0,"cards_obtained":["Ghostly","Ghostly","Ghostly"]}],"is_beta":false,"boss_relics":[{"not_picked":["Runic Dome","Inserter"],"picked":"Sozu"}],"items_purged_floors":[3,22],"is_endless":false,"potions_floor_spawned":[1,6,13,19,21],"killed_by":"Book of Stabbing","ascension_level":20}