{"path_per_floor":["M","M","?","?","$","E","?","?","T","M","E","M","E","M","R","B",null,"M","?","?","$","?"],"character_chosen":"IRONCLAD","items_purchased":["Membership Card","Bag of Marbles","Mummified Hand"],"gold_per_floor":[116,128,128,378,109,136,211,211,211,231,258,278,304,320,320,399,399,413,413,328,12,12,12],"floor_reached":23,"campfire_rested":0,"playtime":934,"current_hp_per_floor":[74,75,68,68,68,74,63,75,75,75,53,54,56,52,52,35,65,58,58,58,58,58,0],"items_purged":["Regret"],"gold":12,"score":406,"play_id":"ff718d20-0f6f-49a1-b25a-ad02e1ad0a3e","local_time":"20180414152607","is_prod":false,"is_daily":false,"chose_seed":false,"is_ascension_mode":true,"campfire_upgraded":1,"timestamp":1523733967,"path_taken":["M","M","?","?","$","E","?","?","T","?","E","M","E","M","R","BOSS","M","?","?","$","?","E"],"build_version":"2018-04-12","seed_source_timestamp":150202988056329,"purchased_purges":2,"victory":false,"master_deck":["Strike_R","Strike_R","Strike_R","Strike_R","Defend_R","Defend_R","Defend_R","Defend_R","Bash","AscendersBane","Inflame","Evolve","Reckless Charge","Shrug It Off","Power Through","Limit Break+1","Double Tap","Heavy Blade"],"max_hp_per_floor":[75,75,75,75,75,75,75,75,75,75,75,75,75,75,75,75,75,75,75,75,75,75,75],"relics":["Burning Blood","NeowsBlessing","Membership Card","Happy Flower","Du-Vu Doll","Bag of Preparation","Runic Dome","Question Card","Bag of Marbles","Mummified Hand"],"card_choices":[{"not_picked":["Armaments","Searing Blow"],"picked":"Rupture","floor":1},{"not_picked":["Carnage","Heavy Blade"],"picked":"Inflame","floor":2},{"not_picked":["Whirlwind","Body Slam"],"picked":"Evolve","floor":6},{"not_picked":["Perfected Strike","Brutality"],"picked":"Reckless Charge","floor":10},{"not_picked":["Twin Strike","Flex"],"picked":"Shrug It Off","floor":12},{"not_picked":["Combust","Armaments"],"picked":"Power Through","floor":13},{"not_picked":["Intimidate","Pommel Strike"],"picked":"Limit Break","floor":14},{"not_picked":["Dark Embrace","Impervious"],"picked":"Double Tap","floor":16}],"player_experience":865319,"potions_floor_usage":[11,13,13,16],"damage_taken":[{"damage":0,"enemies":"2 Louse","floor":1,"turns":1},{"damage":0,"enemies":"Jaw Worm","floor":2,"turns":1},{"damage":0,"enemies":"Lagavulin","floor":6,"turns":1},{"damage":0,"enemies":"Cultist","floor":10,"turns":4},{"damage":34,"enemies":"Gremlin Nob","floor":11,"turns":5},{"damage":5,"enemies":"2 Fungi Beasts","floor":12,"turns":4},{"damage":16,"enemies":"3 Sentries","floor":13,"turns":9},{"damage":10,"enemies":"Large Slime","floor":14,"turns":6},{"damage":23,"enemies":"Slime Boss","floor":16,"turns":8},{"damage":13,"enemies":"Chosen","floor":18,"turns":4},{"damage":75,"enemies":"Gremlin Leader","floor":23,"turns":8}],"event_choices":[{"event_name":"Golden Wing","player_choice":"Card Removal","floor":3,"damage_taken":0},{"event_name":"Golden Shrine","player_choice":"Desecrate","floor":4,"damage_taken":0},{"event_name":"World of Goop","player_choice":"Gather Gold","floor":7,"damage_taken":0},{"event_name":"Bonfire Elementals","player_choice":"UNCOMMON","floor":8,"damage_taken":0},{"event_name":"The Library","player_choice":"Read","floor":19,"damage_taken":0},{"event_name":"Addict","player_choice":"Obtained Relic","floor":20,"damage_taken":0},{"event_name":"Beggar","player_choice":"Ignored","floor":22,"damage_taken":0}],"boss_relics":[{"not_picked":["Orrery","Ectoplasm"],"picked":"Runic Dome"}],"potions_floor_spawned":[6,10,11,14],"seed_played":"-1654423059198648932","killed_by":"Gremlin Leader","ascension_level":15,"is_trial":false}