{"gold_per_floor":[368,380,394,412,426,426,451,451,451,451],"floor_reached":10,"playtime":369,"items_purged":[],"score":140,"play_id":"bb9a578b-cb34-4902-8eb6-38afd14785d3","local_time":"20190423043309","is_ascension_mode":true,"campfire_choices":[{"data":"Armaments","floor":6,"key":"SMITH"},{"data":"Bash","floor":8,"key":"SMITH"}],"neow_cost":"TEN_PERCENT_HP_LOSS","seed_source_timestamp":38165140934059,"circlet_count":0,"master_deck":["AscendersBane","Strike_R","Strike_R","Strike_R","Strike_R","Strike_R","Defend_R","Defend_R","Defend_R","Defend_R","Bash+1","Armaments+1","Anger","Pommel Strike","Perfected Strike"],"relics":["Burning Blood","Self Forming Clay","Frozen Egg 2"],"potions_floor_usage":[5,7],"damage_taken":[{"damage":13,"enemies":"Cultist","floor":1,"turns":5},{"damage":6,"enemies":"Jaw Worm","floor":2,"turns":6},{"damage":1,"enemies":"Small Slimes","floor":3,"turns":3},{"damage":7,"enemies":"2 Fungi Beasts","floor":4,"turns":4},{"damage":20,"enemies":"Gremlin Gang","floor":5,"turns":4},{"damage":32,"enemies":"Lagavulin","floor":7,"turns":6},{"damage":25,"enemies":"Gremlin Nob","floor":10,"turns":3}],"seed_played":"2221488964095276111","potions_obtained":[{"floor":3,"key":"LiquidBronze"},{"floor":5,"key":"Strength Potion"}],"is_trial":false,"path_per_floor":["M","M","M","M","M","R","E","R","T","E"],"character_chosen":"IRONCLAD","items_purchased":[],"campfire_rested":0,"item_purchase_floors":[],"current_hp_per_floor":[61,61,66,65,51,51,25,25,25,0],"gold":451,"neow_bonus":"TWO_FIFTY_GOLD","is_prod":false,"is_daily":false,"chose_seed":false,"campfire_upgraded":2,"win_rate":0,"timestamp":1556008389,"path_taken":["M","?","M","M","M","R","E","R","T","E"],"build_version":"2019-01-23","purchased_purges":0,"victory":false,"max_hp_per_floor":[68,68,68,68,68,68,68,68,68,68],"card_choices":[{"not_picked":["Clash","Warcry"],"picked":"Armaments","floor":1},{"not_picked":["Warcry","Thunderclap"],"picked":"Anger","floor":2},{"not_picked":["Havoc","Entrench"],"picked":"Pommel Strike","floor":3},{"not_picked":["Anger","Intimidate"],"picked":"Perfected Strike","floor":4},{"not_picked":["Flex","Pommel Strike","Sword Boomerang"],"picked":"SKIP","floor":5},{"not_picked":["Warcry","Armaments","Fire Breathing"],"picked":"SKIP","floor":7}],"player_experience":1886011,"relics_obtained":[{"floor":7,"key":"Self Forming Clay"},{"floor":9,"key":"Frozen Egg 2"}],"event_choices":[],"is_beta":false,"boss_relics":[],"items_purged_floors":[],"is_endless":false,"potions_floor_spawned":[3,5],"killed_by":"Gremlin Nob","ascension_level":20}