{"gold_per_floor":[119,134,110,121,17,17,43,43,43,43,59,39,54,82,82,161,161,172,172,172,183,199,199,227,240,240,240],"floor_reached":27,"playtime":1156,"items_purged":[],"score":511,"play_id":"aaf21f68-fd9e-4316-a963-82b2c2da4c28","local_time":"20190428193007","is_ascension_mode":true,"campfire_choices":[{"data":"Dagger Spray","floor":6,"key":"SMITH"},{"data":"Neutralize","floor":8,"key":"SMITH"},{"data":"Noxious Fumes","floor":15,"key":"SMITH"},{"floor":23,"key":"REST"}],"neow_cost":"NONE","seed_source_timestamp":523233588525972,"circlet_count":0,"master_deck":["AscendersBane","Defend_G","Defend_G","Defend_G","Defend_G","Defend_G","Strike_G","Strike_G","Strike_G","Strike_G","Survivor","Neutralize+1","Choke","Poisoned Stab","Dagger Spray+1","Masterful Stab","Dash","Backflip","Escape Plan","Noxious Fumes+1","Die Die Die","After Image","Bouncing Flask","Cloak And Dagger+1","Malaise"],"relics":["Ring of the Snake","NeowsBlessing","Pear","Singing Bowl","Thread and Needle","Philosopher\u0027s Stone","Bottled Tornado","Blue Candle"],"potions_floor_usage":[7,16,22,24,24],"damage_taken":[{"damage":0,"enemies":"Cultist","floor":1,"turns":1},{"damage":0,"enemies":"2 Louse","floor":2,"turns":1},{"damage":0,"enemies":"Small Slimes","floor":4,"turns":1},{"damage":8,"enemies":"Gremlin Nob","floor":7,"turns":3},{"damage":16,"enemies":"Gremlin Gang","floor":11,"turns":3},{"damage":0,"enemies":"3 Louse","floor":13,"turns":1},{"damage":19,"enemies":"Lagavulin","floor":14,"turns":7},{"damage":11,"enemies":"Hexaghost","floor":16,"turns":8},{"damage":9,"enemies":"Spheric Guardian","floor":18,"turns":4},{"damage":16,"enemies":"2 Thieves","floor":21,"turns":3},{"damage":8,"enemies":"Snecko","floor":22,"turns":4},{"damage":35,"enemies":"Gremlin Leader","floor":24,"turns":6},{"damage":12,"enemies":"Cultist and Chosen","floor":25,"turns":6},{"damage":7,"enemies":"3 Cultists","floor":27,"turns":3}],"seed_played":"-7144160309228023133","potions_obtained":[{"floor":1,"key":"Strength Potion"},{"floor":2,"key":"Ancient Potion"},{"floor":7,"key":"Strength Potion"},{"floor":11,"key":"Energy Potion"},{"floor":21,"key":"Weak Potion"},{"floor":22,"key":"Regen Potion"}],"is_trial":false,"path_per_floor":["M","M","$","M","$","R","E","R","T","$","M","?","M","E","R","B",null,"M","?","?","M","M","R","E","M","T","M"],"character_chosen":"THE_SILENT","items_purchased":["Dagger Spray","Dash","Backflip"],"campfire_rested":1,"item_purchase_floors":[3,5,5],"current_hp_per_floor":[59,59,59,59,59,59,61,61,61,61,47,47,47,28,28,17,63,54,32,32,16,10,35,15,5,5,0],"gold":240,"neow_bonus":"THREE_ENEMY_KILL","is_prod":false,"is_daily":false,"chose_seed":false,"campfire_upgraded":3,"win_rate":0,"timestamp":1556494207,"path_taken":["M","M","$","?","?","R","E","R","T","?","M","?","?","E","R","BOSS","M","?","?","M","M","R","E","M","T","?"],"build_version":"2019-01-23","purchased_purges":0,"victory":false,"max_hp_per_floor":[66,66,66,66,66,66,76,76,76,76,78,78,78,78,78,78,78,78,83,83,83,85,85,85,87,87,87],"card_choices":[{"not_picked":["Bane","Flying Knee"],"picked":"Choke","floor":1},{"not_picked":["Leg Sweep","Flying Knee"],"picked":"Poisoned Stab","floor":2},{"not_picked":["Choke","Dagger Throw"],"picked":"Masterful Stab","floor":4},{"not_picked":["Dodge and Roll","Prepared"],"picked":"Escape Plan","floor":7},{"not_picked":["Predator","Eviscerate","Sucker Punch"],"picked":"Singing Bowl","floor":11},{"not_picked":["Heel Hook","Bane"],"picked":"Noxious Fumes","floor":13},{"not_picked":["Flechettes","Sucker Punch"],"picked":"Die Die Die","floor":14},{"not_picked":["Tools of the Trade","Venomology"],"picked":"After Image","floor":16},{"not_picked":["Deflect","Dagger Spray"],"picked":"Bouncing Flask","floor":18},{"not_picked":["Acrobatics","Bane"],"picked":"Cloak And Dagger+1","floor":21},{"not_picked":["Setup","Flechettes","Skewer"],"picked":"Singing Bowl","floor":22},{"not_picked":["Flying Knee","Prepared"],"picked":"Malaise","floor":24},{"not_picked":["Underhanded Strike","Quick Slash","Predator+1"],"picked":"Singing Bowl","floor":25}],"player_experience":2052240,"relics_obtained":[{"floor":7,"key":"Pear"},{"floor":9,"key":"Singing Bowl"},{"floor":14,"key":"Thread and Needle"},{"floor":24,"key":"Bottled Tornado"},{"floor":26,"key":"Blue Candle"}],"event_choices":[{"damage_healed":0,"gold_gain":0,"player_choice":"Bought 1 Potion","damage_taken":0,"max_hp_gain":0,"max_hp_loss":0,"event_name":"The Woman in Blue","floor":12,"gold_loss":0},{"damage_healed":0,"gold_gain":0,"player_choice":"Shed Blood","damage_taken":27,"max_hp_gain":5,"max_hp_loss":0,"event_name":"Forgotten Altar","floor":19,"gold_loss":0},{"cards_removed":["Strike_G"],"damage_healed":0,"gold_gain":0,"player_choice":"Purged","damage_taken":0,"max_hp_gain":0,"max_hp_loss":0,"event_name":"Purifier","floor":20,"gold_loss":0}],"is_beta":false,"boss_relics":[{"not_picked":["Eternal Feather","Velvet Choker"],"picked":"Philosopher\u0027s Stone"}],"items_purged_floors":[],"is_endless":false,"potions_floor_spawned":[1,2,7,11,21,22],"killed_by":"3 Cultists","ascension_level":20}