{"path_per_floor":["M","$","M","?","$","E","M","R","T","$","?","M","?","?","R","B",null,"M","?","M","?","$","R","M","R","T","M","R","M","$","M","R"],"character_chosen":"THE_SILENT","items_purchased":["Paper Crane","Mercury Hourglass","Noxious Fumes","Dagger Throw"],"gold_per_floor":[362,116,135,285,28,58,74,74,99,24,24,44,105,105,105,176,176,190,190,206,206,106,106,122,122,122,138,138,150,51,67,67,67],"floor_reached":33,"campfire_rested":1,"playtime":1307,"current_hp_per_floor":[29,29,26,26,26,8,7,26,26,26,26,26,26,42,42,34,58,58,58,54,54,54,54,35,35,35,24,24,24,24,24,24,0],"items_purged":["Doubt","Parasite"],"gold":67,"score":429,"play_id":"3636a5aa-015b-4d7e-bbce-8150854b72ea","local_time":"20180412011959","is_prod":false,"is_daily":false,"is_ascension_mode":true,"campfire_upgraded":5,"timestamp":1523510399,"path_taken":["M","$","M","?","$","E","M","R","T","$","?","M","?","?","R","BOSS","M","?","M","?","$","R","M","R","T","M","R","M","?","?","R","BOSS"],"build_version":"2018-04-05v2","purchased_purges":3,"victory":false,"master_deck":["Defend_G","Defend_G+1","Defend_G","Defend_G","Defend_G+1","Strike_G","Strike_G","Strike_G","Strike_G","Strike_G","Survivor","Neutralize","AscendersBane","Catalyst+1","Dagger Throw","Dash","Deadly Poison","Deadly Poison","Tactician+1","Catalyst+1","Calculated Gamble+1","Backstab+1","Noxious Fumes","Dagger Throw","Reflex+1"],"max_hp_per_floor":[66,66,66,66,66,66,66,66,66,66,66,66,66,66,66,66,66,66,66,66,66,63,63,63,63,63,63,63,63,63,63,63,63],"relics":["Ring of the Snake","Paper Crane","Mercury Hourglass","Letter Opener","War Paint","Thread and Needle","Sozu","Torii"],"card_choices":[{"not_picked":["Sucker Punch","Cloak And Dagger"],"picked":"Catalyst","floor":1},{"not_picked":["Dodge and Roll","Quick Slash"],"picked":"Dagger Throw","floor":3},{"not_picked":["Poisoned Stab","Choke"],"picked":"Dash","floor":6},{"not_picked":["A Thousand Cuts","Escape Plan"],"picked":"Deadly Poison","floor":7},{"not_picked":["Finisher","Cloak And Dagger"],"picked":"Deadly Poison","floor":12},{"not_picked":["Tools of the Trade","Bullet Time"],"picked":"Tactician","floor":16},{"not_picked":["Escape Plan","Backstab"],"picked":"Calculated Gamble","floor":24},{"not_picked":["Terror","Dagger Throw"],"picked":"Backstab","floor":29},{"not_picked":["Bane","PiercingWail"],"picked":"Reflex","floor":31}],"player_experience":829397,"potions_floor_usage":[6,27],"damage_taken":[{"damage":1,"enemies":"Jaw Worm","floor":1,"turns":7},{"damage":3,"enemies":"2 Louse","floor":3,"turns":3},{"damage":18,"enemies":"Lagavulin","floor":6,"turns":8},{"damage":1,"enemies":"Cultist","floor":7,"turns":4},{"damage":0,"enemies":"Exordium Wildlife","floor":12,"turns":3},{"damage":8,"enemies":"The Guardian","floor":16,"turns":9},{"damage":0,"enemies":"Chosen","floor":18,"turns":4},{"damage":4,"enemies":"Shell Parasite","floor":20,"turns":3},{"damage":19,"enemies":"Centurion and Healer","floor":24,"turns":6},{"damage":11,"enemies":"Sentry and Sphere","floor":27,"turns":5},{"damage":0,"enemies":"Snecko","floor":29,"turns":4},{"damage":0,"enemies":"3 Cultists","floor":31,"turns":5},{"damage":58,"enemies":"Automaton","floor":33,"turns":6}],"event_choices":[{"event_name":"Liars Game","player_choice":"agreed","floor":4,"damage_taken":0},{"event_name":"Dead Adventurer","player_choice":"Searched \u00271\u0027 times","floor":11,"damage_taken":0},{"event_name":"Golden Wing","player_choice":"Gained Gold","floor":13,"damage_taken":0},{"event_name":"Mushrooms","player_choice":"Healed and dodged fight","floor":14,"damage_taken":0},{"event_name":"The Library","player_choice":"Read","floor":19,"damage_taken":0},{"event_name":"Ghosts","player_choice":"Ignored","floor":21,"damage_taken":0}],"boss_relics":[{"not_picked":["Eternal Feather","Runic Dome"],"picked":"Sozu"}],"potions_floor_spawned":[1,6,16,20,27,31],"seed_played":"5451754278452618130","killed_by":"Automaton","ascension_level":15,"is_trial":false}