{"gold_per_floor":[114,130,130,150,150,150,179,179,179,240,254,31,31,62,62,137,137,137,137,137,137,137,137,137],"floor_reached":24,"playtime":1322,"items_purged":[],"score":378,"play_id":"90717301-40ef-4213-9249-f5858d6f541f","local_time":"20190325210337","is_ascension_mode":true,"campfire_choices":[{"data":"Zap","floor":6,"key":"SMITH"},{"data":"Consume","floor":8,"key":"SMITH"},{"floor":15,"key":"REST"},{"data":"Static Discharge","floor":23,"key":"SMITH"}],"neow_cost":"NONE","seed_source_timestamp":760647727796347,"circlet_count":0,"master_deck":["AscendersBane","Strike_B","Strike_B","Strike_B+1","Defend_B","Defend_B","Defend_B","Defend_B","Zap+1","Dualcast","Cold Snap","Leap","Ball Lightning+1","Static Discharge+1","Consume+1","Auto Shields","Cold Snap","Defragment","Compile Driver","Core Surge","Hologram","Undo","Creative AI"],"relics":["Cracked Core","Gambling Chip","Shuriken","Tiny Chest","Regal Pillow","Bag of Preparation","Ectoplasm"],"potions_floor_usage":[7,10,14,22],"damage_taken":[{"damage":2,"enemies":"Small Slimes","floor":1,"turns":4},{"damage":0,"enemies":"2 Louse","floor":2,"turns":3},{"damage":0,"enemies":"Cultist","floor":4,"turns":3},{"damage":16,"enemies":"3 Sentries","floor":7,"turns":8},{"damage":5,"enemies":"Lagavulin","floor":10,"turns":5},{"damage":6,"enemies":"Looter","floor":11,"turns":2},{"damage":18,"enemies":"3 Sentries","floor":14,"turns":5},{"damage":13,"enemies":"Hexaghost","floor":16,"turns":9},{"damage":6,"enemies":"Shell Parasite","floor":18,"turns":4},{"damage":14,"enemies":"3 Byrds","floor":19,"turns":4},{"damage":5,"enemies":"Centurion and Healer","floor":21,"turns":8},{"damage":0,"enemies":"Cultist and Chosen","floor":22,"turns":6},{"damage":39,"enemies":"Gremlin Leader","floor":24,"turns":5}],"seed_played":"-1885128384310980166","potions_obtained":[{"floor":2,"key":"EssenceOfSteel"},{"floor":5,"key":"GamblersBrew"},{"floor":5,"key":"Regen Potion"},{"floor":7,"key":"AttackPotion"},{"floor":16,"key":"GamblersBrew"},{"floor":21,"key":"Ancient Potion"}],"is_trial":false,"path_per_floor":["M","M","?","M","?","R","E","R","T","E","M","$","?","E","R","B",null,"M","M","?","M","M","R","E"],"character_chosen":"DEFECT","items_purchased":["Defragment","Regal Pillow"],"campfire_rested":1,"item_purchase_floors":[12,12],"current_hp_per_floor":[62,62,55,55,55,55,54,54,54,49,43,43,22,4,40,27,60,54,40,40,35,35,35,0],"gold":137,"neow_bonus":"THREE_CARDS","is_prod":false,"is_daily":false,"chose_seed":false,"campfire_upgraded":3,"win_rate":0,"timestamp":1553562217,"path_taken":["M","M","?","M","?","R","E","R","T","E","?","$","?","E","R","BOSS","M","M","?","M","M","R","E"],"build_version":"2019-01-23","purchased_purges":0,"victory":false,"max_hp_per_floor":[71,71,71,71,71,71,71,71,71,71,71,71,71,71,71,71,71,71,71,71,71,71,71,71],"card_choices":[{"not_picked":["Consume","FTL"],"picked":"Cold Snap","floor":0},{"not_picked":["Beam Cell","Stack"],"picked":"Leap","floor":1},{"not_picked":["Undo","Go for the Eyes"],"picked":"Ball Lightning","floor":2},{"not_picked":["Redo","Rip and Tear"],"picked":"Static Discharge","floor":4},{"not_picked":["Amplify","Ball Lightning"],"picked":"Consume","floor":7},{"not_picked":["Redo","Gash"],"picked":"Auto Shields","floor":10},{"not_picked":["Compile Driver","Stack"],"picked":"Cold Snap","floor":11},{"not_picked":["Streamline","Barrage"],"picked":"Compile Driver","floor":14},{"not_picked":["Fission","Biased Cognition"],"picked":"Core Surge","floor":16},{"not_picked":["Leap","Steam","Steam Power"],"picked":"SKIP","floor":18},{"not_picked":["Sweeping Beam","Compile Driver"],"picked":"Hologram","floor":19},{"not_picked":["Leap","Doom and Gloom"],"picked":"Undo","floor":21},{"not_picked":["Darkness","Cold Snap"],"picked":"Creative AI","floor":22}],"player_experience":1406531,"relics_obtained":[{"floor":7,"key":"Gambling Chip"},{"floor":9,"key":"Shuriken"},{"floor":10,"key":"Tiny Chest"},{"floor":14,"key":"Bag of Preparation"}],"event_choices":[{"cards_removed":["Strike_B"],"damage_healed":0,"gold_gain":0,"player_choice":"Card Removal","damage_taken":7,"max_hp_gain":0,"max_hp_loss":0,"event_name":"Golden Wing","floor":3,"gold_loss":0},{"damage_healed":0,"gold_gain":0,"player_choice":"Got Potions","damage_taken":0,"max_hp_gain":0,"max_hp_loss":0,"event_name":"Lab","floor":5,"gold_loss":0},{"damage_healed":0,"gold_gain":0,"player_choice":"Entered Light","damage_taken":21,"max_hp_gain":0,"max_hp_loss":0,"event_name":"Shining Light","floor":13,"gold_loss":0,"cards_upgraded":["Ball Lightning","Strike_B"]},{"damage_healed":0,"gold_gain":0,"player_choice":"Ignored","damage_taken":0,"max_hp_gain":0,"max_hp_loss":0,"event_name":"Golden Shrine","floor":20,"gold_loss":0}],"is_beta":false,"boss_relics":[{"not_picked":["Orrery","Eternal Feather"],"picked":"Ectoplasm"}],"items_purged_floors":[],"is_endless":false,"potions_floor_spawned":[2,7,16,21],"killed_by":"Gremlin Leader","ascension_level":15}