{"gold_per_floor":[112,128,128,128,25,356,356,381,381,381,399,425,443,8,8,86,86,105,105,115,127,127,127,160,160,209,209,9,27,27,54,54,133,133,149,0,15,34,34],"floor_reached":39,"playtime":2704,"items_purged":[],"score":790,"play_id":"35cd9149-0988-4af6-bd50-567367ac2b7d","local_time":"20190325000100","is_ascension_mode":true,"campfire_choices":[{"floor":7,"key":"REST"},{"data":"Sunder","floor":10,"key":"SMITH"},{"data":"Go for the Eyes","floor":15,"key":"SMITH"},{"data":"Defragment","floor":23,"key":"SMITH"},{"data":"Undo","floor":25,"key":"SMITH"},{"data":"Panacea","floor":27,"key":"SMITH"},{"floor":32,"key":"REST"}],"neow_cost":"NONE","seed_source_timestamp":683506505222434,"circlet_count":0,"master_deck":["AscendersBane","Defend_B","Defend_B","Defend_B","Defend_B","Zap+1","Dualcast","Defragment+1","Cold Snap","Go for the Eyes+1","Cold Snap","Sunder+1","Reinforced Body","Undo+1","Self Repair+1","Go for the Eyes+1","Panacea+1","Reboot","Echo Form+1","Leap","Loop+1","FTL+1","Scrape+1","Bite+1","Bite+1","Bite+1","Bite+1","Bite+1","Sweeping Beam+1","Seek","Ball Lightning+1"],"relics":["Cracked Core","Frozen Egg 2","Old Coin","PreservedInsect","Shuriken","Bottled Lightning","Membership Card","Kunai","Busted Crown","Sundial","Molten Egg 2","Oddly Smooth Stone","Sozu","Red Mask"],"potions_floor_usage":[8,20,24,33,39],"damage_taken":[{"damage":0,"enemies":"Small Slimes","floor":1,"turns":3},{"damage":7,"enemies":"Jaw Worm","floor":2,"turns":3},{"damage":24,"enemies":"3 Sentries","floor":6,"turns":8},{"damage":7,"enemies":"Lagavulin","floor":8,"turns":7},{"damage":0,"enemies":"Cultist","floor":11,"turns":2},{"damage":5,"enemies":"3 Sentries","floor":12,"turns":4},{"damage":0,"enemies":"Large Slime","floor":13,"turns":4},{"damage":22,"enemies":"Hexaghost","floor":16,"turns":14},{"damage":0,"enemies":"Chosen","floor":18,"turns":5},{"damage":0,"enemies":"3 Byrds","floor":20,"turns":4},{"damage":7,"enemies":"Centurion and Healer","floor":21,"turns":7},{"damage":25,"enemies":"Slavers","floor":24,"turns":9},{"damage":14,"enemies":"Snake Plant","floor":29,"turns":4},{"damage":36,"enemies":"Gremlin Leader","floor":31,"turns":6},{"damage":42,"enemies":"Collector","floor":33,"turns":9},{"damage":20,"enemies":"3 Darklings","floor":35,"turns":5},{"damage":0,"enemies":"Orb Walker","floor":37,"turns":4},{"damage":21,"enemies":"Writhing Mass","floor":38,"turns":8},{"damage":85,"enemies":"2 Orb Walkers","floor":39,"turns":5}],"seed_played":"139295731284558562","potions_obtained":[{"floor":1,"key":"Poison Potion"},{"floor":12,"key":"SpeedPotion"},{"floor":18,"key":"GamblersBrew"},{"floor":31,"key":"Poison Potion"},{"floor":33,"key":"Regen Potion"}],"is_trial":false,"path_per_floor":["M","M","?","?","$","E","R","E","T","R","M","E","M","$","R","B",null,"M","?","M","M","?","R","E","R","T","R","$","M","?","E","R","B",null,"M","?","M","M","?"],"character_chosen":"DEFECT","items_purchased":["Go for the Eyes","Cold Snap","Membership Card","Kunai","Go for the Eyes","Panacea","Reboot","Molten Egg 2","Loop+1","FTL+1"],"campfire_rested":2,"item_purchase_floors":[5,5,14,14,14,14,14,28,28,28],"current_hp_per_floor":[71,64,64,53,53,29,52,45,45,45,45,40,40,40,40,28,66,76,76,78,78,78,78,63,63,63,63,63,49,49,37,53,42,51,47,47,54,54,0],"gold":34,"neow_bonus":"TEN_PERCENT_HP_BONUS","is_prod":false,"is_daily":false,"chose_seed":false,"campfire_upgraded":5,"win_rate":0,"timestamp":1553486460,"path_taken":["M","M","?","?","$","E","R","E","T","R","M","E","M","$","R","BOSS","M","?","?","M","?","R","E","R","T","R","$","M","?","E","R","BOSS","M","?","M","M","?"],"build_version":"2019-01-23","purchased_purges":0,"victory":false,"max_hp_per_floor":[78,78,78,78,78,78,78,78,78,78,78,78,78,78,78,78,78,78,78,78,78,78,78,78,78,78,78,78,78,54,54,54,54,54,54,54,54,54,54],"card_choices":[{"not_picked":["Conserve Battery","Turbo"],"picked":"Defragment","floor":1},{"not_picked":["Steam","Turbo"],"picked":"Cold Snap","floor":2},{"not_picked":["Beam Cell","Turbo","Barrage"],"picked":"SKIP","floor":6},{"not_picked":["Redo","Amplify"],"picked":"Sunder","floor":8},{"not_picked":["Rebound","Beam Cell"],"picked":"Reinforced Body","floor":11},{"not_picked":["Steam","Leap"],"picked":"Undo","floor":12},{"not_picked":["Doom and Gloom","Steam"],"picked":"Self Repair+1","floor":13},{"not_picked":["Rainbow","Fission"],"picked":"Echo Form+1","floor":16},{"not_picked":["Stack"],"picked":"SKIP","floor":18},{"not_picked":["Chaos"],"picked":"SKIP","floor":20},{"not_picked":[],"picked":"Leap","floor":21},{"not_picked":["Rip and Tear"],"picked":"SKIP","floor":24},{"not_picked":[],"picked":"Scrape+1","floor":29},{"not_picked":[],"picked":"Sweeping Beam+1","floor":31},{"not_picked":[],"picked":"Seek","floor":33},{"not_picked":["Conserve Battery"],"picked":"SKIP","floor":35},{"not_picked":["Steam"],"picked":"SKIP","floor":37},{"not_picked":[],"picked":"Ball Lightning+1","floor":38}],"player_experience":1389600,"relics_obtained":[{"floor":6,"key":"Old Coin"},{"floor":8,"key":"PreservedInsect"},{"floor":9,"key":"Shuriken"},{"floor":12,"key":"Bottled Lightning"},{"floor":24,"key":"Sundial"},{"floor":31,"key":"Oddly Smooth Stone"}],"event_choices":[{"damage_healed":0,"gold_gain":0,"player_choice":"Grow","damage_taken":0,"max_hp_gain":0,"max_hp_loss":0,"event_name":"Living Wall","floor":3,"gold_loss":0,"cards_upgraded":["Zap"]},{"damage_healed":0,"gold_gain":0,"player_choice":"Success","damage_taken":11,"relics_obtained":["Frozen Egg 2"],"max_hp_gain":0,"max_hp_loss":0,"event_name":"Scrap Ooze","floor":4,"gold_loss":0},{"damage_healed":0,"gold_gain":0,"player_choice":"Forge","damage_taken":0,"max_hp_gain":0,"max_hp_loss":0,"event_name":"Accursed Blacksmith","floor":19,"gold_loss":0,"cards_upgraded":["Go for the Eyes"]},{"damage_healed":0,"gold_gain":0,"player_choice":"Ignored","damage_taken":0,"max_hp_gain":0,"max_hp_loss":0,"event_name":"The Mausoleum","floor":22,"gold_loss":0},{"damage_healed":0,"gold_gain":0,"player_choice":"Became a vampire","damage_taken":0,"max_hp_gain":0,"max_hp_loss":24,"event_name":"Vampires","floor":30,"gold_loss":0,"cards_obtained":["Bite","Bite","Bite","Bite","Bite"]},{"damage_healed":0,"gold_gain":0,"player_choice":"Paid","damage_taken":0,"relics_obtained":["Red Mask"],"max_hp_gain":0,"max_hp_loss":0,"event_name":"Tomb of Lord Red Mask","floor":36,"gold_loss":149},{"damage_healed":0,"gold_gain":0,"player_choice":"Fight","damage_taken":0,"max_hp_gain":0,"max_hp_loss":0,"event_name":"Mysterious Sphere","floor":39,"gold_loss":0}],"is_beta":false,"boss_relics":[{"not_picked":["Cursed Key","FrozenCore"],"picked":"Busted Crown"},{"not_picked":["Runic Pyramid","Tiny House"],"picked":"Sozu"}],"items_purged_floors":[],"is_endless":false,"potions_floor_spawned":[1,12,18,31,33,35,38],"killed_by":"2 Orb Walkers","ascension_level":15}