{"gold_per_floor":[113,127,127,402,421,421,452,452,499,499,509,93,103,103,103,182,182,192,206,206,225,245,245,262,262,262,262,58,8,8,23,23,23],"floor_reached":33,"playtime":1582,"items_purged":["Regret","Clumsy","Strike_G"],"score":494,"play_id":"75c720ed-e2fa-48be-80ee-0420bb2e00e0","local_time":"20190408011637","is_ascension_mode":true,"campfire_choices":[{"data":"Deadly Poison","floor":6,"key":"SMITH"},{"floor":8,"key":"REST"},{"data":"Masterful Stab","floor":10,"key":"SMITH"},{"data":"Crippling Poison","floor":15,"key":"SMITH"},{"floor":23,"key":"REST"},{"data":"After Image","floor":25,"key":"SMITH"},{"data":"After Image","floor":27,"key":"SMITH"},{"floor":30,"key":"REST"},{"data":"Burst","floor":32,"key":"SMITH"}],"neow_cost":"CURSE","seed_source_timestamp":571561447902234,"circlet_count":0,"master_deck":["AscendersBane","Defend_G","Defend_G","Defend_G","Defend_G","Defend_G","Strike_G","Strike_G","Strike_G","Strike_G","Survivor","Neutralize+1","Deadly Poison+1","Masterful Stab+1","Dash","PiercingWail","Crippling Poison+1","Burst+1","Deflect","After Image+1","After Image+1","Well Laid Plans","Blur","Caltrops"],"relics":["Ring of the Snake","Smiling Mask","Oddly Smooth Stone","Sozu","Bottled Lightning"],"potions_floor_usage":[7,16],"damage_taken":[{"damage":8,"enemies":"Small Slimes","floor":1,"turns":6},{"damage":4,"enemies":"2 Louse","floor":2,"turns":4},{"damage":2,"enemies":"Cultist","floor":5,"turns":3},{"damage":56,"enemies":"Gremlin Nob","floor":7,"turns":5},{"damage":8,"enemies":"Blue Slaver","floor":11,"turns":3},{"damage":1,"enemies":"2 Fungi Beasts","floor":13,"turns":4},{"damage":6,"enemies":"Hexaghost","floor":16,"turns":7},{"damage":4,"enemies":"2 Thieves","floor":18,"turns":4},{"damage":17,"enemies":"Chosen","floor":19,"turns":6},{"damage":13,"enemies":"3 Cultists","floor":21,"turns":8},{"damage":9,"enemies":"Centurion and Healer","floor":22,"turns":10},{"damage":29,"enemies":"Shelled Parasite and Fungi","floor":24,"turns":5},{"damage":1,"enemies":"Snake Plant","floor":31,"turns":4},{"damage":50,"enemies":"Collector","floor":33,"turns":12}],"seed_played":"187231610786530960","potions_obtained":[{"floor":1,"key":"SmokeBomb"},{"floor":5,"key":"Poison Potion"}],"is_trial":false,"path_per_floor":["M","M","?","?","M","R","E","R","T","R","M","$","M","?","R","B",null,"M","M","?","M","M","R","M","R","T","R","$","$","R","M","R","B"],"character_chosen":"THE_SILENT","items_purchased":["Oddly Smooth Stone","Burst","SkillPotion","Blur","Caltrops"],"campfire_rested":3,"item_purchase_floors":[12,12,12,28,28],"current_hp_per_floor":[63,59,59,59,57,57,1,24,24,24,16,16,15,20,20,14,66,62,45,45,32,23,47,18,18,18,18,18,18,42,41,41,0],"gold":23,"neow_bonus":"TWENTY_PERCENT_HP_BONUS","is_prod":false,"is_daily":false,"chose_seed":false,"campfire_upgraded":6,"win_rate":0,"timestamp":1554700597,"path_taken":["M","M","?","?","?","R","E","R","T","R","M","$","M","?","R","BOSS","M","M","?","?","M","R","M","R","T","R","?","$","R","M","R","BOSS"],"build_version":"2019-01-23","purchased_purges":3,"victory":false,"max_hp_per_floor":[78,78,78,78,78,78,78,78,78,78,78,78,78,83,83,83,83,83,83,83,83,83,83,83,83,83,83,83,83,83,83,83,83],"card_choices":[{"not_picked":["Expertise","Calculated Gamble"],"picked":"Deadly Poison","floor":1},{"not_picked":["Reflex","Sucker Punch"],"picked":"Masterful Stab","floor":2},{"not_picked":["Bane","Cloak And Dagger"],"picked":"Dash","floor":5},{"not_picked":["Flechettes","Slice"],"picked":"PiercingWail","floor":7},{"not_picked":["Bane","Catalyst"],"picked":"Crippling Poison","floor":11},{"not_picked":["Deadly Poison","Slice"],"picked":"Deflect","floor":13},{"not_picked":["Malaise","Storm of Steel"],"picked":"After Image","floor":16},{"not_picked":["Riddle With Holes","All Out Attack","Poisoned Stab"],"picked":"SKIP","floor":18},{"not_picked":["Deflect","Flying Knee","Deadly Poison"],"picked":"SKIP","floor":19},{"not_picked":["Dodge and Roll","Dagger Throw+1"],"picked":"Well Laid Plans","floor":21},{"not_picked":["Setup","All Out Attack","Slice"],"picked":"SKIP","floor":22},{"not_picked":["Deflect","Dagger Spray","Skewer"],"picked":"SKIP","floor":24},{"not_picked":["All Out Attack","Slice","Outmaneuver"],"picked":"SKIP","floor":31}],"player_experience":1716161,"relics_obtained":[{"floor":7,"key":"Smiling Mask"},{"floor":26,"key":"Bottled Lightning"}],"event_choices":[{"damage_healed":0,"gold_gain":0,"player_choice":"Grow","damage_taken":0,"max_hp_gain":0,"max_hp_loss":0,"event_name":"Living Wall","floor":3,"gold_loss":0,"cards_upgraded":["Neutralize"]},{"damage_healed":0,"gold_gain":275,"player_choice":"Desecrate","damage_taken":0,"max_hp_gain":0,"max_hp_loss":0,"event_name":"Golden Shrine","floor":4,"gold_loss":0,"cards_obtained":["Regret"]},{"damage_healed":0,"gold_gain":0,"player_choice":"Donut","damage_taken":0,"max_hp_gain":5,"max_hp_loss":0,"event_name":"Big Fish","floor":14,"gold_loss":0},{"damage_healed":0,"gold_gain":0,"player_choice":"Copied","damage_taken":0,"max_hp_gain":0,"max_hp_loss":0,"event_name":"Duplicator","floor":20,"gold_loss":0,"cards_obtained":["After Image"]}],"is_beta":false,"boss_relics":[{"not_picked":["Runic Dome","Ectoplasm"],"picked":"Sozu"}],"items_purged_floors":[12,28,29],"is_endless":false,"potions_floor_spawned":[1,5,21,31],"killed_by":"Collector","ascension_level":20}