{"gold_per_floor":[20,20,35,52,71,71,91,91,140,152,179,179,199,53,53,158,158,158,158,158,158,158,158],"floor_reached":23,"playtime":1855,"items_purged":["Defend_B"],"score":197,"play_id":"c4173c38-80e4-4627-ae76-c40966496810","local_time":"20190317130710","is_ascension_mode":false,"campfire_choices":[{"data":"Amplify","floor":6,"key":"SMITH"},{"data":"Coolheaded","floor":8,"key":"SMITH"},{"floor":12,"key":"REST"},{"floor":15,"key":"REST"}],"neow_cost":"NO_GOLD","seed_source_timestamp":379859197827321,"circlet_count":0,"master_deck":["Strike_B","Strike_B","Strike_B","Defend_B","Defend_B","Zap","Dualcast","Cold Snap","Redo","Leap","Amplify+1","Coolheaded+1","FTL","Conserve Battery","Chill","Static Discharge+1","Echo Form+1","Undo","Defragment+1","Hologram+1","Amplify+1","Chill"],"relics":["Cracked Core","Bronze Scales","Frozen Egg 2","Ectoplasm"],"potions_floor_usage":[16,20],"damage_taken":[{"damage":2,"enemies":"2 Louse","floor":1,"turns":2},{"damage":0,"enemies":"Cultist","floor":3,"turns":3},{"damage":1,"enemies":"Jaw Worm","floor":4,"turns":3},{"damage":15,"enemies":"Lots of Slimes","floor":5,"turns":4},{"damage":18,"enemies":"Exordium Thugs","floor":7,"turns":5},{"damage":3,"enemies":"Red Slaver","floor":10,"turns":3},{"damage":32,"enemies":"Gremlin Nob","floor":11,"turns":4},{"damage":3,"enemies":"2 Fungi Beasts","floor":13,"turns":3},{"damage":19,"enemies":"Hexaghost","floor":16,"turns":7},{"damage":13,"enemies":"Spheric Guardian","floor":18,"turns":4},{"damage":10,"enemies":"Chosen","floor":19,"turns":3},{"damage":14,"enemies":"Snake Plant","floor":20,"turns":2},{"damage":23,"enemies":"Cultist and Chosen","floor":22,"turns":6},{"damage":43,"enemies":"Slavers","floor":23,"turns":3}],"seed_played":"3935369143948138847","potions_obtained":[{"floor":2,"key":"FairyPotion"},{"floor":2,"key":"Swift Potion"},{"floor":2,"key":"Strength Potion"},{"floor":10,"key":"LiquidBronze"},{"floor":13,"key":"PowerPotion"},{"floor":16,"key":"Dexterity Potion"}],"is_trial":false,"path_per_floor":["M","?","M","M","M","R","M","R","T","M","E","R","M","$","R","B",null,"M","M","M","?","M","E"],"character_chosen":"DEFECT","items_purchased":["Static Discharge+1"],"campfire_rested":2,"item_purchase_floors":[14],"current_hp_per_floor":[73,73,73,72,57,57,39,39,39,36,4,26,23,23,45,26,75,62,52,38,38,15,0],"gold":158,"neow_bonus":"REMOVE_TWO","is_prod":false,"is_daily":false,"chose_seed":false,"campfire_upgraded":2,"win_rate":0,"timestamp":1552842430,"path_taken":["M","?","M","M","M","R","M","R","T","M","E","R","?","$","R","BOSS","M","M","M","?","M","E"],"build_version":"2019-01-23","purchased_purges":1,"victory":false,"max_hp_per_floor":[75,75,75,75,75,75,75,75,75,75,75,75,75,75,75,75,75,75,75,75,75,75,75],"card_choices":[{"not_picked":["Coolheaded","Conserve Battery"],"picked":"Cold Snap","floor":1},{"not_picked":["Turbo","Beam Cell"],"picked":"Redo","floor":3},{"not_picked":["FTL","Gash"],"picked":"Leap","floor":4},{"not_picked":["Redo","Ball Lightning"],"picked":"Amplify","floor":5},{"not_picked":["Hello World","Streamline"],"picked":"Coolheaded","floor":7},{"not_picked":["Redo","Lockon"],"picked":"FTL","floor":10},{"not_picked":["Thunder Strike","Auto Shields"],"picked":"Conserve Battery","floor":11},{"not_picked":["Undo","Steam"],"picked":"Chill","floor":13},{"not_picked":["Thunder Strike","Reboot"],"picked":"Echo Form+1","floor":16},{"not_picked":["Reprogram+1","Ball Lightning"],"picked":"Undo","floor":18},{"not_picked":["Compile Driver","Gash"],"picked":"Defragment+1","floor":19},{"not_picked":["Recycle","Redo"],"picked":"Hologram+1","floor":20},{"not_picked":["Double Energy","Leap"],"picked":"Chill","floor":22}],"player_experience":734891,"relics_obtained":[{"floor":9,"key":"Bronze Scales"},{"floor":11,"key":"Frozen Egg 2"}],"event_choices":[{"damage_healed":0,"gold_gain":0,"player_choice":"Got Potions","damage_taken":0,"max_hp_gain":0,"max_hp_loss":0,"event_name":"Lab","floor":2,"gold_loss":0},{"damage_healed":0,"gold_gain":0,"player_choice":"Copied","damage_taken":0,"max_hp_gain":0,"max_hp_loss":0,"event_name":"Duplicator","floor":21,"gold_loss":0,"cards_obtained":["Amplify"]}],"is_beta":false,"boss_relics":[{"not_picked":["Runic Dome","Busted Crown"],"picked":"Ectoplasm"}],"items_purged_floors":[14],"is_endless":false,"potions_floor_spawned":[5,10,13,16,18],"killed_by":"Slavers","ascension_level":0}