{"gold_per_floor":[117,131,148,148,161,161,180,209,235,310,310,328,328,357,357,452,452,471,471,255,274,288,288,304,304],"floor_reached":25,"playtime":1291,"items_purged":[],"score":215,"play_id":"f18263f6-d05a-4e71-8700-c955d7ef01c5","local_time":"20190315004723","is_ascension_mode":false,"campfire_choices":[{"data":"Conserve Battery","floor":6,"key":"SMITH"},{"floor":11,"key":"REST"},{"floor":13,"key":"REST"},{"floor":15,"key":"REST"},{"data":"White Noise","floor":23,"key":"SMITH"}],"neow_cost":"CURSE","seed_source_timestamp":163239465154583,"circlet_count":0,"master_deck":["Strike_B","Strike_B","Strike_B","Strike_B","Defend_B","Defend_B","Defend_B","Defend_B","Zap","Dualcast","Conserve Battery","Conserve Battery+1","Ball Lightning","Sweeping Beam","Redo","Redo","Biased Cognition","Amplify","Shockwave","White Noise+1","Tempest+1","BootSequence+1"],"relics":["Cracked Core","Dead Branch","PreservedInsect","Happy Flower","DataDisk","Cursed Key","Ancient Tea Set"],"potions_floor_usage":[16,16],"damage_taken":[{"damage":11,"enemies":"Jaw Worm","floor":1,"turns":3},{"damage":0,"enemies":"2 Louse","floor":2,"turns":2},{"damage":4,"enemies":"Cultist","floor":3,"turns":4},{"damage":3,"enemies":"Red Slaver","floor":5,"turns":3},{"damage":4,"enemies":"Exordium Thugs","floor":7,"turns":4},{"damage":24,"enemies":"Gremlin Nob","floor":8,"turns":4},{"damage":5,"enemies":"Large Slime","floor":12,"turns":5},{"damage":18,"enemies":"Lagavulin","floor":14,"turns":4},{"damage":16,"enemies":"Slime Boss","floor":16,"turns":6},{"damage":0,"enemies":"Spheric Guardian","floor":18,"turns":3},{"damage":11,"enemies":"Chosen","floor":21,"turns":5},{"damage":21,"enemies":"Snake Plant","floor":22,"turns":3},{"damage":14,"enemies":"Sentry and Sphere","floor":24,"turns":4},{"damage":36,"enemies":"Gremlin Leader","floor":25,"turns":5}],"seed_played":"8295258811960672213","potions_obtained":[{"floor":2,"key":"Dexterity Potion"},{"floor":3,"key":"FearPotion"},{"floor":5,"key":"SpeedPotion"},{"floor":7,"key":"Explosive Potion"}],"is_trial":false,"path_per_floor":["M","M","M","?","M","R","M","E","T","?","R","M","R","E","R","B",null,"M","?","$","M","M","R","M","E"],"character_chosen":"DEFECT","items_purchased":["Ancient Tea Set","White Noise"],"campfire_rested":3,"item_purchase_floors":[20,20],"current_hp_per_floor":[64,64,60,53,50,50,46,22,22,11,33,28,50,32,54,38,75,75,75,75,64,43,43,29,0],"gold":304,"neow_bonus":"ONE_RARE_RELIC","is_prod":false,"is_daily":false,"chose_seed":false,"campfire_upgraded":2,"win_rate":0,"timestamp":1552625243,"path_taken":["M","M","M","?","M","R","M","E","T","?","R","M","R","E","R","BOSS","M","?","$","M","?","R","M","E"],"build_version":"2019-01-23","purchased_purges":0,"victory":false,"max_hp_per_floor":[75,75,75,75,75,75,75,75,75,75,75,75,75,75,75,75,75,75,75,75,75,75,75,75,75],"card_choices":[{"not_picked":["Beam Cell","Hello World"],"picked":"Conserve Battery","floor":1},{"not_picked":["Auto Shields","Steam"],"picked":"Conserve Battery","floor":2},{"not_picked":["Coolheaded","Sweeping Beam"],"picked":"Ball Lightning","floor":3},{"not_picked":["Redo","Turbo"],"picked":"Sweeping Beam","floor":5},{"not_picked":["Rebound","Coolheaded"],"picked":"Redo","floor":7},{"not_picked":["Hologram","Doom and Gloom"],"picked":"Redo","floor":8},{"not_picked":["Leap","Redo","Go for the Eyes"],"picked":"SKIP","floor":12},{"not_picked":["Undo","Ball Lightning"],"picked":"Biased Cognition","floor":14},{"not_picked":["Biased Cognition","Echo Form"],"picked":"Amplify","floor":16},{"not_picked":["Coolheaded","Sunder"],"picked":"Turbo","floor":18},{"not_picked":["Go for the Eyes","Steam Power"],"picked":"Tempest+1","floor":21},{"not_picked":["Redo","Beam Cell","Fusion+1"],"picked":"SKIP","floor":22},{"not_picked":["Compile Driver","Reinforced Body"],"picked":"BootSequence+1","floor":24}],"player_experience":668343,"relics_obtained":[{"floor":8,"key":"PreservedInsect"},{"floor":9,"key":"Happy Flower"},{"floor":14,"key":"DataDisk"}],"event_choices":[{"cards_removed":["Writhe"],"damage_healed":0,"gold_gain":0,"player_choice":"Card Removal","damage_taken":7,"max_hp_gain":0,"max_hp_loss":0,"event_name":"Golden Wing","floor":4,"gold_loss":0},{"damage_healed":0,"gold_gain":75,"player_choice":"Gather Gold","damage_taken":11,"max_hp_gain":0,"max_hp_loss":0,"event_name":"World of Goop","floor":10,"gold_loss":0},{"cards_removed":["Turbo"],"damage_healed":0,"gold_gain":0,"player_choice":"Took Card","damage_taken":0,"max_hp_gain":0,"max_hp_loss":0,"event_name":"NoteForYourself","floor":19,"gold_loss":0,"cards_obtained":["Shockwave"]}],"is_beta":false,"boss_relics":[{"not_picked":["Runic Pyramid","Nuclear Battery"],"picked":"Cursed Key"}],"items_purged_floors":[],"is_endless":false,"potions_floor_spawned":[2,3,5,7],"killed_by":"Gremlin Leader","ascension_level":0}