{"gold_per_floor":[119,129,79,154,154,154,172,172,172,205,218,244,244,256,256,353,353,366,366,249,260,310,326,326,341,341,360,360,428,441,455,455,550,550,564,575,575,217,217,252,252,50,74,87,87,87,97,114,114,114],"floor_reached":51,"playtime":5009,"items_purged":["Strike_B","Go for the Eyes"],"score":639,"play_id":"5a3ea5d8-90a9-4a4f-9c50-834f48a6956d","local_time":"20181019233357","is_ascension_mode":false,"campfire_choices":[{"floor":6.0,"key":"REST"},{"floor":8.0,"key":"REST"},{"data":"Sweeping Beam","floor":13.0,"key":"SMITH"},{"data":"Dualcast","floor":15.0,"key":"SMITH"},{"data":"Rebound","floor":24.0,"key":"SMITH"},{"data":"Leap","floor":28.0,"key":"SMITH"},{"data":"Echo Form","floor":32.0,"key":"SMITH"},{"floor":41,"key":"REST"},{"floor":45,"key":"REST"},{"floor":49,"key":"REST"}],"neow_cost":"NONE","seed_source_timestamp":240824474343144,"circlet_count":0,"master_deck":["Strike_B","Defend_B+1","Zap+1","Dualcast+1","Leap+1","FTL","Hello World","Steam","Sweeping Beam+1","BootSequence","Echo Form+1","Sweeping Beam+1","Rebound+1","Undo","Beam Cell+1","Conserve Battery+1","Leap","Go for the Eyes+1","Ball Lightning+1"],"special_seed":0,"relics":["Cracked Core","War Paint","Vajra","The Courier","Blue Candle","Calipers","Empty Cage","Blood Vial","Molten Egg 2","Busted Crown","Pen Nib","Art of War","Symbiotic Virus","Kunai","Bag of Marbles"],"potions_floor_usage":[50,50,50],"damage_taken":[{"damage":1.0,"enemies":"Cultist","floor":1.0,"turns":3.0},{"damage":1.0,"enemies":"2 Louse","floor":2.0,"turns":2.0},{"damage":6.0,"enemies":"Jaw Worm","floor":7.0,"turns":2.0},{"damage":24.0,"enemies":"Gremlin Nob","floor":10.0,"turns":4.0},{"damage":5.0,"enemies":"Exordium Wildlife","floor":11.0,"turns":2.0},{"damage":12.0,"enemies":"3 Sentries","floor":12.0,"turns":6.0},{"damage":2.0,"enemies":"Looter","floor":14.0,"turns":2.0},{"damage":10.0,"enemies":"Hexaghost","floor":16.0,"turns":9.0},{"damage":8.0,"enemies":"2 Thieves","floor":18.0,"turns":3.0},{"damage":1.0,"enemies":"Shell Parasite","floor":21.0,"turns":5.0},{"damage":7.0,"enemies":"Sentry and Sphere","floor":23.0,"turns":4.0},{"damage":4.0,"enemies":"Centurion and Healer","floor":25.0,"turns":5.0},{"damage":3.0,"enemies":"Snake Plant","floor":27.0,"turns":5.0},{"damage":0.0,"enemies":"3 Cultists","floor":30.0,"turns":3.0},{"damage":1.0,"enemies":"Centurion and Healer","floor":31.0,"turns":6.0},{"damage":20.0,"enemies":"Automaton","floor":33.0,"turns":10.0},{"damage":6.0,"enemies":"Orb Walker","floor":35.0,"turns":4.0},{"damage":7.0,"enemies":"3 Darklings","floor":36.0,"turns":4.0},{"damage":30,"enemies":"Reptomancer","floor":40,"turns":7},{"damage":8,"enemies":"Sphere and 2 Shapes","floor":44,"turns":4},{"damage":8,"enemies":"Writhing Mass","floor":47,"turns":5},{"damage":4,"enemies":"4 Shapes","floor":48,"turns":4},{"damage":9,"enemies":"Time Eater","floor":50,"turns":11}],"seed_played":"-946247429658949619","potions_obtained":[{"floor":2.0,"key":"AttackPotion"},{"floor":10.0,"key":"LiquidBronze"},{"floor":12.0,"key":"SkillPotion"},{"floor":25.0,"key":"FairyPotion"},{"floor":27.0,"key":"Fire Potion"},{"floor":33.0,"key":"FearPotion"},{"floor":35.0,"key":"Ancient Potion"}],"is_trial":false,"path_per_floor":["M","M","?","?","?","R","M","R","T","E","M","E","R","M","R","B",null,"M","?","$","M","?","M","R","M","T","M","R","T","M","M","R","B",null,"M","M","?","$","?","E","R","$","T","M","R","?","M","M","R","B"],"character_chosen":"DEFECT","items_purchased":["Undo","Pen Nib","Dexterity Potion","Art of War","Kunai"],"campfire_rested":5,"item_purchase_floors":[20,38,38,38,42],"current_hp_per_floor":[74,73,73,62,29,51,45,67,67,43,38,26,26,24,24,14,75,67,67,67,66,66,59,59,55,55,54,54,54,56,57,57,39,75,69,64,64,64,64,36,58,58,58,52,74,71,63,61,71,62],"gold":114,"neow_bonus":"RANDOM_COMMON_RELIC","is_prod":false,"is_daily":false,"chose_seed":false,"campfire_upgraded":5,"win_rate":0,"timestamp":1540006437,"path_taken":["M","M","?","?","?","R","M","R","T","E","M","E","R","M","R","BOSS","M","?","$","?","?","M","R","M","T","M","R","?","M","?","R","BOSS","M","M","?","$","?","E","R","?","T","M","R","?","?","M","R","BOSS"],"build_version":"2018-10-18","purchased_purges":2,"victory":true,"max_hp_per_floor":[75,75,75,75,75,75,75,75,75,75,75,75,75,75,75,75,75,75,75,75,75,75,75,75,75,75,75,75,75,75,75,75,75,75,75,75,75,75,75,75,75,75,75,75,75,71,71,71,71,71],"card_choices":[{"not_picked":["Steam Power","Barrage"],"picked":"Leap","floor":1.0},{"not_picked":["Self Repair","Gash"],"picked":"FTL","floor":2.0},{"not_picked":["Consume","Hello World"],"picked":"Go for the Eyes","floor":7.0},{"not_picked":["Consume","Streamline"],"picked":"Hello World","floor":10.0},{"not_picked":["Heatsinks","Multi-Cast"],"picked":"Steam","floor":11.0},{"not_picked":["Leap","Steam"],"picked":"Sweeping Beam","floor":12.0},{"not_picked":["Force Field","Barrage"],"picked":"BootSequence","floor":14.0},{"not_picked":["Core Surge","Fission"],"picked":"Echo Form","floor":16.0},{"not_picked":["Hologram","Conserve Battery"],"picked":"Sweeping Beam+1","floor":18.0},{"not_picked":["Ball Lightning+1","Barrage"],"picked":"Beam Cell+1","floor":21.0},{"not_picked":["Blizzard+1","Sweeping Beam+1","Reprogram+1"],"picked":"SKIP","floor":23.0},{"not_picked":["Compile Driver","Heatsinks","Steam Power"],"picked":"SKIP","floor":25.0},{"not_picked":["Force Field","Defragment"],"picked":"Conserve Battery+1","floor":27.0},{"not_picked":["Lockon+1","Coolheaded"],"picked":"Leap","floor":30.0},{"not_picked":["Aggregate","Capacitor","Conserve Battery"],"picked":"SKIP","floor":31.0},{"not_picked":[],"picked":"Go for the Eyes+1","floor":35.0},{"not_picked":["Hologram"],"picked":"SKIP","floor":36.0},{"not_picked":[],"picked":"Ball Lightning+1","floor":40},{"not_picked":["Stack"],"picked":"SKIP","floor":44},{"not_picked":["Rebound+1"],"picked":"SKIP","floor":47},{"not_picked":["Tempest+1"],"picked":"SKIP","floor":48}],"player_experience":523994,"relics_obtained":[{"floor":9.0,"key":"The Courier"},{"floor":10.0,"key":"Blue Candle"},{"floor":12.0,"key":"Calipers"},{"floor":26.0,"key":"Blood Vial"},{"floor":29.0,"key":"Molten Egg 2"},{"floor":40,"key":"Symbiotic Virus"},{"floor":43,"key":"Bag of Marbles"}],"event_choices":[{"cards_removed":["Defend_B"],"damage_healed":0.0,"max_hp_gain":0.0,"max_hp_loss":0.0,"gold_gain":0.0,"event_name":"The Cleric","player_choice":"Card Removal","floor":3.0,"gold_loss":50.0,"damage_taken":0.0},{"damage_healed":0.0,"max_hp_gain":0.0,"max_hp_loss":0.0,"gold_gain":75.0,"event_name":"World of Goop","player_choice":"Gather Gold","floor":4.0,"gold_loss":0.0,"damage_taken":11.0},{"damage_healed":0.0,"max_hp_gain":0.0,"max_hp_loss":0.0,"gold_gain":0.0,"event_name":"Scrap Ooze","player_choice":"Success","floor":5.0,"gold_loss":0.0,"damage_taken":33.0,"relics_obtained":["Vajra"]},{"damage_healed":0.0,"max_hp_gain":0.0,"max_hp_loss":0.0,"gold_gain":0.0,"cards_transformed":["Strike_B"],"event_name":"Transmorgrifier","player_choice":"Transformed","floor":19.0,"gold_loss":0.0,"damage_taken":0.0,"cards_obtained":["Rebound"]},{"damage_healed":0.0,"max_hp_gain":0.0,"max_hp_loss":0.0,"gold_gain":100.0,"event_name":"The Joust","player_choice":"Bet on Murderer","floor":22.0,"gold_loss":50.0,"damage_taken":0.0},{"cards_removed":["Defend_B"],"damage_healed":0.0,"max_hp_gain":0.0,"max_hp_loss":0.0,"gold_gain":0.0,"event_name":"Falling","player_choice":"Removed Skill","floor":37.0,"gold_loss":0.0,"damage_taken":0.0},{"damage_healed":0.0,"max_hp_gain":0.0,"max_hp_loss":0.0,"gold_gain":0.0,"event_name":"Mysterious Sphere","player_choice":"Ignored","floor":39.0,"gold_loss":0.0,"damage_taken":0.0},{"damage_healed":0,"gold_gain":0,"player_choice":"Max HP","damage_taken":0,"max_hp_gain":0,"max_hp_loss":4,"event_name":"Winding Halls","floor":46,"gold_loss":0}],"is_beta":false,"boss_relics":[{"not_picked":["Eternal Feather","Coffee Dripper"],"picked":"Empty Cage"},{"not_picked":["Calling Bell","Philosopher\u0027s Stone"],"picked":"Busted Crown"}],"items_purged_floors":[20,38],"is_endless":false,"potions_floor_spawned":[2,10,12,16,25,27,30,33,35,44,47],"ascension_level":0}