{"path_per_floor":["M","$","M","$","M","R","M","$","T","M","E","M","$","T","R","B",null,"M","M","?","?","M","R"],"character_chosen":"IRONCLAD","items_purchased":["War Paint","Clash"],"gold_per_floor":[112,37,37,37,50,50,67,67,112,132,195,215,43,43,43,143,143,160,175,175,175,194,194],"floor_reached":24,"campfire_rested":0,"playtime":546,"current_hp_per_floor":[80,80,80,80,80,80,80,80,80,73,63,71,71,71,71,63,80,80,83,67,59,52,52],"items_purged":["Defend_R"],"gold":194,"score":224,"play_id":"0650ec8e-d484-4f29-a9c1-4f4ab43bf4cb","local_time":"20180310213803","is_prod":false,"is_daily":false,"is_ascension_mode":false,"campfire_upgraded":3,"timestamp":1520735883,"path_taken":["M","?","?","$","M","R","?","$","T","?","E","M","$","?","R","BOSS","M","M","?","?","M","R","M"],"build_version":"2018-03-09","purchased_purges":2,"victory":false,"master_deck":["Strike_R","Strike_R","Strike_R","Strike_R","Strike_R","Defend_R+1","Defend_R","Defend_R","Bash+1","Clash","Clash","Flex+1","Battle Trance+1","Clash","Clash","Feed+1","Cleave+1","Necronomicurse"],"max_hp_per_floor":[80,80,80,80,80,80,80,80,80,80,80,80,80,80,80,80,80,80,83,83,83,86,86],"relics":["Burning Blood","NeowsBlessing","Blood Vial","Tiny Chest","War Paint","Ice Cream","Runic Cube","Necronomicon"],"card_choices":[{"not_picked":["True Grit","Combust"],"picked":"Clash"},{"not_picked":["Anger","Sentinel"],"picked":"Clash"},{"not_picked":["Burning Pact","Reaper"],"picked":"Flex"},{"not_picked":["Dual Wield","Shrug It Off"],"picked":"Battle Trance"},{"not_picked":["Carnage","Blood for Blood"],"picked":"Clash"},{"not_picked":["Dark Embrace","Juggernaut"],"picked":"Feed"},{"not_picked":["Pummel","Searing Blow"],"picked":"Cleave"}],"player_experience":434158,"potions_floor_usage":[16,16,22],"damage_taken":[{"damage":0,"enemies":"Cultist","floor":1,"turns":1},{"damage":0,"enemies":"Small Slimes","floor":3,"turns":1},{"damage":0,"enemies":"Jaw Worm","floor":5,"turns":1},{"damage":5,"enemies":"Looter","floor":7,"turns":2},{"damage":13,"enemies":"3 Louse","floor":10,"turns":3},{"damage":18,"enemies":"Lagavulin","floor":11,"turns":3},{"damage":0,"enemies":"Blue Slaver","floor":12,"turns":2},{"damage":16,"enemies":"The Guardian","floor":16,"turns":6},{"damage":0,"enemies":"Spheric Guardian","floor":18,"turns":3},{"damage":2,"enemies":"Chosen","floor":19,"turns":3},{"damage":24,"enemies":"Centurion and Healer","floor":22,"turns":3},{"damage":57,"enemies":"Cultist and Chosen","floor":24,"turns":5}],"event_choices":[{"event_name":"Cursed Tome","player_choice":"Obtained Book","floor":20,"damage_taken":0},{"event_name":"Knowing Skull","player_choice":"","floor":21,"damage_taken":0}],"boss_relics":[{"not_picked":["White Beast Statue","Velvet Choker"],"picked":"Runic Cube"}],"potions_floor_spawned":[3,10,11,12,22],"seed_played":"-5481888869553973689","killed_by":"Cultist and Chosen","ascension_level":0,"is_trial":false}