{"gold_per_floor":[114,114,124,141,66,66,92,104,104,134,150,150,184,194,194,270,270,281,681,701,729,729],"floor_reached":22,"playtime":880,"items_purged":["Pain"],"score":492,"play_id":"d3d79d3c-cac2-4fa6-8c0f-80115b59d5d7","local_time":"20190302165755","is_ascension_mode":true,"campfire_choices":[{"data":"Bash","floor":6.0,"key":"SMITH"},{"floor":12.0,"key":"REST"},{"data":"Disarm","floor":15.0,"key":"SMITH"}],"neow_cost":"NONE","seed_source_timestamp":1137111042311185,"circlet_count":0,"master_deck":["AscendersBane","Strike_R","Strike_R","Strike_R","Strike_R","Strike_R","Defend_R","Defend_R","Defend_R","Defend_R","Bash+1","Clothesline","True Grit","Battle Trance","Combust","Disarm+1","Demon Form","Heavy Blade+1","Uppercut"],"special_seed":0,"relics":["Velvet Choker","WarpedTongs","Calipers","Bird Faced Urn","Ice Cream","Boot","Fusion Hammer","Old Coin","Paper Frog","Red Mask"],"potions_floor_usage":[22,22],"damage_taken":[{"damage":1.0,"enemies":"2 Louse","floor":1.0,"turns":2.0},{"damage":2.0,"enemies":"Cultist","floor":3.0,"turns":3.0},{"damage":9.0,"enemies":"Small Slimes","floor":4.0,"turns":3.0},{"damage":2.0,"enemies":"Lagavulin","floor":7.0,"turns":7.0},{"damage":0.0,"enemies":"Blue Slaver","floor":8.0,"turns":4.0},{"damage":26.0,"enemies":"3 Sentries","floor":10.0,"turns":9.0},{"damage":0.0,"enemies":"Large Slime","floor":11.0,"turns":6.0},{"damage":0.0,"enemies":"Lagavulin","floor":13.0,"turns":6.0},{"damage":1.0,"enemies":"Red Slaver","floor":14.0,"turns":4.0},{"damage":7.0,"enemies":"The Guardian","floor":16.0,"turns":10.0},{"damage":1.0,"enemies":"Shell Parasite","floor":18.0,"turns":4.0},{"damage":19.0,"enemies":"Colosseum Slavers","floor":19.0,"turns":4.0},{"damage":16.0,"enemies":"Colosseum Nobs","floor":19.0,"turns":4.0},{"damage":3.0,"enemies":"Chosen","floor":20.0,"turns":4.0},{"damage":29.0,"enemies":"Masked Bandits","floor":21.0,"turns":5.0},{"damage":15,"enemies":"3 Cultists","floor":22,"turns":4}],"seed_played":"-6869652772118922274","potions_obtained":[{"floor":1.0,"key":"AttackPotion"},{"floor":3.0,"key":"Energy Potion"},{"floor":7.0,"key":"Weak Potion"},{"floor":16.0,"key":"FearPotion"},{"floor":20.0,"key":"LiquidBronze"},{"floor":21.0,"key":"Fire Potion"}],"is_trial":false,"path_per_floor":["M","?","M","M","$","R","E","M","T","E","M","R","E","M","R","B",null,"M","?","M","?","M"],"character_chosen":"IRONCLAD","items_purchased":[],"campfire_rested":1,"item_purchase_floors":[],"current_hp_per_floor":[67,67,65,56,56,56,54,54,54,28,28,50,50,49,49,44,67,68,37,38,11,0],"gold":729,"neow_bonus":"BOSS_RELIC","is_prod":false,"is_daily":false,"chose_seed":false,"campfire_upgraded":2,"win_rate":0,"timestamp":1551563875,"path_taken":["M","?","M","M","?","R","E","M","T","E","?","R","E","M","R","BOSS","M","?","M","?","M"],"build_version":"2019-02-06","purchased_purges":1,"victory":false,"max_hp_per_floor":[75,75,75,75,75,75,75,75,75,75,75,75,75,75,75,75,75,75,75,75,75,75],"card_choices":[{"not_picked":["Metallicize","Flex"],"picked":"Clothesline","floor":1.0},{"not_picked":["Wild Strike","Rupture"],"picked":"True Grit","floor":3.0},{"not_picked":["Rampage","Body Slam"],"picked":"Battle Trance","floor":4.0},{"not_picked":["Wild Strike","Bloodletting","Rupture"],"picked":"SKIP","floor":7.0},{"not_picked":["Thunderclap","Battle Trance","Clash"],"picked":"SKIP","floor":8.0},{"not_picked":["Second Wind","Entrench","Body Slam"],"picked":"SKIP","floor":10.0},{"not_picked":["Second Wind","Hemokinesis","Sentinel"],"picked":"SKIP","floor":11.0},{"not_picked":["Power Through","Entrench"],"picked":"Combust","floor":13.0},{"not_picked":["Berserk","Twin Strike"],"picked":"Disarm","floor":14.0},{"not_picked":["Dark Embrace","Brutality"],"picked":"Demon Form","floor":16.0},{"not_picked":["Sentinel","Sword Boomerang"],"picked":"Heavy Blade+1","floor":18.0},{"not_picked":["Sentinel","Warcry","Perfected Strike"],"picked":"SKIP","floor":20.0},{"not_picked":["Perfected Strike","Havoc"],"picked":"Uppercut","floor":21.0}],"player_experience":2070154,"relics_obtained":[{"floor":7.0,"key":"Calipers"},{"floor":9.0,"key":"Bird Faced Urn"},{"floor":10.0,"key":"Ice Cream"},{"floor":13.0,"key":"Boot"},{"floor":19.0,"key":"Old Coin"},{"floor":19.0,"key":"Paper Frog"},{"floor":21.0,"key":"Red Mask"}],"event_choices":[{"damage_healed":0.0,"max_hp_gain":0.0,"max_hp_loss":0.0,"gold_gain":0.0,"event_name":"Accursed Blacksmith","player_choice":"Rummage","floor":2.0,"gold_loss":0.0,"damage_taken":0.0,"relics_obtained":["WarpedTongs"],"cards_obtained":["Pain"]},{"damage_healed":0.0,"max_hp_gain":0.0,"max_hp_loss":0.0,"gold_gain":0.0,"event_name":"Colosseum","player_choice":"Fight","floor":19.0,"gold_loss":0.0,"damage_taken":0.0},{"damage_healed":0.0,"max_hp_gain":0.0,"max_hp_loss":0.0,"gold_gain":0.0,"event_name":"Colosseum","player_choice":"Fought Nobs","floor":19.0,"gold_loss":0.0,"damage_taken":0.0},{"damage_healed":0.0,"max_hp_gain":0.0,"max_hp_loss":0.0,"gold_gain":0.0,"event_name":"Masked Bandits","player_choice":"Fought Bandits","floor":21.0,"gold_loss":0.0,"damage_taken":0.0}],"is_beta":true,"boss_relics":[{"not_picked":["Runic Dome","Lizard Tail"],"picked":"Fusion Hammer"}],"items_purged_floors":[5],"is_endless":false,"potions_floor_spawned":[1,3,7,10,16,20,21],"killed_by":"3 Cultists","ascension_level":15}