{"path_per_floor":["M","?","M","?","M","M","E","R","T","?","R","$","?","?","R"],"character_chosen":"IRONCLAD","items_purchased":["Metallicize"],"gold_per_floor":[111,111,131,131,144,161,190,190,244,267,267,110,110,80,80,80],"floor_reached":16,"campfire_rested":2,"playtime":303,"current_hp_per_floor":[68,48,47,40,46,37,16,36,36,24,44,44,44,44,44,0],"items_purged":["Strike_R"],"gold":80,"score":172,"play_id":"351ede6d-7494-4ca2-8215-d4e411d9851f","local_time":"20180413164659","is_prod":false,"is_daily":false,"chose_seed":false,"is_ascension_mode":true,"campfire_upgraded":1,"timestamp":1523663219,"path_taken":["M","?","M","?","?","M","E","R","T","?","R","?","?","?","R","BOSS"],"build_version":"2018-04-12","seed_source_timestamp":157406117066896,"purchased_purges":1,"victory":false,"master_deck":["Strike_R","Strike_R+1","Strike_R+1","Defend_R","Defend_R","Defend_R","Defend_R","Bash","AscendersBane","Pommel Strike","Cleave","Shrug It Off","Ghostly Armor","Metallicize+1","Offering","Metallicize+1"],"max_hp_per_floor":[68,68,68,68,68,68,68,68,68,68,68,68,68,68,68,68],"relics":["Burning Blood","Ice Cream","Bronze Scales","Bag of Preparation","Odd Mushroom"],"card_choices":[{"not_picked":["Headbutt","Clothesline"],"picked":"Pommel Strike","floor":1},{"not_picked":["Inflame","Exhume"],"picked":"Cleave","floor":3},{"not_picked":["Perfected Strike","Dropkick"],"picked":"Shrug It Off","floor":5},{"not_picked":["True Grit","Heavy Blade"],"picked":"Ghostly Armor","floor":6},{"not_picked":["Twin Strike","Anger"],"picked":"Metallicize","floor":7},{"not_picked":["Spot Weakness","Dropkick"],"picked":"Offering","floor":10}],"player_experience":453325,"potions_floor_usage":[6,7,16,16],"damage_taken":[{"damage":3,"enemies":"2 Louse","floor":1,"turns":3},{"damage":7,"enemies":"Jaw Worm","floor":3,"turns":3},{"damage":0,"enemies":"Small Slimes","floor":5,"turns":2},{"damage":15,"enemies":"2 Fungi Beasts","floor":6,"turns":3},{"damage":27,"enemies":"Gremlin Nob","floor":7,"turns":4},{"damage":18,"enemies":"The Mushroom Lair","floor":10,"turns":4},{"damage":44,"enemies":"Hexaghost","floor":16,"turns":11}],"event_choices":[{"event_name":"Shining Light","player_choice":"Entered Light","floor":2,"damage_taken":0},{"event_name":"Golden Wing","player_choice":"Card Removal","floor":4,"damage_taken":0},{"event_name":"Mushrooms","player_choice":"Fought Mushrooms","floor":10,"damage_taken":0},{"event_name":"Living Wall","player_choice":"Grow","floor":13,"damage_taken":0},{"event_name":"The Woman in Blue","player_choice":"Bought 2 Potions","floor":14,"damage_taken":0}],"boss_relics":[],"potions_floor_spawned":[3,6],"seed_played":"-683508179985123671","killed_by":"Hexaghost","ascension_level":15,"is_trial":false}