{"path_per_floor":["M","M","M","M","?","R","$","M","T","E","R","M","?","M","R"],"character_chosen":"IRONCLAD","items_purchased":["Ancient Tea Set"],"gold_per_floor":[111,127,146,164,164,164,11,32,85,119,119,133,208,232,232,232],"floor_reached":16,"campfire_rested":1,"playtime":440,"current_hp_per_floor":[68,68,68,60,37,37,37,43,43,28,63,65,54,57,57,0],"items_purged":[],"gold":232,"score":182,"play_id":"c6821292-0851-48c0-9302-a174963deef7","local_time":"20180415162153","is_prod":false,"is_daily":false,"chose_seed":false,"is_ascension_mode":true,"campfire_upgraded":2,"timestamp":1523823713,"path_taken":["M","M","M","M","?","R","$","M","T","E","R","?","?","M","R","BOSS"],"build_version":"2018-04-12","seed_source_timestamp":9726091662233,"purchased_purges":1,"victory":false,"master_deck":["Strike_R","Strike_R","Strike_R","Strike_R","Defend_R","Defend_R","Defend_R","Bash","AscendersBane","Sever Soul","Thunderclap","Havoc","Whirlwind+1","Spot Weakness","Hemokinesis","Whirlwind+1"],"max_hp_per_floor":[68,68,68,68,68,68,68,68,68,68,68,68,68,68,68,68],"relics":["Burning Blood","Golden Idol","Ancient Tea Set","Regal Pillow","Prayer Wheel"],"card_choices":[{"not_picked":["Body Slam","Sentinel"],"picked":"Sever Soul","floor":1},{"not_picked":["Perfected Strike","Intimidate"],"picked":"Thunderclap","floor":2},{"not_picked":["Body Slam","Armaments"],"picked":"Havoc","floor":3},{"not_picked":["Seeing Red","Armaments"],"picked":"Whirlwind","floor":4},{"not_picked":["Dropkick","Shockwave"],"picked":"Spot Weakness","floor":8},{"not_picked":["Battle Trance","Warcry"],"picked":"Hemokinesis","floor":10},{"not_picked":["Metallicize","Second Wind"],"picked":"Whirlwind","floor":12}],"player_experience":885263,"potions_floor_usage":[4,4,10],"damage_taken":[{"damage":0,"enemies":"2 Louse","floor":1,"turns":3},{"damage":0,"enemies":"Small Slimes","floor":2,"turns":3},{"damage":6,"enemies":"Cultist","floor":3,"turns":3},{"damage":14,"enemies":"Red Slaver","floor":4,"turns":2},{"damage":0,"enemies":"3 Louse","floor":8,"turns":1},{"damage":21,"enemies":"3 Sentries","floor":10,"turns":3},{"damage":4,"enemies":"2 Fungi Beasts","floor":12,"turns":2},{"damage":3,"enemies":"Large Slime","floor":14,"turns":4},{"damage":62,"enemies":"Hexaghost","floor":16,"turns":7}],"event_choices":[{"event_name":"Golden Idol","player_choice":"Take Damage","floor":5,"damage_taken":0},{"event_name":"World of Goop","player_choice":"Gather Gold","floor":13,"damage_taken":0}],"boss_relics":[],"potions_floor_spawned":[2,3,4,12],"seed_played":"-8297056243267588249","killed_by":"Hexaghost","ascension_level":15,"is_trial":false}