{"gold_per_floor":[114,131,131,149,149,149,149,149,231,231,245,258,277,301,301,301],"floor_reached":16,"playtime":368,"items_purged":[],"score":174,"play_id":"d391c405-7a3d-464d-ac74-127a7319bdfc","local_time":"20190131234905","is_ascension_mode":true,"campfire_choices":[{"data":"Bash","floor":6,"key":"SMITH"},{"data":"Corruption","floor":8,"key":"SMITH"},{"data":"Defend_R","floor":10,"key":"SMITH"},{"data":"Anger","floor":15,"key":"SMITH"}],"neow_cost":"NONE","seed_source_timestamp":139121837331832,"circlet_count":0,"master_deck":["AscendersBane","Strike_R","Strike_R","Strike_R","Strike_R","Defend_R+1","Defend_R","Defend_R","Defend_R","Bash+1","Corruption+1","Shrug It Off","Shrug It Off","Shrug It Off","Flame Barrier","Anger+1"],"relics":["Burning Blood","NeowsBlessing","Golden Idol","Kunai"],"potions_floor_usage":[11,16],"damage_taken":[{"damage":0,"enemies":"Jaw Worm","floor":1,"turns":1},{"damage":0,"enemies":"2 Louse","floor":2,"turns":1},{"damage":0,"enemies":"Cultist","floor":4,"turns":1},{"damage":4,"enemies":"Gremlin Gang","floor":11,"turns":7},{"damage":4,"enemies":"2 Fungi Beasts","floor":12,"turns":5},{"damage":0,"enemies":"Looter","floor":13,"turns":4},{"damage":0,"enemies":"Blue Slaver","floor":14,"turns":5},{"damage":73,"enemies":"The Guardian","floor":16,"turns":15}],"seed_played":"4707277349481274721","potions_obtained":[{"floor":2,"key":"Fire Potion"},{"floor":13,"key":"Fire Potion"}],"is_trial":false,"path_per_floor":["M","M","?","M","?","R","?","R","T","R","M","M","M","M","R","B"],"character_chosen":"IRONCLAD","items_purchased":[],"campfire_rested":0,"item_purchase_floors":[],"current_hp_per_floor":[74,75,80,80,52,52,52,52,52,52,54,56,62,68,68,0],"gold":301,"neow_bonus":"THREE_ENEMY_KILL","is_prod":false,"is_daily":false,"chose_seed":false,"campfire_upgraded":4,"win_rate":0,"timestamp":1549003745,"path_taken":["M","M","?","M","?","R","?","R","T","R","?","M","?","M","R","BOSS"],"build_version":"2019-01-23","purchased_purges":0,"victory":false,"max_hp_per_floor":[75,75,80,80,80,80,80,80,80,80,80,80,80,80,80,80],"card_choices":[{"not_picked":["Flex","Thunderclap"],"picked":"Corruption","floor":1},{"not_picked":["Dropkick","Perfected Strike"],"picked":"Shrug It Off","floor":2},{"not_picked":["Wild Strike","Twin Strike"],"picked":"Shrug It Off","floor":4},{"not_picked":["Rupture","Spot Weakness"],"picked":"Shrug It Off","floor":11},{"not_picked":["Warcry","Perfected Strike"],"picked":"Flame Barrier","floor":12},{"not_picked":["Rage","Second Wind","Dropkick"],"picked":"SKIP","floor":13},{"not_picked":["Battle Trance","Searing Blow"],"picked":"Anger","floor":14}],"player_experience":1049262,"relics_obtained":[{"floor":9,"key":"Kunai"}],"event_choices":[{"damage_healed":0,"gold_gain":0,"player_choice":"Donut","damage_taken":0,"max_hp_gain":5,"max_hp_loss":0,"event_name":"Big Fish","floor":3,"gold_loss":0},{"damage_healed":0,"gold_gain":0,"player_choice":"Take Damage","damage_taken":28,"relics_obtained":["Golden Idol"],"max_hp_gain":0,"max_hp_loss":0,"event_name":"Golden Idol","floor":5,"gold_loss":0},{"cards_removed":["Strike_R"],"damage_healed":0,"gold_gain":0,"player_choice":"Purged","damage_taken":0,"max_hp_gain":0,"max_hp_loss":0,"event_name":"Purifier","floor":7,"gold_loss":0}],"is_beta":true,"boss_relics":[],"items_purged_floors":[],"is_endless":false,"potions_floor_spawned":[2,13],"killed_by":"The Guardian","ascension_level":17}