{"gold_per_floor":[115,129,204,204,204,204,238,238,307,339,349,368,368],"floor_reached":13,"playtime":772,"items_purged":[],"score":186,"play_id":"bf7f4e95-8676-4ce2-903e-096ba1669c0e","local_time":"20190509173857","is_ascension_mode":true,"campfire_choices":[{"data":"Cloak And Dagger","floor":6,"key":"SMITH"},{"floor":8,"key":"REST"}],"neow_cost":"NONE","seed_source_timestamp":1467460715795217,"circlet_count":0,"master_deck":["AscendersBane","Defend_G+1","Defend_G","Defend_G+1","Defend_G","Defend_G","Strike_G","Strike_G","Strike_G","Strike_G","Strike_G","Survivor","Neutralize+1","Flying Knee","Cloak And Dagger+1","Cloak And Dagger","Dodge and Roll","Footwork","Dagger Spray"],"relics":["Ring of the Snake","Kunai","Ice Cream","Singing Bowl","Dream Catcher"],"potions_floor_usage":[10,11],"damage_taken":[{"damage":0,"enemies":"2 Louse","floor":1,"turns":4},{"damage":1,"enemies":"Jaw Worm","floor":2,"turns":3},{"damage":42,"enemies":"Gremlin Nob","floor":7,"turns":6},{"damage":5,"enemies":"Lagavulin","floor":10,"turns":8},{"damage":0,"enemies":"Small Slimes","floor":11,"turns":6},{"damage":3,"enemies":"Red Slaver","floor":12,"turns":5},{"damage":62,"enemies":"Gremlin Nob","floor":13,"turns":6}],"seed_played":"-1292123367436866699","potions_obtained":[{"floor":2,"key":"FairyPotion"},{"floor":7,"key":"PowerPotion"},{"floor":10,"key":"Regen Potion"}],"is_trial":false,"path_per_floor":["M","M","?","T","?","R","E","R","T","E","M","M","E"],"character_chosen":"THE_SILENT","items_purchased":[],"campfire_rested":1,"item_purchase_floors":[],"current_hp_per_floor":[59,58,47,47,27,27,4,23,23,18,33,30,0],"gold":368,"neow_bonus":"UPGRADE_CARD","is_prod":false,"is_daily":false,"chose_seed":false,"campfire_upgraded":1,"win_rate":0,"timestamp":1557437937,"path_taken":["M","M","?","?","?","R","E","R","T","E","M","M","E"],"build_version":"2019-01-23","purchased_purges":0,"victory":false,"max_hp_per_floor":[66,66,66,66,66,66,66,66,66,66,66,66,66],"card_choices":[{"not_picked":["Dodge and Roll","Bane"],"picked":"Flying Knee","floor":1},{"not_picked":["Bane","PiercingWail"],"picked":"Cloak And Dagger","floor":2},{"not_picked":["Sucker Punch","Choke"],"picked":"Cloak And Dagger","floor":7},{"not_picked":["PiercingWail","Slice"],"picked":"Dodge and Roll","floor":10},{"not_picked":["Slice","Choke"],"picked":"Footwork","floor":11},{"not_picked":["Bane","PiercingWail"],"picked":"Dagger Spray","floor":12}],"player_experience":2514389,"relics_obtained":[{"floor":4,"key":"Kunai"},{"floor":7,"key":"Ice Cream"},{"floor":9,"key":"Singing Bowl"},{"floor":10,"key":"Dream Catcher"}],"event_choices":[{"damage_healed":0,"gold_gain":75,"player_choice":"Gather Gold","damage_taken":11,"max_hp_gain":0,"max_hp_loss":0,"event_name":"World of Goop","floor":3,"gold_loss":0},{"damage_healed":0,"gold_gain":0,"player_choice":"Entered Light","damage_taken":20,"max_hp_gain":0,"max_hp_loss":0,"event_name":"Shining Light","floor":5,"gold_loss":0,"cards_upgraded":["Defend_G","Defend_G"]}],"is_beta":false,"boss_relics":[],"items_purged_floors":[],"is_endless":false,"potions_floor_spawned":[2,7,10],"killed_by":"Gremlin Nob","ascension_level":20}