{"path_per_floor":["M","?","?","M","M","R","M","R","T","M","M","E","$","M","R","B",null,"M","?","M","$","M","R","M","M","T","M"],"character_chosen":"IRONCLAD","items_purchased":["Thread and Needle","Medical Kit","Bag of Preparation"],"gold_per_floor":[111,186,361,376,390,390,406,406,430,440,458,493,12,26,26,123,123,139,139,150,0,12,12,31,50,50,66],"floor_reached":28,"campfire_rested":0,"playtime":1305,"current_hp_per_floor":[80,69,69,75,71,71,58,58,58,54,49,31,31,31,31,7,80,76,61,67,67,45,45,29,13,13,15],"items_purged":[],"gold":66,"score":226,"play_id":"c3484631-2cb2-497f-b8f4-1c6230120ab6","local_time":"20180313214536","is_prod":false,"is_daily":false,"is_ascension_mode":false,"campfire_upgraded":4,"timestamp":1520991936,"path_taken":["M","?","?","M","?","R","M","R","T","?","M","E","$","M","R","BOSS","M","?","M","?","?","R","?","M","T","M","M"],"build_version":"2018-03-09","purchased_purges":0,"victory":false,"master_deck":["Strike_R","Strike_R","Strike_R","Strike_R","Strike_R","Defend_R","Defend_R","Defend_R","Defend_R","Bash","Headbutt+1","Doubt","Shrug It Off+1","Flex","Second Wind","Whirlwind","Demon Form+1","True Grit","Barricade+1","Flex+1","Shrug It Off+1","Clothesline+1"],"max_hp_per_floor":[80,80,80,80,80,80,80,80,80,80,80,80,80,80,80,80,80,80,85,85,85,85,85,85,85,85,85],"relics":["Burning Blood","Ancient Tea Set","Omamori","Thread and Needle","Medical Kit","Sozu","Bag of Preparation","Frozen Egg 2"],"card_choices":[{"not_picked":["Havoc","Infernal Blade"],"picked":"Headbutt"},{"not_picked":["Perfected Strike","Metallicize"],"picked":"Shrug It Off"},{"not_picked":["Shockwave","Wild Strike"],"picked":"Flex"},{"not_picked":["Flex","Clothesline"],"picked":"Second Wind"},{"not_picked":["Sword Boomerang","Power Through"],"picked":"Whirlwind"},{"not_picked":["Spot Weakness","Clothesline"],"picked":"Demon Form"},{"not_picked":["Shrug It Off","Anger"],"picked":"True Grit"},{"not_picked":["Brutality","Double Tap"],"picked":"Barricade"},{"not_picked":["Fire Breathing","Anger"],"picked":"Flex"},{"not_picked":["Sever Soul","Combust"],"picked":"Shrug It Off"},{"not_picked":["Body Slam","Clash"],"picked":"Clothesline"}],"player_experience":497432,"potions_floor_usage":[14,14,16,27],"damage_taken":[{"damage":5,"enemies":"Small Slimes","floor":1,"turns":3},{"damage":0,"enemies":"2 Louse","floor":4,"turns":2},{"damage":10,"enemies":"Jaw Worm","floor":5,"turns":4},{"damage":19,"enemies":"Blue Slaver","floor":7,"turns":4},{"damage":10,"enemies":"Looter","floor":10,"turns":3},{"damage":11,"enemies":"Red Slaver","floor":11,"turns":3},{"damage":24,"enemies":"Gremlin Nob","floor":12,"turns":4},{"damage":6,"enemies":"Exordium Wildlife","floor":14,"turns":4},{"damage":30,"enemies":"Slime Boss","floor":16,"turns":10},{"damage":10,"enemies":"Shell Parasite","floor":18,"turns":6},{"damage":0,"enemies":"3 Byrds","floor":20,"turns":7},{"damage":28,"enemies":"Sentry and Sphere","floor":22,"turns":10},{"damage":22,"enemies":"Cultist and Chosen","floor":24,"turns":8},{"damage":22,"enemies":"Snake Plant","floor":25,"turns":5},{"damage":4,"enemies":"Sentry and Sphere","floor":27,"turns":6},{"damage":21,"enemies":"3 Cultists","floor":28,"turns":3}],"event_choices":[{"event_name":"World of Goop","player_choice":"Gather Gold","floor":2,"damage_taken":0},{"event_name":"Liars Game","player_choice":"agreed","floor":3,"damage_taken":0},{"event_name":"Forgotten Altar","player_choice":"Shed Blood","floor":19,"damage_taken":0}],"boss_relics":[{"not_picked":["Pandora\u0027s Box","Black Blood"],"picked":"Sozu"}],"potions_floor_spawned":[4,7,11,12,16,24,27],"seed_played":"3197555958601527387","killed_by":"3 Cultists","ascension_level":0,"is_trial":false}