{"gold_per_floor":[361,361,321,339,358,358,224,245,272,284,337,364,397,452,464,599,611,648,660,691,280,298,298,332,332,332,370,389,403,403],"floor_reached":30,"playtime":2094,"items_purged":["Strike_B"],"score":405,"play_id":"64f26d64-1749-47a9-b5a7-63057f1ed4e9","local_time":"20190506183524","is_ascension_mode":true,"campfire_choices":[{"data":"Zap","floor":6,"key":"SMITH"},{"floor":10,"key":"REST"},{"data":"Genetic Algorithm","floor":15,"key":"SMITH"},{"data":"Defragment","floor":23,"key":"SMITH"},{"floor":25,"key":"REST"}],"neow_cost":"PERCENT_DAMAGE","seed_source_timestamp":168774945761731,"circlet_count":0,"master_deck":["Strike_B","Strike_B","Strike_B","Defend_B","Defend_B","Defend_B","Defend_B","Zap+1","Dualcast+1","Genetic Algorithm+1","FTL","Melter","Self Repair","Conserve Battery","Ball Lightning","Reprogram","Cold Snap","Stack","Compile Driver","Biased Cognition","BootSequence","Defragment+1","Doom and Gloom","FTL+1","Reinforced Body+1","Consume"],"relics":["Cracked Core","Golden Idol","MawBank","Centennial Puzzle","Pantograph","Inserter","DataDisk","Sling","Blue Candle","Red Mask"],"potions_floor_usage":[11,13,14,16,22,24,30],"damage_taken":[{"damage":0,"enemies":"Small Slimes","floor":1,"turns":3},{"damage":0,"enemies":"Cultist","floor":4,"turns":3},{"damage":3,"enemies":"2 Louse","floor":5,"turns":3},{"damage":7,"enemies":"Exordium Wildlife","floor":8,"turns":3},{"damage":11,"enemies":"Gremlin Nob","floor":11,"turns":3},{"damage":11,"enemies":"Looter","floor":12,"turns":3},{"damage":0,"enemies":"Large Slime","floor":13,"turns":4},{"damage":1,"enemies":"Lagavulin","floor":14,"turns":5},{"damage":38,"enemies":"Hexaghost","floor":16,"turns":11},{"damage":28,"enemies":"2 Thieves","floor":18,"turns":5},{"damage":5,"enemies":"Shell Parasite","floor":20,"turns":5},{"damage":8,"enemies":"Snake Plant","floor":22,"turns":5},{"damage":24,"enemies":"Book of Stabbing","floor":24,"turns":5},{"damage":26,"enemies":"Masked Bandits","floor":27,"turns":5},{"damage":15,"enemies":"3 Cultists","floor":28,"turns":6},{"damage":15,"enemies":"Snecko","floor":29,"turns":7},{"damage":8,"enemies":"Gremlin Leader","floor":30,"turns":4}],"seed_played":"7575891699059993654","potions_obtained":[{"floor":3,"key":"Swift Potion"},{"floor":3,"key":"Swift Potion"},{"floor":3,"key":"SkillPotion"},{"floor":4,"key":"FearPotion"},{"floor":8,"key":"FocusPotion"},{"floor":11,"key":"Dexterity Potion"},{"floor":16,"key":"Swift Potion"},{"floor":18,"key":"FocusPotion"},{"floor":20,"key":"Block Potion"}],"is_trial":false,"path_per_floor":["M","?","?","M","M","R","$","M","T","R","E","M","M","E","R","B",null,"M","?","M","$","M","R","E","R","T","?","M","M","E"],"character_chosen":"DEFECT","items_purchased":["Self Repair","Conserve Battery","Ball Lightning","DataDisk","Sling"],"campfire_rested":2,"item_purchase_floors":[7,7,7,21,21],"current_hp_per_floor":[50,32,32,32,29,29,29,22,22,44,40,36,43,42,42,36,65,44,44,46,46,38,38,21,43,43,24,16,1,0],"gold":403,"neow_bonus":"TWO_FIFTY_GOLD","is_prod":false,"is_daily":false,"chose_seed":false,"campfire_upgraded":3,"win_rate":0,"timestamp":1557164124,"path_taken":["M","?","?","?","M","R","$","M","T","R","E","M","M","E","R","BOSS","M","?","M","?","?","R","E","R","T","?","M","M","E"],"build_version":"2019-01-23","purchased_purges":1,"victory":false,"max_hp_per_floor":[75,75,75,75,75,75,75,75,75,75,75,75,75,75,75,75,75,75,75,75,75,75,75,75,75,75,75,75,75,75],"card_choices":[{"not_picked":["Rebound","Steam"],"picked":"Genetic Algorithm","floor":1},{"not_picked":["Beam Cell","Rebound"],"picked":"FTL","floor":4},{"not_picked":["Compile Driver","Skim"],"picked":"Melter","floor":5},{"not_picked":["Compile Driver","Double Energy"],"picked":"Reprogram","floor":8},{"not_picked":["Static Discharge","Steam","Beam Cell"],"picked":"SKIP","floor":11},{"not_picked":["Rebound","Redo"],"picked":"Cold Snap","floor":12},{"not_picked":["Rebound","Leap"],"picked":"Stack","floor":13},{"not_picked":["Tempest","Turbo"],"picked":"Compile Driver","floor":14},{"not_picked":["Core Surge","Meteor Strike"],"picked":"Biased Cognition","floor":16},{"not_picked":["Cold Snap","Gash"],"picked":"BootSequence","floor":18},{"not_picked":["Stack","Recycle"],"picked":"Defragment","floor":20},{"not_picked":["Gash+1","Go for the Eyes"],"picked":"Doom and Gloom","floor":22},{"not_picked":["Gash","Reprogram"],"picked":"FTL+1","floor":24},{"not_picked":["Fusion+1","Steam"],"picked":"Reinforced Body+1","floor":28},{"not_picked":["Stack","Cold Snap+1"],"picked":"Consume","floor":29}],"player_experience":328075,"relics_obtained":[{"floor":9,"key":"MawBank"},{"floor":11,"key":"Centennial Puzzle"},{"floor":14,"key":"Pantograph"},{"floor":24,"key":"Blue Candle"},{"floor":27,"key":"Red Mask"}],"event_choices":[{"damage_healed":0,"gold_gain":0,"player_choice":"Take Damage","damage_taken":18,"relics_obtained":["Golden Idol"],"max_hp_gain":0,"max_hp_loss":0,"event_name":"Golden Idol","floor":2,"gold_loss":0},{"damage_healed":0,"gold_gain":0,"player_choice":"Bought 3 Potions","damage_taken":0,"max_hp_gain":0,"max_hp_loss":0,"event_name":"The Woman in Blue","floor":3,"gold_loss":0},{"damage_healed":0,"gold_gain":0,"player_choice":"Upgraded","damage_taken":0,"max_hp_gain":0,"max_hp_loss":0,"event_name":"Upgrade Shrine","floor":19,"gold_loss":0,"cards_upgraded":["Dualcast"]},{"damage_healed":0,"gold_gain":0,"player_choice":"Fought Bandits","damage_taken":0,"max_hp_gain":0,"max_hp_loss":0,"event_name":"Masked Bandits","floor":27,"gold_loss":0}],"is_beta":false,"boss_relics":[{"not_picked":["Astrolabe","Calling Bell"],"picked":"Inserter"}],"items_purged_floors":[21],"is_endless":false,"potions_floor_spawned":[4,8,11,12,16,18,20],"killed_by":"Gremlin Leader","ascension_level":9}