{"gold_per_floor":[211,211,211,63,79,79,110,110,136,136,136,151,151,169,169,264,264,289,305,26,151,167,167,187,137,137,162,177,177,177,52,52,52],"floor_reached":33,"playtime":1363,"items_purged":["Strike_R","Strike_R","Strike_R"],"score":429,"play_id":"b56e04d8-b8a6-4b6e-925d-d3b41948ab26","local_time":"20190327235455","is_ascension_mode":true,"campfire_choices":[{"data":"Bash","floor":6,"key":"SMITH"},{"floor":8,"key":"REST"},{"data":"Flame Barrier","floor":10,"key":"SMITH"},{"data":"Anger","floor":13,"key":"SMITH"},{"data":"Battle Trance","floor":15,"key":"SMITH"},{"floor":23,"key":"REST"},{"floor":30,"key":"REST"},{"data":"True Grit","floor":32,"key":"SMITH"}],"neow_cost":"NONE","seed_source_timestamp":1254721559136425,"circlet_count":0,"master_deck":["AscendersBane","Strike_R","Strike_R","Defend_R","Defend_R","Defend_R","Defend_R","Bash+1","Flame Barrier+1","Battle Trance+1","Headbutt","Anger+1","Offering","Evolve","Wild Strike","Shrug It Off","Inflame","True Grit+1","True Grit","Sword Boomerang","Shrug It Off"],"relics":["Burning Blood","Golden Idol","Letter Opener","Vajra","Philosopher\u0027s Stone","Charon\u0027s Ashes","Kunai","Shuriken"],"potions_floor_usage":[16,21,22,33],"damage_taken":[{"damage":13,"enemies":"Small Slimes","floor":1,"turns":4},{"damage":7,"enemies":"Jaw Worm","floor":5,"turns":5},{"damage":59,"enemies":"Gremlin Nob","floor":7,"turns":5},{"damage":0,"enemies":"Cultist","floor":12,"turns":2},{"damage":1,"enemies":"Looter","floor":14,"turns":3},{"damage":40,"enemies":"Hexaghost","floor":16,"turns":8},{"damage":6,"enemies":"Chosen","floor":18,"turns":3},{"damage":6,"enemies":"2 Thieves","floor":19,"turns":5},{"damage":15,"enemies":"Colosseum Slavers","floor":21,"turns":4},{"damage":29,"enemies":"Colosseum Nobs","floor":21,"turns":5},{"damage":20,"enemies":"Snake Plant","floor":22,"turns":3},{"damage":6,"enemies":"Shelled Parasite and Fungi","floor":24,"turns":5},{"damage":8,"enemies":"Centurion and Healer","floor":27,"turns":7},{"damage":12,"enemies":"3 Cultists","floor":28,"turns":4},{"damage":51,"enemies":"Automaton","floor":33,"turns":6}],"seed_played":"-178145337999889266","potions_obtained":[{"floor":5,"key":"Dexterity Potion"},{"floor":7,"key":"SkillPotion"},{"floor":16,"key":"LiquidBronze"},{"floor":18,"key":"FearPotion"},{"floor":24,"key":"Strength Potion"}],"is_trial":false,"path_per_floor":["M","?","?","$","M","R","E","R","T","R","$","M","R","M","R","B",null,"M","M","$","?","M","R","M","?","T","M","M","?","R","$","R","B"],"character_chosen":"IRONCLAD","items_purchased":["Flame Barrier","Shrug It Off","Inflame","True Grit"],"campfire_rested":3,"item_purchase_floors":[4,20,20,20],"current_hp_per_floor":[61,61,66,66,65,65,12,33,33,33,33,39,39,44,44,10,57,57,57,57,25,11,32,32,32,32,30,24,24,45,45,45,0],"gold":52,"neow_bonus":"HUNDRED_GOLD","is_prod":false,"is_daily":false,"chose_seed":false,"campfire_upgraded":5,"win_rate":0,"timestamp":1553745295,"path_taken":["M","?","?","$","M","R","E","R","T","R","$","M","R","M","R","BOSS","M","M","$","?","M","R","M","?","T","?","M","?","R","$","R","BOSS"],"build_version":"2019-03-15","purchased_purges":3,"victory":false,"max_hp_per_floor":[75,68,73,73,73,73,73,73,73,73,73,73,73,73,73,73,73,73,73,73,73,73,73,73,73,73,73,73,73,73,73,73,73],"card_choices":[{"not_picked":["Iron Wave","Feel No Pain","Ghostly Armor"],"picked":"SKIP","floor":1},{"not_picked":["Fire Breathing","Wild Strike"],"picked":"Battle Trance","floor":5},{"not_picked":["Clash","Armaments"],"picked":"Headbutt","floor":7},{"not_picked":["Sever Soul","Combust"],"picked":"Anger","floor":12},{"not_picked":["Warcry","Havoc","Flex"],"picked":"SKIP","floor":14},{"not_picked":["Barricade","Exhume"],"picked":"Offering","floor":16},{"not_picked":["Cleave","Anger"],"picked":"Evolve","floor":18},{"not_picked":["Sentinel","Thunderclap"],"picked":"Wild Strike","floor":19},{"not_picked":["Evolve","Infernal Blade+1"],"picked":"True Grit","floor":21},{"not_picked":["Havoc","Anger+1","Pommel Strike"],"picked":"SKIP","floor":22},{"not_picked":["Spot Weakness","Clothesline","Entrench"],"picked":"SKIP","floor":24},{"not_picked":["Anger","Havoc"],"picked":"Sword Boomerang","floor":27},{"not_picked":["Clash","Sever Soul"],"picked":"Shrug It Off","floor":28}],"player_experience":2305199,"relics_obtained":[{"floor":7,"key":"Letter Opener"},{"floor":9,"key":"Vajra"},{"floor":21,"key":"Charon\u0027s Ashes"},{"floor":21,"key":"Kunai"},{"floor":26,"key":"Shuriken"}],"event_choices":[{"damage_healed":0,"gold_gain":0,"player_choice":"Lose Max HP","damage_taken":0,"relics_obtained":["Golden Idol"],"max_hp_gain":0,"max_hp_loss":7,"event_name":"Golden Idol","floor":2,"gold_loss":0},{"damage_healed":0,"gold_gain":0,"player_choice":"Donut","damage_taken":0,"max_hp_gain":5,"max_hp_loss":0,"event_name":"Big Fish","floor":3,"gold_loss":0},{"damage_healed":0,"gold_gain":0,"player_choice":"Fight","damage_taken":0,"max_hp_gain":0,"max_hp_loss":0,"event_name":"Colosseum","floor":21,"gold_loss":0},{"damage_healed":0,"gold_gain":0,"player_choice":"Fought Nobs","damage_taken":0,"max_hp_gain":0,"max_hp_loss":0,"event_name":"Colosseum","floor":21,"gold_loss":0},{"damage_healed":0,"gold_gain":0,"player_choice":"Bet on Murderer","damage_taken":0,"max_hp_gain":0,"max_hp_loss":0,"event_name":"The Joust","floor":25,"gold_loss":50}],"is_beta":true,"boss_relics":[{"not_picked":["White Beast Statue","Runic Cube"],"picked":"Philosopher\u0027s Stone"}],"items_purged_floors":[4,20,31],"is_endless":false,"potions_floor_spawned":[5,7,16,18,24],"killed_by":"Automaton","ascension_level":15}