{"path_per_floor":["M","?","M","M","?","E","R","T","T","M","R","M","R","T","R","B",null,"M","M","$","?","M","R","$","R","T","M","M","M","R","?","R"],"character_chosen":"IRONCLAD","items_purchased":["Molten Egg 2","Pummel"],"gold_per_floor":[18,18,32,47,47,73,73,98,151,166,166,178,178,178,178,279,279,292,310,50,50,70,70,2,2,2,18,37,50,50,50,50],"floor_reached":33,"campfire_rested":1,"playtime":797,"current_hp_per_floor":[80,80,75,71,71,53,53,60,60,56,56,55,55,55,55,9,87,65,34,34,34,15,41,41,41,41,41,26,32,32,32,32],"items_purged":[],"gold":50,"score":247,"play_id":"b40740cd-5130-4bfb-9fc3-940f88c464bd","local_time":"20180312225421","is_prod":false,"is_daily":false,"is_ascension_mode":false,"campfire_upgraded":7,"timestamp":1520909661,"path_taken":["M","?","M","M","?","E","R","?","T","M","R","M","R","?","R","BOSS","M","M","$","?","M","R","$","R","T","M","?","M","R","?","R","BOSS"],"build_version":"2018-03-09","purchased_purges":0,"victory":false,"master_deck":["Strike_R+1","Strike_R+1","Strike_R+1","Strike_R+1","Strike_R+1","Defend_R+1","Bash+1","Heavy Blade+1","Thunderclap+1","Flame Barrier+1","Reckless Charge+1","Whirlwind+1","Bludgeon+1","Pummel+1","Clash+1","Whirlwind+1"],"max_hp_per_floor":[80,80,80,80,80,80,80,87,87,87,87,87,87,87,87,87,87,87,87,87,87,87,87,87,87,87,87,87,87,87,87,87],"relics":["Burning Blood","Du-Vu Doll","Strawberry","Tiny Chest","Unceasing Top","Question Card","Molten Egg 2","Mercury Hourglass"],"card_choices":[{"not_picked":["Pummel","Searing Blow"],"picked":"Heavy Blade"},{"not_picked":["Heavy Blade","Iron Wave"],"picked":"Thunderclap"},{"not_picked":["Warcry","Wild Strike"],"picked":"Flame Barrier"},{"not_picked":["Havoc","Demon Form"],"picked":"Reckless Charge"},{"not_picked":["Headbutt","Heavy Blade"],"picked":"Whirlwind"},{"not_picked":["Barricade","Double Tap"],"picked":"Bludgeon"},{"not_picked":["Blood for Blood","Heavy Blade","Reckless Charge"],"picked":"Clash"},{"not_picked":["Second Wind","Havoc","Dual Wield"],"picked":"Whirlwind"}],"player_experience":485412,"potions_floor_usage":[6,33,33,33],"damage_taken":[{"damage":5,"enemies":"2 Louse","floor":1,"turns":3},{"damage":11,"enemies":"Jaw Worm","floor":3,"turns":2},{"damage":10,"enemies":"Small Slimes","floor":4,"turns":2},{"damage":24,"enemies":"Lagavulin","floor":6,"turns":5},{"damage":10,"enemies":"Looter","floor":10,"turns":3},{"damage":7,"enemies":"Blue Slaver","floor":12,"turns":3},{"damage":52,"enemies":"The Guardian","floor":16,"turns":11},{"damage":28,"enemies":"Shell Parasite","floor":18,"turns":4},{"damage":37,"enemies":"Chosen","floor":19,"turns":4},{"damage":25,"enemies":"Centurion and Healer","floor":22,"turns":5},{"damage":6,"enemies":"3 Cultists","floor":27,"turns":3},{"damage":21,"enemies":"Cultist and Chosen","floor":28,"turns":4},{"damage":0,"enemies":"Snake Plant","floor":29,"turns":2},{"damage":46,"enemies":"Collector","floor":33,"turns":6}],"event_choices":[{"event_name":"The Cleric","player_choice":"Leave","floor":2,"damage_taken":0},{"event_name":"Living Wall","player_choice":"Forget","floor":5,"damage_taken":0},{"event_name":"Back to Basics","player_choice":"Simplicity","floor":21,"damage_taken":0},{"event_name":"Addict","player_choice":"Ignored","floor":31,"damage_taken":0}],"boss_relics":[{"not_picked":["Black Star","Eternal Feather"],"picked":"Question Card"}],"potions_floor_spawned":[1,3,22,29],"seed_played":"-3733672282941793550","killed_by":"Collector","ascension_level":0,"is_trial":false}