{"gold_per_floor":[116,116,116,136,21,55,55,74,74,74,100,118,118,118,118,118],"floor_reached":16,"playtime":744,"items_purged":[],"score":266,"play_id":"7e0b781e-12a9-46d3-96c9-caa29df37320","local_time":"20190407125019","is_ascension_mode":true,"campfire_choices":[{"floor":7,"key":"REST"},{"data":"Flame Barrier","floor":10,"key":"SMITH"},{"data":"True Grit","floor":13,"key":"SMITH"},{"data":"Rampage","floor":15,"key":"SMITH"}],"neow_cost":"NONE","seed_source_timestamp":527626786877485,"circlet_count":0,"master_deck":["AscendersBane","Strike_R","Strike_R","Strike_R","Strike_R+1","Defend_R","Defend_R","Defend_R","Defend_R+1","Bash+1","Rampage+1","True Grit+1","Shrug It Off","Pommel Strike","Flame Barrier+1","Metallicize","Clothesline"],"relics":["Burning Blood","FossilizedHelix","Matryoshka","Boot"],"potions_floor_usage":[6,11,12,16],"damage_taken":[{"damage":9,"enemies":"Small Slimes","floor":1,"turns":5},{"damage":0,"enemies":"2 Louse","floor":4,"turns":3},{"damage":45,"enemies":"3 Sentries","floor":6,"turns":14},{"damage":0,"enemies":"Cultist","floor":8,"turns":3},{"damage":0,"enemies":"Lagavulin","floor":11,"turns":7},{"damage":10,"enemies":"Exordium Thugs","floor":12,"turns":5},{"damage":46,"enemies":"Hexaghost","floor":16,"turns":11}],"seed_played":"6328527765067655729","potions_obtained":[{"floor":1,"key":"Weak Potion"},{"floor":8,"key":"SteroidPotion"},{"floor":11,"key":"Weak Potion"}],"is_trial":false,"path_per_floor":["M","?","?","M","$","E","R","M","T","R","E","M","R","?","R","B"],"character_chosen":"IRONCLAD","items_purchased":["Shrug It Off","FearPotion"],"campfire_rested":1,"item_purchase_floors":[5,5],"current_hp_per_floor":[72,47,40,46,46,7,31,37,37,37,43,39,39,39,39,0],"gold":118,"neow_bonus":"TEN_PERCENT_HP_BONUS","is_prod":false,"is_daily":false,"chose_seed":false,"campfire_upgraded":3,"win_rate":0,"timestamp":1554655819,"path_taken":["M","?","?","M","$","E","R","M","T","R","E","M","R","?","R","BOSS"],"build_version":"2019-01-23","purchased_purges":0,"victory":false,"max_hp_per_floor":[82,82,82,82,82,82,82,82,82,82,82,82,82,82,82,82],"card_choices":[{"not_picked":["Sever Soul","Heavy Blade"],"picked":"Rampage","floor":1},{"not_picked":["Power Through","Sword Boomerang"],"picked":"True Grit","floor":4},{"not_picked":["Twin Strike","Brutality"],"picked":"Pommel Strike","floor":6},{"not_picked":["Cleave","Burning Pact"],"picked":"Flame Barrier","floor":8},{"not_picked":["Sever Soul","Wild Strike"],"picked":"Metallicize","floor":11},{"not_picked":["Bloodletting","Warcry"],"picked":"Clothesline","floor":12}],"player_experience":1694686,"relics_obtained":[{"floor":6,"key":"FossilizedHelix"},{"floor":9,"key":"Matryoshka"},{"floor":11,"key":"Boot"}],"event_choices":[{"damage_healed":0,"gold_gain":0,"player_choice":"Entered Light","damage_taken":25,"max_hp_gain":0,"max_hp_loss":0,"event_name":"Shining Light","floor":2,"gold_loss":0,"cards_upgraded":["Strike_R","Defend_R"]},{"cards_removed":["Strike_R"],"damage_healed":0,"gold_gain":0,"player_choice":"Card Removal","damage_taken":7,"max_hp_gain":0,"max_hp_loss":0,"event_name":"Golden Wing","floor":3,"gold_loss":0},{"damage_healed":0,"gold_gain":0,"player_choice":"Grow","damage_taken":0,"max_hp_gain":0,"max_hp_loss":0,"event_name":"Living Wall","floor":14,"gold_loss":0,"cards_upgraded":["Bash"]}],"is_beta":false,"boss_relics":[],"items_purged_floors":[],"is_endless":false,"potions_floor_spawned":[1,8,11],"killed_by":"Hexaghost","ascension_level":20}