{"gold_per_floor":[112,23,39,39,59,59,84,98,124,159,69,69,81,95,95,172,172,182,201,201],"floor_reached":20,"playtime":1210,"items_purged":[],"score":372,"play_id":"7cdd2df8-0dd3-4cf9-b623-57da56e35319","local_time":"20190408045150","is_ascension_mode":true,"campfire_choices":[{"floor":6,"key":"REST"},{"floor":12,"key":"REST"},{"floor":15,"key":"REST"}],"neow_cost":"NONE","seed_source_timestamp":584847972667494,"circlet_count":0,"master_deck":["AscendersBane","Defend_G","Defend_G","Defend_G","Defend_G","Defend_G","Strike_G","Strike_G","Survivor","Neutralize","Deadly Poison","Footwork","Deflect","Dagger Throw","Footwork","Night Terror","Footwork","PiercingWail","Backflip","Deadly Poison","Burst","Envenom+1","Bane+1","Unload+1","PiercingWail","Riddle With Holes+1"],"relics":["Fusion Hammer","PreservedInsect","Centennial Puzzle","Blood Vial","Astrolabe"],"potions_floor_usage":[7,10,14],"damage_taken":[{"damage":4,"enemies":"Jaw Worm","floor":1,"turns":5},{"damage":4,"enemies":"Cultist","floor":3,"turns":5},{"damage":2,"enemies":"Small Slimes","floor":5,"turns":4},{"damage":21,"enemies":"3 Sentries","floor":7,"turns":10},{"damage":16,"enemies":"Red Slaver","floor":8,"turns":4},{"damage":26,"enemies":"Lagavulin","floor":10,"turns":7},{"damage":5,"enemies":"Looter","floor":13,"turns":4},{"damage":3,"enemies":"Large Slime","floor":14,"turns":7},{"damage":27,"enemies":"The Guardian","floor":16,"turns":13},{"damage":27,"enemies":"3 Byrds","floor":18,"turns":8},{"damage":6,"enemies":"Spheric Guardian","floor":19,"turns":5},{"damage":29,"enemies":"Masked Bandits","floor":20,"turns":2}],"seed_played":"-9122749515523230726","potions_obtained":[{"floor":5,"key":"Explosive Potion"},{"floor":8,"key":"Swift Potion"},{"floor":10,"key":"Explosive Potion"}],"is_trial":false,"path_per_floor":["M","$","M","?","M","R","E","M","T","E","$","R","M","M","R","B",null,"M","M","?"],"character_chosen":"THE_SILENT","items_purchased":["Footwork","Footwork","PiercingWail"],"campfire_rested":3,"item_purchase_floors":[2,11,11],"current_hp_per_floor":[55,55,51,51,49,66,45,29,29,3,3,22,19,18,37,12,53,28,24,0],"gold":201,"neow_bonus":"BOSS_RELIC","is_prod":false,"is_daily":false,"chose_seed":false,"campfire_upgraded":0,"win_rate":0,"timestamp":1554713510,"path_taken":["M","$","M","?","?","R","E","M","T","E","?","R","M","M","R","BOSS","M","M","?"],"build_version":"2019-01-23","purchased_purges":0,"victory":false,"max_hp_per_floor":[66,66,66,66,66,66,66,66,66,66,66,66,66,66,66,66,66,66,66,66],"card_choices":[{"not_picked":["Blade Dance","Poisoned Stab"],"picked":"Deadly Poison","floor":1},{"not_picked":["Bane","Eviscerate"],"picked":"Deflect","floor":3},{"not_picked":["Distraction","Slice"],"picked":"Dagger Throw","floor":5},{"not_picked":["Calculated Gamble","Blade Dance"],"picked":"Footwork","floor":7},{"not_picked":["Flechettes","Poisoned Stab","Underhanded Strike"],"picked":"SKIP","floor":8},{"not_picked":["Blur","Deflect"],"picked":"Night Terror","floor":10},{"not_picked":["Outmaneuver","Poisoned Stab"],"picked":"Backflip","floor":13},{"not_picked":["Skewer","Dodge and Roll"],"picked":"Deadly Poison","floor":14},{"not_picked":["Unload","Phantasmal Killer"],"picked":"Burst","floor":16},{"not_picked":["Sucker Punch","Distraction"],"picked":"PiercingWail","floor":18},{"not_picked":["Escape Plan","Footwork"],"picked":"Riddle With Holes+1","floor":19}],"player_experience":1729097,"relics_obtained":[{"floor":7,"key":"PreservedInsect"},{"floor":9,"key":"Centennial Puzzle"},{"floor":10,"key":"Blood Vial"}],"event_choices":[{"damage_healed":0,"gold_gain":0,"player_choice":"Ignored","damage_taken":0,"max_hp_gain":0,"max_hp_loss":0,"event_name":"WeMeetAgain","floor":4,"gold_loss":0},{"damage_healed":0,"gold_gain":0,"player_choice":"Fought Bandits","damage_taken":0,"max_hp_gain":0,"max_hp_loss":0,"event_name":"Masked Bandits","floor":20,"gold_loss":0}],"is_beta":false,"boss_relics":[{"not_picked":["Runic Dome","Cursed Key"],"picked":"Astrolabe"}],"items_purged_floors":[],"is_endless":false,"potions_floor_spawned":[5,8,10],"killed_by":"Masked Bandits","ascension_level":20}