{"path_per_floor":["M","?","M","$","?","E","?","R","T","E","M","M","M","M","R","B",null,"M","?","M","?","M","E","R","?","T","M","M","R","?","$","R","B",null,"M","?","$","M","?","R","E","?","T","?","R","M","?","E","R"],"character_chosen":"IRONCLAD","items_purchased":["Juzu Bracelet","Orichalcum","Iron Wave","Dexterity Potion","Bag of Marbles","Combust"],"gold_per_floor":[109,109,128,53,128,160,188,188,188,220,238,256,275,288,288,393,423,439,364,383,383,402,437,437,437,483,498,514,514,514,134,134,231,231,249,249,57,74,0,0,27,27,27,27,27,46,46,74,74],"floor_reached":50,"campfire_rested":0,"playtime":3606,"current_hp_per_floor":[78,60,66,66,55,61,48,48,48,33,41,47,45,47,47,26,72,74,74,64,59,57,58,58,58,65,66,48,48,48,48,48,50,62,64,66,66,66,66,66,54,54,54,54,54,63,63,59,59],"items_purged":["Strike_R"],"gold":74,"score":705,"play_id":"c7a4728f-c7e5-4446-94be-5b8c517ff4b5","is_prod":false,"is_daily":false,"is_ascension_mode":true,"campfire_upgraded":8,"path_taken":["M","?","M","?","?","E","?","R","T","E","?","M","?","M","R","BOSS","M","?","M","?","M","E","R","?","T","M","M","R","?","?","R","BOSS","M","?","?","M","?","R","E","?","T","?","R","M","?","E","R","BOSS"],"build_version":"2018-02-15-PROD1","purchased_purges":3,"victory":false,"master_deck":["Defend_R","Defend_R+1","Bash+1","Hemokinesis","Double Tap+1","Dropkick","Clothesline+1","Iron Wave","Reckless Charge","Ghostly Armor+1","Hemokinesis","Blood for Blood","Offering+1","Combust","Inflame+1","Uppercut+1","Bite","Bite","Bite","Bite","Bite","Metallicize+1","Thunderclap+1","Seeing Red+1","Iron Wave","Bludgeon+1","Rupture+1","Shrug It Off+1","Flame Barrier+1","Clothesline+1","Bloodletting+1"],"max_hp_per_floor":[80,80,80,80,80,80,80,80,80,80,80,80,80,80,80,80,85,85,85,85,59,59,59,59,59,66,66,66,66,66,66,66,66,66,66,66,66,66,66,66,66,66,66,66,66,66,66,66,66],"relics":["Black Blood","NeowsBlessing","Dodecahedron","Mummified Hand","Odd Mushroom","Self Forming Clay","Magic Flower","Tiny House","Omamori","Strawberry","Juzu Bracelet","Orichalcum","Bag of Marbles","Red Mask","Pantograph","War Paint","The Courier"],"card_choices":[{"not_picked":["Iron Wave","Armaments"],"picked":"Hemokinesis"},{"not_picked":["Twin Strike","Sentinel"],"picked":"Double Tap"},{"not_picked":["Pummel","Anger"],"picked":"Dropkick"},{"not_picked":["True Grit","Second Wind"],"picked":"Clothesline"},{"not_picked":["Clothesline","Thunderclap"],"picked":"Iron Wave"},{"not_picked":["Anger","Hemokinesis"],"picked":"Reckless Charge"},{"not_picked":["Intimidate","Cleave"],"picked":"Ghostly Armor"},{"not_picked":["Reckless Charge","Power Through"],"picked":"Hemokinesis"},{"not_picked":["Barricade","Havoc"],"picked":"Blood for Blood"},{"not_picked":["Dark Embrace","Impervious"],"picked":"Offering"},{"not_picked":["Anger","Clothesline"],"picked":"Combust"},{"not_picked":["Flex","Whirlwind"],"picked":"Inflame"},{"not_picked":["Dual Wield","Sword Boomerang"],"picked":"Uppercut"},{"not_picked":["Thunderclap","Perfected Strike"],"picked":"Metallicize"},{"not_picked":["Warcry","Infernal Blade"],"picked":"Thunderclap"},{"not_picked":["Immolate","Fire Breathing"],"picked":"Seeing Red"},{"not_picked":["Offering","Fiend Fire"],"picked":"Bludgeon"},{"not_picked":["Dual Wield","Thunderclap"],"picked":"Rupture"},{"not_picked":["Berserk","Cleave"],"picked":"Shrug It Off"},{"not_picked":["Havoc","Evolve"],"picked":"Clothesline"},{"not_picked":["Havoc","Sword Boomerang"],"picked":"Bloodletting"}],"player_experience":298119,"potions_floor_usage":[7,13,16,16,23,33,33,33,46,50],"damage_taken":[{"damage":0,"enemies":"Small Slimes","floor":1,"turns":1},{"damage":0,"enemies":"Jaw Worm","floor":3,"turns":1},{"damage":0,"enemies":"Lagavulin","floor":6,"turns":1},{"damage":19,"enemies":"The Mushroom Lair","floor":7,"turns":4},{"damage":21,"enemies":"3 Sentries","floor":10,"turns":7},{"damage":1,"enemies":"Cultist","floor":11,"turns":3},{"damage":3,"enemies":"Large Slime","floor":12,"turns":5},{"damage":11,"enemies":"Looter","floor":13,"turns":2},{"damage":7,"enemies":"3 Louse","floor":14,"turns":3},{"damage":30,"enemies":"Slime Boss","floor":16,"turns":8},{"damage":7,"enemies":"Chosen","floor":18,"turns":2},{"damage":19,"enemies":"3 Byrds","floor":20,"turns":4},{"damage":23,"enemies":"Centurion and Healer","floor":22,"turns":4},{"damage":23,"enemies":"Book of Stabbing","floor":23,"turns":4},{"damage":17,"enemies":"Snecko","floor":27,"turns":4},{"damage":30,"enemies":"Snake Plant","floor":28,"turns":4},{"damage":25,"enemies":"Collector","floor":33,"turns":6},{"damage":17,"enemies":"3 Darklings","floor":35,"turns":3},{"damage":10,"enemies":"Orb Walker","floor":38,"turns":1},{"damage":45,"enemies":"Giant Head","floor":41,"turns":6},{"damage":24,"enemies":"3 Darklings","floor":46,"turns":5},{"damage":31,"enemies":"Nemesis","floor":48,"turns":5},{"damage":112,"enemies":"Awakened One","floor":50,"turns":9}],"event_choices":[{"event_name":"Scrap Ooze","player_choice":"success","floor":2,"damage_taken":18},{"event_name":"World of Goop","player_choice":"Gather Gold","floor":5,"damage_taken":0},{"event_name":"Mushrooms","player_choice":"Fought Mushrooms","floor":7,"damage_taken":0},{"event_name":"Beggar","player_choice":"Gave Gold","floor":19,"damage_taken":0},{"event_name":"Vampires","player_choice":"Became a vampire","floor":21,"damage_taken":0},{"event_name":"Back to Basics","player_choice":"Elegance","floor":25,"damage_taken":0},{"event_name":"Upgrade Shrine","player_choice":"Upgraded","floor":30,"damage_taken":0},{"event_name":"Winding Halls","player_choice":"Writhe","floor":36,"damage_taken":0},{"event_name":"Tomb of Lord Red Mask","player_choice":"Paid","floor":39,"damage_taken":0},{"event_name":"Transmorgrifier","player_choice":"Transform","floor":44,"damage_taken":0},{"event_name":"Upgrade Shrine","player_choice":"Upgraded","floor":47,"damage_taken":0}],"boss_relics":[{"not_picked":["Runic Dome","Eternal Feather"],"picked":"Tiny House"},{"not_picked":["Black Star","Pandora\u0027s Box"],"picked":"Black Blood"}],"potions_floor_spawned":[3,10,12,13,18,22,35,48],"seed_played":"-2308358869924561208","killed_by":"Awakened One","ascension_level":6,"is_trial":false}