{"path_per_floor":["M","T","M","M","?","E","R","M","T","E","$","E","R","?","R","B",null,"M","M","?","?","?","R","E","M","T","E","?","M","$","?","R","B",null,"M","T","M","M","?","R","E","R","T","E","M","?","$","?","R","B"],"character_chosen":"THE_SILENT","items_purchased":["Juzu Bracelet","Regen Potion","Dexterity Potion","Master of Strategy","Bag of Marbles","Panacea"],"gold_per_floor":[115,115,128,147,147,180,180,193,220,249,103,136,136,136,136,235,235,252,265,180,180,180,180,210,224,251,280,280,294,12,112,112,215,215,230,253,272,288,288,288,314,314,314,347,365,365,40,40,40,40],"floor_reached":51,"campfire_rested":2,"playtime":3637,"current_hp_per_floor":[70,70,69,69,62,44,44,44,44,45,45,33,33,33,71,56,74,68,68,68,68,54,54,46,37,37,14,14,7,7,7,53,6,99,98,98,93,91,91,91,73,73,73,75,52,78,78,78,78,10],"items_purged":["Writhe"],"gold":40,"score":722,"play_id":"e78024d6-22d0-4651-b304-2e9af8d97750","is_prod":false,"is_daily":false,"is_ascension_mode":true,"campfire_upgraded":6,"path_taken":["M","?","M","M","?","E","R","?","T","E","$","E","R","?","R","BOSS","M","M","?","?","?","R","E","M","T","E","?","M","$","?","R","BOSS","M","?","M","M","?","R","E","R","T","E","M","?","$","?","R","BOSS"],"build_version":"2018-02-08-PROD1","purchased_purges":3,"victory":true,"master_deck":["Survivor","Neutralize","Riddle With Holes+1","Backflip","Dagger Spray","Bullet Time","Terror+1","Phantasmal Killer+1","Caltrops+1","Well Laid Plans","Master of Strategy","A Thousand Cuts+1","Backstab","Outmaneuver","Tactician","PiercingWail","PiercingWail","Masterful Stab","Sucker Punch","Night Terror","Acrobatics+1","Backstab+1","After Image+1","Panacea+1"],"max_hp_per_floor":[70,70,70,70,70,70,70,70,70,72,72,72,72,72,74,74,74,76,76,76,76,81,81,93,93,93,95,95,97,97,97,99,99,99,99,99,99,99,99,99,101,101,101,103,105,105,105,105,105,105],"relics":["Philosopher\u0027s Stone","Dream Catcher","Vajra","Pen Nib","Singing Bowl","Juzu Bracelet","Bronze Scales","Regal Pillow","Lizard Tail","Torii","Bag of Preparation","Ninja Scroll","Nloth\u0027s Gift","Pandora\u0027s Box","Snake Skull","Frozen Egg 2","Tingsha","Shovel","Bag of Marbles"],"card_choices":[{"not_picked":["Dodge and Roll","Expertise"],"picked":"Riddle With Holes"},{"not_picked":["Cloak And Dagger","Bane"],"picked":"Backflip"},{"not_picked":["Cloak And Dagger","Flying Knee"],"picked":"Dagger Spray"},{"not_picked":["Deflect","Masterful Stab"],"picked":"Bullet Time"},{"not_picked":["Dodge and Roll","Caltrops"],"picked":"Terror"},{"not_picked":["Die Die Die","Corpse Explosion"],"picked":"Phantasmal Killer"},{"not_picked":["Dagger Throw","Quick Slash"],"picked":"Caltrops"},{"not_picked":["Deflect","Acrobatics"],"picked":"Well Laid Plans"},{"not_picked":["Die Die Die","Tactician"],"picked":"A Thousand Cuts"},{"not_picked":["Predator","Blade Dance"],"picked":"Acrobatics"},{"not_picked":["Sucker Punch","Prepared"],"picked":"Backstab"},{"not_picked":["Accuracy","Dagger Spray"],"picked":"After Image"}],"player_experience":186267,"potions_floor_usage":[6,10,24,25,33,33,41,41,50,50],"damage_taken":[{"damage":0,"enemies":"Blue Slaver","floor":1,"turns":5},{"damage":1,"enemies":"Jaw Worm","floor":3,"turns":4},{"damage":0,"enemies":"Cultist","floor":4,"turns":3},{"damage":18,"enemies":"Gremlin Nob","floor":6,"turns":3},{"damage":0,"enemies":"Large Slime","floor":8,"turns":3},{"damage":1,"enemies":"3 Sentries","floor":10,"turns":4},{"damage":12,"enemies":"Lagavulin","floor":12,"turns":6},{"damage":15,"enemies":"Slime Boss","floor":16,"turns":7},{"damage":8,"enemies":"Spheric Guardian","floor":18,"turns":3},{"damage":0,"enemies":"Chosen","floor":19,"turns":2},{"damage":20,"enemies":"Book of Stabbing","floor":24,"turns":4},{"damage":9,"enemies":"3 Cultists","floor":25,"turns":3},{"damage":25,"enemies":"Gremlin Leader","floor":27,"turns":5},{"damage":9,"enemies":"Slaver and Parasite","floor":29,"turns":3},{"damage":62,"enemies":"Champ","floor":33,"turns":10},{"damage":1,"enemies":"Orb Walker","floor":35,"turns":2},{"damage":5,"enemies":"3 Shapes","floor":37,"turns":5},{"damage":2,"enemies":"3 Darklings","floor":38,"turns":3},{"damage":20,"enemies":"Nemesis","floor":41,"turns":4},{"damage":0,"enemies":"Giant Head","floor":44,"turns":4},{"damage":25,"enemies":"Sphere and 2 Shapes","floor":45,"turns":4},{"damage":68,"enemies":"Donu and Deca","floor":50,"turns":6}],"event_choices":[{"event_name":"Golden Wing","player_choice":"Card Removal","floor":5,"damage_taken":0},{"event_name":"Accursed Blacksmith","player_choice":"Rummage","floor":14,"damage_taken":0},{"event_name":"Addict","player_choice":"Obtained Relic","floor":20,"damage_taken":0},{"event_name":"Upgrade Shrine","player_choice":"Upgraded","floor":21,"damage_taken":0},{"event_name":"Forgotten Altar","player_choice":"Shed Blood","floor":22,"damage_taken":0},{"event_name":"N\u0027loth","player_choice":"Traded a Pear","floor":28,"damage_taken":0},{"event_name":"Golden Shrine","player_choice":"Pray","floor":31,"damage_taken":0},{"event_name":"Winding Halls","player_choice":"Writhe","floor":46,"damage_taken":0},{"event_name":"Match and Keep!","player_choice":"0 cards matched","floor":48,"damage_taken":0}],"boss_relics":[{"not_picked":["Calling Bell","The Specimen"],"picked":"Lizard Tail"},{"not_picked":["Sozu","Runic Pyramid"],"picked":"Pandora\u0027s Box"}],"potions_floor_spawned":[4,6,8,24,33,35,41,44],"seed_played":"8013404696214369663","ascension_level":3,"is_trial":false}