{"gold_per_floor":[118,128,141,153,167,167,182,182,182,182,182,217,217,251,251,340,340,355,369,384,56,72,72,115,115,195,38,38,163,163,186,186,282,282,307,307,325,341,341],"floor_reached":39,"playtime":2685,"items_purged":[],"score":826,"play_id":"6ea1039d-dc94-42a5-a382-0e02239f09eb","local_time":"20190504135930","is_ascension_mode":true,"campfire_choices":[{"data":"Dagger Spray","floor":6.0,"key":"SMITH"},{"data":"Noxious Fumes","floor":8.0,"key":"SMITH"},{"data":"Crippling Poison","floor":10.0,"key":"SMITH"},{"data":"Quick Slash","floor":13.0,"key":"SMITH"},{"floor":15.0,"key":"DIG"},{"data":"After Image","floor":23.0,"key":"SMITH"},{"floor":28.0,"key":"REST"},{"data":"Footwork","floor":30.0,"key":"SMITH"},{"floor":32.0,"key":"REST"}],"neow_cost":"NONE","seed_source_timestamp":1020162992259162,"circlet_count":0,"master_deck":["AscendersBane","Defend_G","Defend_G","Defend_G","Defend_G","Defend_G","Strike_G","Survivor","Neutralize+1","Dagger Throw","Dagger Spray+1","Quick Slash+1","Endless Agony","Noxious Fumes+1","Crippling Poison+1","Dash","After Image+1","Cloak And Dagger+1","Deflect","PiercingWail","Leg Sweep","Footwork+1","Acrobatics","Catalyst","Adrenaline","Backstab+1","Poisoned Stab+1","Malaise+1","Backflip+1"],"special_seed":0,"relics":["Ring of the Serpent","Paper Crane","Golden Idol","Matryoshka","Shovel","Bottled Tornado","Thread and Needle","Ice Cream","Boot","Tingsha","Bottled Lightning","Astrolabe"],"potions_floor_usage":[39],"damage_taken":[{"damage":2.0,"enemies":"Jaw Worm","floor":1.0,"turns":7.0},{"damage":0.0,"enemies":"2 Louse","floor":2.0,"turns":4.0},{"damage":0.0,"enemies":"Small Slimes","floor":3.0,"turns":5.0},{"damage":1.0,"enemies":"Red Slaver","floor":4.0,"turns":3.0},{"damage":0.0,"enemies":"2 Fungi Beasts","floor":5.0,"turns":2.0},{"damage":0.0,"enemies":"Looter","floor":7.0,"turns":3.0},{"damage":4.0,"enemies":"Gremlin Nob","floor":12.0,"turns":3.0},{"damage":8.0,"enemies":"Lagavulin","floor":14.0,"turns":7.0},{"damage":20.0,"enemies":"The Guardian","floor":16.0,"turns":10.0},{"damage":15.0,"enemies":"Chosen","floor":18.0,"turns":5.0},{"damage":11.0,"enemies":"3 Byrds","floor":19.0,"turns":3.0},{"damage":7.0,"enemies":"Centurion and Healer","floor":20.0,"turns":7.0},{"damage":3.0,"enemies":"Cultist and Chosen","floor":22.0,"turns":6.0},{"damage":13.0,"enemies":"Book of Stabbing","floor":24.0,"turns":8.0},{"damage":10.0,"enemies":"Colosseum Slavers","floor":29.0,"turns":4.0},{"damage":1.0,"enemies":"Colosseum Nobs","floor":29.0,"turns":5.0},{"damage":7.0,"enemies":"Shelled Parasite and Fungi","floor":31.0,"turns":6.0},{"damage":18.0,"enemies":"Collector","floor":33.0,"turns":12.0},{"damage":8.0,"enemies":"3 Darklings","floor":35.0,"turns":5.0},{"damage":11.0,"enemies":"3 Shapes","floor":37.0,"turns":4.0},{"damage":23.0,"enemies":"Transient","floor":38.0,"turns":6.0},{"damage":10,"enemies":"Jaw Worm Horde","floor":39,"turns":1}],"seed_played":"2776786171492728680","potions_obtained":[{"floor":2.0,"key":"Explosive Potion"},{"floor":3.0,"key":"Energy Potion"},{"floor":14.0,"key":"SpeedPotion"},{"floor":18.0,"key":"LiquidBronze"},{"floor":19.0,"key":"EntropicBrew"},{"floor":20.0,"key":"EssenceOfSteel"},{"floor":33.0,"key":"AttackPotion"},{"floor":37.0,"key":"Ancient Potion"},{"floor":38.0,"key":"Poison Potion"}],"is_trial":false,"path_per_floor":["M","M","M","M","M","R","M","R","T","R","?","E","R","E","R","B",null,"M","M","M","$","M","R","E","?","T","$","R","?","R","M","R","B",null,"M","?","M","M","M"],"character_chosen":"THE_SILENT","items_purchased":["Thread and Needle","Footwork","GhostInAJar"],"campfire_rested":2,"item_purchase_floors":[21,27,27],"current_hp_per_floor":[57,57,57,56,56,56,56,56,56,56,56,52,52,44,44,24,51,36,25,33,33,30,30,17,17,17,17,35,24,24,17,35,17,49,41,41,30,7,0],"gold":341,"neow_bonus":"UPGRADE_CARD","is_prod":false,"is_daily":false,"chose_seed":false,"campfire_upgraded":6,"win_rate":0,"timestamp":1556992770,"path_taken":["M","M","M","M","M","R","M","R","T","R","?","E","R","E","R","BOSS","M","M","M","$","M","R","E","?","T","$","R","?","R","?","R","BOSS","M","?","M","?","M"],"build_version":"2019-01-23","purchased_purges":0,"victory":false,"max_hp_per_floor":[66,66,66,66,66,66,66,66,66,66,60,60,60,60,60,60,60,60,60,60,60,60,60,60,60,60,60,60,60,60,60,60,60,60,60,60,60,60,60],"card_choices":[{"not_picked":["Catalyst","Choke"],"picked":"Dagger Throw","floor":1.0},{"not_picked":["Catalyst","Deadly Poison"],"picked":"Dagger Spray","floor":2.0},{"not_picked":["Underhanded Strike","Flying Knee"],"picked":"Quick Slash","floor":3.0},{"not_picked":["Infinite Blades","Choke"],"picked":"Endless Agony","floor":4.0},{"not_picked":["Quick Slash","All Out Attack"],"picked":"Noxious Fumes","floor":5.0},{"not_picked":["Backflip","Cloak And Dagger"],"picked":"Crippling Poison","floor":7.0},{"not_picked":["Calculated Gamble","Skewer"],"picked":"Dash","floor":12.0},{"not_picked":["Flying Knee","Poisoned Stab","Underhanded Strike"],"picked":"SKIP","floor":14.0},{"not_picked":["Wraith Form v2","Burst"],"picked":"After Image","floor":16.0},{"not_picked":["Dagger Throw","Underhanded Strike","Choke"],"picked":"SKIP","floor":18.0},{"not_picked":["Bane","Finisher"],"picked":"Cloak And Dagger+1","floor":19.0},{"not_picked":["Accuracy","Acrobatics"],"picked":"Deflect","floor":20.0},{"not_picked":["Escape Plan","Blade Dance+1"],"picked":"PiercingWail","floor":22.0},{"not_picked":["Crippling Poison","Venomology"],"picked":"Leg Sweep","floor":24.0},{"not_picked":["Dagger Spray","Flechettes"],"picked":"Acrobatics","floor":29.0},{"not_picked":["Poisoned Stab","Infinite Blades"],"picked":"Catalyst","floor":31.0},{"not_picked":["Phantasmal Killer","Venomology"],"picked":"Adrenaline","floor":33.0},{"not_picked":["Dash","Underhanded Strike","Prepared"],"picked":"SKIP","floor":35.0},{"not_picked":["Sucker Punch","Bane","Choke"],"picked":"SKIP","floor":37.0},{"not_picked":["Riddle With Holes+1","Flying Knee+1"],"picked":"Backflip+1","floor":38.0}],"player_experience":2345826,"relics_obtained":[{"floor":9.0,"key":"Paper Crane"},{"floor":12.0,"key":"Matryoshka"},{"floor":14.0,"key":"Shovel"},{"floor":15.0,"key":"Bottled Tornado"},{"floor":24.0,"key":"Ice Cream"},{"floor":26.0,"key":"Boot"},{"floor":29.0,"key":"Tingsha"},{"floor":29.0,"key":"Bottled Lightning"}],"event_choices":[{"damage_healed":0.0,"max_hp_gain":0.0,"max_hp_loss":6.0,"gold_gain":0.0,"event_name":"Golden Idol","player_choice":"Lose Max HP","floor":11.0,"gold_loss":0.0,"damage_taken":0.0,"relics_obtained":["Golden Idol"]},{"damage_healed":0.0,"max_hp_gain":0.0,"max_hp_loss":0.0,"gold_gain":0.0,"event_name":"Cursed Tome","player_choice":"Ignored","floor":25.0,"gold_loss":0.0,"damage_taken":0.0},{"damage_healed":0.0,"max_hp_gain":0.0,"max_hp_loss":0.0,"gold_gain":0.0,"event_name":"Colosseum","player_choice":"Fight","floor":29.0,"gold_loss":0.0,"damage_taken":0.0},{"damage_healed":0.0,"max_hp_gain":0.0,"max_hp_loss":0.0,"gold_gain":0.0,"event_name":"Colosseum","player_choice":"Fought Nobs","floor":29.0,"gold_loss":0.0,"damage_taken":0.0},{"cards_removed":["Strike_G"],"damage_healed":0.0,"max_hp_gain":0.0,"max_hp_loss":0.0,"gold_gain":0.0,"event_name":"Purifier","player_choice":"Purged","floor":36.0,"gold_loss":0.0,"damage_taken":0.0}],"is_beta":false,"boss_relics":[{"not_picked":["Eternal Feather","Runic Pyramid"],"picked":"Ring of the Serpent"},{"not_picked":["WristBlade","Snecko Eye"],"picked":"Astrolabe"}],"items_purged_floors":[],"is_endless":false,"potions_floor_spawned":[2,3,14,18,19,20,29,33,37,38],"killed_by":"Jaw Worm Horde","ascension_level":20}