{"gold_per_floor":[110,121,138,138,155,155,173,173,198,198,273,273,284,313,313,385,385,395,395],"floor_reached":19,"playtime":413,"items_purged":[],"score":296,"play_id":"de212ccb-013b-48f1-b1c6-0c23f7bde125","local_time":"20180804224526","is_ascension_mode":true,"campfire_choices":[{"data":"Zap","floor":6,"key":"SMITH"},{"data":"Dualcast","floor":8,"key":"SMITH"},{"floor":12,"key":"REST"},{"data":"Go for the Eyes","floor":15,"key":"SMITH"}],"neow_cost":"TEN_PERCENT_HP_LOSS","seed_source_timestamp":222147322299046,"circlet_count":0,"master_deck":["Strike_B","Strike_B","Strike_B","Strike_B","Defend_B","Defend_B","Defend_B","Defend_B","Zap+1","Dualcast+1","AscendersBane","Core Surge","Go for the Eyes+1","Coolheaded","Ball Lightning","Dagger Throw","Biased Cognition","Stack"],"relics":["Cracked Core","Art of War","Ancient Tea Set","Strawberry","Velvet Choker"],"potions_floor_usage":[7,14],"damage_taken":[{"damage":0,"enemies":"Cultist","floor":1,"turns":3},{"damage":5,"enemies":"Small Slimes","floor":2,"turns":3},{"damage":0,"enemies":"Jaw Worm","floor":3,"turns":3},{"damage":6,"enemies":"2 Fungi Beasts","floor":5,"turns":3},{"damage":0,"enemies":"Large Slime","floor":7,"turns":4},{"damage":0,"enemies":"Looter","floor":13,"turns":2},{"damage":2,"enemies":"Gremlin Nob","floor":14,"turns":3},{"damage":37,"enemies":"The Guardian","floor":16,"turns":14},{"damage":17,"enemies":"Spheric Guardian","floor":18,"turns":4},{"damage":45,"floor":19,"turns":3}],"seed_played":"-8670462030744517328","potions_obtained":[{"floor":2,"key":"SteroidPotion"},{"floor":5,"key":"Energy Potion"},{"floor":13,"key":"FocusPotion"},{"floor":14,"key":"SpeedPotion"}],"is_trial":false,"path_per_floor":["M","M","M","?","M","R","M","R","T","?","?","R","M","E","R","B",null,"M"],"character_chosen":"DEFECT","items_purchased":[],"campfire_rested":1,"item_purchase_floors":[],"current_hp_per_floor":[64,59,59,41,35,35,35,35,35,35,24,43,43,48,48,11,56,39,0],"gold":395,"neow_bonus":"THREE_RARE_CARDS","is_prod":false,"is_daily":false,"chose_seed":false,"campfire_upgraded":3,"win_rate":0,"timestamp":1533447926,"path_taken":["M","M","M","?","M","R","M","R","T","?","?","R","M","E","R","BOSS","M","?"],"build_version":"2018-08-01","purchased_purges":0,"victory":false,"max_hp_per_floor":[64,64,64,64,64,64,64,64,64,64,64,64,64,71,71,71,71,71,71],"card_choices":[{"not_picked":["Creative AI","Reboot"],"picked":"Core Surge","floor":0},{"not_picked":["Rebound","Chaos"],"picked":"Go for the Eyes","floor":1},{"not_picked":["Hologram","Rainbow"],"picked":"Coolheaded","floor":2},{"not_picked":["Scrape","Compile Driver","Streamline"],"picked":"SKIP","floor":3},{"not_picked":["Gash","Static Discharge"],"picked":"Ball Lightning","floor":5},{"not_picked":["Recycle","Lockon"],"picked":"Stack","floor":7},{"not_picked":["Double Energy","Barrage","Streamline"],"picked":"SKIP","floor":13},{"not_picked":["Self Repair","Force Field","Barrage"],"picked":"SKIP","floor":14},{"not_picked":["Reboot","Echo Form"],"picked":"Biased Cognition","floor":16},{"not_picked":["Barrage","Steam"],"picked":"Stack","floor":18}],"player_experience":843509,"relics_obtained":[{"floor":9,"key":"Ancient Tea Set"},{"floor":14,"key":"Strawberry"}],"event_choices":[{"event_name":"Scrap Ooze","player_choice":"success","floor":4,"damage_taken":18},{"event_name":"NoteForYourself","player_choice":"Took Card","floor":10,"damage_taken":0},{"event_name":"World of Goop","player_choice":"Gather Gold","floor":11,"damage_taken":0},{"event_name":"Masked Bandits","player_choice":"Fought over 395 gold","floor":19,"damage_taken":0}],"is_beta":true,"boss_relics":[{"not_picked":["Fusion Hammer","Orrery"],"picked":"Velvet Choker"}],"items_purged_floors":[],"is_endless":false,"potions_floor_spawned":[2,5,13,14],"ascension_level":15}