{"gold_per_floor":[119,119,139,162,212,212,230,268,322,322,282],"floor_reached":11,"playtime":535,"items_purged":[],"score":146,"play_id":"814b1a90-9a3d-47ba-968a-ff85ee2c1779","local_time":"20190426182030","is_ascension_mode":true,"campfire_choices":[{"data":"Defragment","floor":6,"key":"SMITH"},{"floor":10,"key":"REST"}],"neow_cost":"NONE","seed_source_timestamp":346858729051616,"circlet_count":0,"master_deck":["AscendersBane","Strike_B","Strike_B","Strike_B","Strike_B","Defend_B","Defend_B","Defend_B","Defend_B","Zap","Dualcast","Cold Snap","Rebound","Defragment+1","Streamline","Ball Lightning"],"relics":["Cracked Core","Happy Flower","Golden Idol","Dodecahedron","Bag of Preparation"],"potions_floor_usage":[7],"damage_taken":[{"damage":9,"enemies":"2 Louse","floor":1,"turns":3},{"damage":0,"enemies":"Jaw Worm","floor":3,"turns":4},{"damage":0,"enemies":"Cultist","floor":4,"turns":3},{"damage":31,"enemies":"Gremlin Gang","floor":7,"turns":4},{"damage":19,"enemies":"3 Sentries","floor":8,"turns":6},{"damage":32,"enemies":"Exordium Thugs","floor":11,"turns":2}],"seed_played":"8602905476645539648","potions_obtained":[{"floor":3,"key":"Ancient Potion"},{"floor":4,"key":"Poison Potion"}],"is_trial":false,"path_per_floor":["M","?","M","M","?","R","M","E","T","R","M"],"character_chosen":"DEFECT","items_purchased":[],"campfire_rested":1,"item_purchase_floors":[],"current_hp_per_floor":[55,55,55,55,55,55,24,5,5,24,0],"gold":282,"neow_bonus":"RANDOM_COMMON_RELIC","is_prod":false,"is_daily":false,"chose_seed":false,"campfire_upgraded":1,"win_rate":0,"timestamp":1556317230,"path_taken":["M","?","M","M","?","R","M","E","T","R","M"],"build_version":"2019-01-23","purchased_purges":0,"victory":false,"max_hp_per_floor":[71,64,64,64,64,64,64,64,64,64,64],"card_choices":[{"not_picked":["Rebound","Leap"],"picked":"Cold Snap","floor":1},{"not_picked":["Redo","Chaos"],"picked":"Rebound","floor":3},{"not_picked":["Rebound","Compile Driver"],"picked":"Defragment","floor":4},{"not_picked":["Tempest","Heatsinks"],"picked":"Streamline","floor":7},{"not_picked":["Consume","Turbo"],"picked":"Ball Lightning","floor":8}],"player_experience":1963852,"relics_obtained":[{"floor":8,"key":"Dodecahedron"},{"floor":9,"key":"Bag of Preparation"}],"event_choices":[{"damage_healed":0,"gold_gain":0,"player_choice":"Lose Max HP","damage_taken":0,"relics_obtained":["Golden Idol"],"max_hp_gain":0,"max_hp_loss":7,"event_name":"Golden Idol","floor":2,"gold_loss":0},{"damage_healed":0,"gold_gain":50,"player_choice":"Pray","damage_taken":0,"max_hp_gain":0,"max_hp_loss":0,"event_name":"Golden Shrine","floor":5,"gold_loss":0}],"is_beta":false,"boss_relics":[],"items_purged_floors":[],"is_endless":false,"potions_floor_spawned":[3,4],"killed_by":"Exordium Thugs","ascension_level":20}