{"gold_per_floor":[111,124,49,63,81,109,109,144,144,155,168,178,178,210,210,287,287,305,305,205,205,125,125,140,140,140,175,100,100,126,136,136,213,213,226,64,64,64,74,74,100,100,100,115,141,241,241,261,261,261,261,261,80,114,114],"floor_reached":56,"playtime":2748,"items_purged":["Strike_R","Strike_R","Strike_R"],"score":2405,"play_id":"0a8dc7c9-9473-4c9d-be83-a773c7d2f016","local_time":"20190201105530","is_ascension_mode":true,"campfire_choices":[{"data":"Immolate","floor":7.0,"key":"SMITH"},{"data":"Feel No Pain","floor":13.0,"key":"SMITH"},{"data":"Corruption","floor":15.0,"key":"SMITH"},{"data":"Barricade","floor":23.0,"key":"SMITH"},{"data":"Feel No Pain","floor":25.0,"key":"SMITH"},{"data":"True Grit","floor":29.0,"key":"SMITH"},{"data":"True Grit","floor":32.0,"key":"SMITH"},{"data":"Dark Embrace","floor":40.0,"key":"SMITH"},{"data":"True Grit","floor":42.0,"key":"SMITH"},{"floor":47.0,"key":"RECALL"},{"data":"Disarm","floor":49.0,"key":"SMITH"},{"data":"True Grit","floor":52,"key":"SMITH"}],"neow_cost":"TEN_PERCENT_HP_LOSS","seed_source_timestamp":0,"circlet_count":0,"master_deck":["AscendersBane","Strike_R","Defend_R","Defend_R","Defend_R","Defend_R","Immolate+1","True Grit+1","Corruption+1","Flame Barrier","Feel No Pain+1","Battle Trance","Shrug It Off","Disarm+1","True Grit+1","Intimidate","Barricade+1","Uppercut","Feel No Pain+1","True Grit+1","Warcry","Dark Embrace+1","Shockwave","True Grit+1","Body Slam+1"],"special_seed":0,"relics":["Burning Blood","Potion Belt","Dead Branch","StoneCalendar","Gremlin Horn","Mark of Pain","Kunai","Dodecahedron","Strawberry","Busted Crown","Oddly Smooth Stone","Omamori","Blood Vial","Calipers","Lantern"],"potions_floor_usage":[55,55,55,55],"damage_taken":[{"damage":2.0,"enemies":"2 Louse","floor":1.0,"turns":2.0},{"damage":2.0,"enemies":"Jaw Worm","floor":2.0,"turns":3.0},{"damage":1.0,"enemies":"Cultist","floor":4.0,"turns":4.0},{"damage":13.0,"enemies":"3 Louse","floor":5.0,"turns":3.0},{"damage":12.0,"enemies":"3 Sentries","floor":6.0,"turns":4.0},{"damage":10.0,"enemies":"Lagavulin","floor":8.0,"turns":7.0},{"damage":0.0,"enemies":"2 Fungi Beasts","floor":10.0,"turns":3.0},{"damage":0.0,"enemies":"Looter","floor":11.0,"turns":4.0},{"damage":0.0,"enemies":"3 Louse","floor":12.0,"turns":2.0},{"damage":16.0,"enemies":"Gremlin Nob","floor":14.0,"turns":4.0},{"damage":0.0,"enemies":"The Guardian","floor":16.0,"turns":5.0},{"damage":2.0,"enemies":"3 Byrds","floor":18.0,"turns":4.0},{"damage":15.0,"enemies":"2 Thieves","floor":22.0,"turns":4.0},{"damage":3.0,"enemies":"Centurion and Healer","floor":24.0,"turns":5.0},{"damage":0.0,"enemies":"Book of Stabbing","floor":27.0,"turns":7.0},{"damage":0.0,"enemies":"Gremlin Leader","floor":30.0,"turns":3.0},{"damage":12.0,"enemies":"Shelled Parasite and Fungi","floor":31.0,"turns":3.0},{"damage":6.0,"enemies":"Automaton","floor":33.0,"turns":8.0},{"damage":0.0,"enemies":"3 Shapes","floor":35.0,"turns":4.0},{"damage":0.0,"enemies":"Orb Walker","floor":39.0,"turns":5.0},{"damage":12.0,"enemies":"Reptomancer","floor":41.0,"turns":6.0},{"damage":6.0,"enemies":"Transient","floor":44.0,"turns":6.0},{"damage":0.0,"enemies":"Giant Head","floor":45.0,"turns":4.0},{"damage":0.0,"enemies":"Mind Bloom Boss Battle","floor":46.0,"turns":4.0},{"damage":0.0,"enemies":"Spire Growth","floor":48.0,"turns":4.0},{"damage":2,"enemies":"Time Eater","floor":50,"turns":7},{"damage":31,"enemies":"Shield and Spear","floor":54,"turns":8},{"damage":2,"enemies":"The Heart","floor":55,"turns":8}],"seed_played":"8554022302148463402","potions_obtained":[{"floor":6.0,"key":"FearPotion"},{"floor":8.0,"key":"SteroidPotion"},{"floor":10.0,"key":"Weak Potion"},{"floor":11.0,"key":"SpeedPotion"},{"floor":12.0,"key":"Energy Potion"},{"floor":16.0,"key":"Strength Potion"},{"floor":24.0,"key":"Fire Potion"},{"floor":30.0,"key":"Swift Potion"},{"floor":33.0,"key":"SkillPotion"},{"floor":35.0,"key":"Dexterity Potion"},{"floor":39.0,"key":"PowerPotion"},{"floor":48.0,"key":"Dexterity Potion"}],"is_trial":false,"path_per_floor":["M","M","$","M","M","E","R","E","T","M","M","M","R","E","R","B",null,"M","?","$","?","M","R","M","R","T","E","?","R","E","M","R","B",null,"M","$","?","?","M","R","E","R","T","M","E","?","R","M","R","B",null,"R","$","E","B",null],"character_chosen":"IRONCLAD","items_purchased":["Oddly Smooth Stone","Dexterity Potion"],"campfire_rested":0,"item_purchase_floors":[36,53],"current_hp_per_floor":[68,68,68,68,61,55,55,51,51,57,63,68,68,58,58,64,67,68,68,68,68,59,59,62,62,62,68,68,68,75,69,69,69,74,75,75,75,75,75,75,69,69,69,69,75,75,75,75,75,75,75,75,75,50,56],"gold":114,"neow_bonus":"THREE_RARE_CARDS","is_prod":false,"is_daily":false,"chose_seed":false,"campfire_upgraded":11,"win_rate":0,"timestamp":1549043730,"path_taken":["M","M","$","M","M","E","R","E","T","M","M","M","R","E","R","BOSS","M","?","$","?","M","R","?","R","T","E","?","R","E","M","R","BOSS","M","$","?","?","M","R","E","R","T","M","E","?","R","M","R","BOSS","R","$","E","BOSS"],"build_version":"2019-01-23","purchased_purges":3,"victory":true,"max_hp_per_floor":[68,68,68,68,68,68,68,68,68,68,68,68,68,68,68,68,68,68,68,68,68,68,68,68,68,68,68,68,68,75,75,75,75,75,75,75,75,75,75,75,75,75,75,75,75,75,75,75,75,75,75,75,75,75,75],"card_choices":[{"not_picked":["Demon Form","Double Tap"],"picked":"Immolate","floor":0.0},{"not_picked":["Thunderclap","Havoc"],"picked":"True Grit","floor":1.0},{"not_picked":["Pummel","Wild Strike"],"picked":"Corruption","floor":2.0},{"not_picked":["Hemokinesis","Seeing Red"],"picked":"Flame Barrier","floor":4.0},{"not_picked":["Shrug It Off","Sword Boomerang"],"picked":"Feel No Pain","floor":5.0},{"not_picked":["Clash","Pummel"],"picked":"Battle Trance","floor":6.0},{"not_picked":["Ghostly Armor","Body Slam"],"picked":"Shrug It Off","floor":8.0},{"not_picked":["Pommel Strike","Pummel"],"picked":"Disarm","floor":10.0},{"not_picked":["Dual Wield","Sever Soul","Rupture"],"picked":"SKIP","floor":11.0},{"not_picked":["Body Slam","Fiend Fire"],"picked":"True Grit","floor":12.0},{"not_picked":["Twin Strike","Burning Pact"],"picked":"Intimidate","floor":14.0},{"not_picked":["Reaper","Double Tap"],"picked":"Barricade","floor":16.0},{"not_picked":["Bloodletting","Pummel+1"],"picked":"Uppercut","floor":18.0},{"not_picked":["Perfected Strike","Dual Wield","Rupture"],"picked":"SKIP","floor":22.0},{"not_picked":["Hemokinesis","Corruption"],"picked":"Feel No Pain","floor":24.0},{"not_picked":["Spot Weakness","Battle Trance"],"picked":"True Grit","floor":27.0},{"not_picked":["Perfected Strike","Sever Soul"],"picked":"Warcry","floor":30.0},{"not_picked":["Armaments","Seeing Red","Twin Strike"],"picked":"SKIP","floor":31.0},{"not_picked":["Bludgeon","Reaper"],"picked":"Dark Embrace","floor":33.0},{"not_picked":[],"picked":"Shockwave","floor":35.0},{"not_picked":[],"picked":"True Grit","floor":39.0},{"not_picked":[],"picked":"Body Slam+1","floor":41.0},{"not_picked":["Battle Trance"],"picked":"SKIP","floor":44.0},{"not_picked":["Thunderclap"],"picked":"SKIP","floor":45.0},{"not_picked":["Headbutt"],"picked":"SKIP","floor":48.0},{"not_picked":["Infernal Blade"],"picked":"SKIP","floor":54}],"player_experience":1050794,"relics_obtained":[{"floor":6.0,"key":"Potion Belt"},{"floor":8.0,"key":"Dead Branch"},{"floor":9.0,"key":"StoneCalendar"},{"floor":14.0,"key":"Gremlin Horn"},{"floor":26.0,"key":"Kunai"},{"floor":27.0,"key":"Dodecahedron"},{"floor":30.0,"key":"Strawberry"},{"floor":41.0,"key":"Omamori"},{"floor":45.0,"key":"Blood Vial"},{"floor":46.0,"key":"Calipers"},{"floor":54,"key":"Lantern"}],"event_choices":[{"damage_healed":0.0,"max_hp_gain":0.0,"max_hp_loss":0.0,"gold_gain":0.0,"event_name":"Ghosts","player_choice":"Ignored","floor":19.0,"gold_loss":0.0,"damage_taken":0.0},{"damage_healed":0.0,"max_hp_gain":0.0,"max_hp_loss":0.0,"gold_gain":0.0,"event_name":"Match and Keep!","player_choice":"0 cards matched","floor":21.0,"gold_loss":0.0,"damage_taken":0.0,"cards_obtained":[]},{"cards_removed":["Strike_R"],"damage_healed":0.0,"max_hp_gain":0.0,"max_hp_loss":0.0,"gold_gain":0.0,"event_name":"Beggar","player_choice":"Gave Gold","floor":28.0,"gold_loss":75.0,"damage_taken":0.0},{"cards_removed":["Bash"],"damage_healed":0.0,"max_hp_gain":0.0,"max_hp_loss":0.0,"gold_gain":0.0,"event_name":"Falling","player_choice":"Removed Attack","floor":37.0,"gold_loss":0.0,"damage_taken":0.0},{"damage_healed":0.0,"max_hp_gain":0.0,"max_hp_loss":0.0,"gold_gain":0.0,"event_name":"SensoryStone","player_choice":"Memory 1","floor":38.0,"gold_loss":0.0,"damage_taken":0.0},{"damage_healed":0.0,"max_hp_gain":0.0,"max_hp_loss":0.0,"gold_gain":0.0,"event_name":"MindBloom","player_choice":"Fight","floor":46.0,"gold_loss":0.0,"damage_taken":0.0}],"is_beta":true,"boss_relics":[{"not_picked":["Orrery","Black Blood"],"picked":"Mark of Pain"},{"not_picked":["Runic Dome","Black Star"],"picked":"Busted Crown"}],"items_purged_floors":[3,20,53],"is_endless":false,"potions_floor_spawned":[6,8,10,11,12,14,16,24,30,31,33,35,39,45,48],"ascension_level":17}