{"path_per_floor":["M","?","?","$","M","R","M","?","T","$","E","?","$","M","R"],"character_chosen":"THE_SILENT","items_purchased":["Blood Vial","Caltrops","Blur"],"gold_per_floor":[117,117,192,38,54,54,65,89,89,14,44,219,9,19,19,19],"floor_reached":16,"campfire_rested":0,"playtime":736,"current_hp_per_floor":[60,60,49,49,51,57,58,53,53,53,41,41,41,39,47,0],"items_purged":["Strike_G","Doubt"],"gold":19,"score":157,"play_id":"95cd4a4c-d380-4b68-a56a-a7f82d5b6c18","local_time":"20180330160515","is_prod":false,"is_daily":false,"is_ascension_mode":true,"campfire_upgraded":2,"timestamp":1522440315,"path_taken":["M","?","?","$","M","R","M","?","T","$","E","?","$","?","R","BOSS"],"build_version":"2018-03-29v2","purchased_purges":3,"victory":false,"master_deck":["Defend_G","Defend_G","Defend_G","Defend_G","Defend_G","Strike_G","Strike_G","Strike_G","Strike_G","Survivor","Neutralize","AscendersBane","Footwork+1","Caltrops+1","Backstab","Backflip","Riddle With Holes","Caltrops+1","Blur","Malaise+1"],"max_hp_per_floor":[70,70,70,70,70,70,70,70,70,70,70,70,70,70,70,70],"relics":["Eternal Feather","Blood Vial","Odd Mushroom","Unceasing Top","Frozen Egg 2"],"card_choices":[{"not_picked":["Night Terror","Dodge and Roll"],"picked":"Footwork","floor":1},{"not_picked":["Bane","Prepared"],"picked":"Caltrops","floor":5},{"not_picked":["Choke","Deadly Poison"],"picked":"Backstab","floor":7},{"not_picked":["Poisoned Stab","Acrobatics"],"picked":"Backflip","floor":8},{"not_picked":["Outmaneuver","Prepared"],"picked":"Riddle With Holes","floor":11},{"not_picked":["Quick Slash","Tactician"],"picked":"Malaise","floor":14}],"player_experience":635160,"potions_floor_usage":[8,8,16],"damage_taken":[{"damage":3,"enemies":"2 Louse","floor":1,"turns":5},{"damage":0,"enemies":"Cultist","floor":5,"turns":6},{"damage":1,"enemies":"Jaw Worm","floor":7,"turns":4},{"damage":7,"enemies":"The Mushroom Lair","floor":8,"turns":4},{"damage":14,"enemies":"3 Sentries","floor":11,"turns":10},{"damage":4,"enemies":"Large Slime","floor":14,"turns":7},{"damage":59,"enemies":"Slime Boss","floor":16,"turns":12}],"event_choices":[{"event_name":"Living Wall","player_choice":"Grow","floor":2,"damage_taken":0},{"event_name":"World of Goop","player_choice":"Gather Gold","floor":3,"damage_taken":0},{"event_name":"Mushrooms","player_choice":"Fought Mushrooms","floor":8,"damage_taken":0},{"event_name":"Liars Game","player_choice":"agreed","floor":12,"damage_taken":0}],"boss_relics":[],"potions_floor_spawned":[1,7,11],"seed_played":"-4109035375573121683","killed_by":"Slime Boss","ascension_level":12,"is_trial":false}