{"gold_per_floor":[114,38,3,3,3,47,47,63,88,109,134,134,134,165,165,165],"floor_reached":16,"playtime":595,"items_purged":[],"score":266,"play_id":"5f7905ea-7198-436a-b704-e71aa9099d2a","local_time":"20190408022348","is_ascension_mode":true,"campfire_choices":[{"data":"Neutralize","floor":7,"key":"SMITH"},{"data":"Noxious Fumes","floor":12,"key":"SMITH"},{"data":"Footwork","floor":15,"key":"SMITH"}],"neow_cost":"NONE","seed_source_timestamp":576584384051804,"circlet_count":0,"master_deck":["AscendersBane","Defend_G","Defend_G","Defend_G","Defend_G","Defend_G+1","Strike_G","Strike_G","Strike_G","Strike_G","Strike_G","Survivor","Neutralize+1","Escape Plan","Skewer+1","Dodge and Roll+1","Cloak And Dagger","Noxious Fumes+1","Footwork+1","Footwork"],"relics":["Ring of the Snake","NeowsBlessing","Golden Idol","Centennial Puzzle","PreservedInsect","Bag of Preparation"],"potions_floor_usage":[11,16],"damage_taken":[{"damage":0,"enemies":"Cultist","floor":1,"turns":1},{"damage":0,"enemies":"Lagavulin","floor":6,"turns":1},{"damage":0,"enemies":"Jaw Worm","floor":8,"turns":1},{"damage":4,"enemies":"Small Slimes","floor":10,"turns":4},{"damage":13,"enemies":"Exordium Thugs","floor":11,"turns":7},{"damage":4,"enemies":"3 Sentries","floor":14,"turns":8},{"damage":23,"enemies":"Slime Boss","floor":16,"turns":12}],"seed_played":"-917288336969867064","potions_obtained":[{"floor":6,"key":"PowerPotion"},{"floor":8,"key":"Ancient Potion"},{"floor":10,"key":"GhostInAJar"}],"is_trial":false,"path_per_floor":["M","$","?","?","?","E","R","M","T","M","M","R","?","E","R","B"],"character_chosen":"THE_SILENT","items_purchased":["Skewer"],"campfire_rested":0,"item_purchase_floors":[2],"current_hp_per_floor":[59,59,66,60,60,60,60,60,60,56,43,43,25,21,21,0],"gold":165,"neow_bonus":"THREE_ENEMY_KILL","is_prod":false,"is_daily":false,"chose_seed":false,"campfire_upgraded":3,"win_rate":0,"timestamp":1554704628,"path_taken":["M","$","?","?","?","E","R","?","T","M","M","R","?","E","R","BOSS"],"build_version":"2019-01-23","purchased_purges":0,"victory":false,"max_hp_per_floor":[66,66,66,60,60,60,60,60,60,60,60,60,60,60,60,60],"card_choices":[{"not_picked":["Acrobatics","Backflip"],"picked":"Escape Plan","floor":1},{"not_picked":["Sucker Punch","Catalyst"],"picked":"Dodge and Roll","floor":6},{"not_picked":["Acrobatics","Endless Agony"],"picked":"Cloak And Dagger","floor":8},{"not_picked":["Deadly Poison","Concentrate"],"picked":"Noxious Fumes","floor":10},{"not_picked":["Blade Dance","Dagger Throw"],"picked":"Footwork","floor":11},{"not_picked":["Bouncing Flask","Masterful Stab"],"picked":"Footwork","floor":14}],"player_experience":1721022,"relics_obtained":[{"floor":6,"key":"Centennial Puzzle"},{"floor":9,"key":"PreservedInsect"},{"floor":14,"key":"Bag of Preparation"}],"event_choices":[{"damage_healed":16,"gold_gain":0,"player_choice":"Healed","damage_taken":0,"max_hp_gain":0,"max_hp_loss":0,"event_name":"The Cleric","floor":3,"gold_loss":35},{"damage_healed":0,"gold_gain":0,"player_choice":"Lose Max HP","damage_taken":0,"relics_obtained":["Golden Idol"],"max_hp_gain":0,"max_hp_loss":6,"event_name":"Golden Idol","floor":4,"gold_loss":0},{"damage_healed":0,"gold_gain":0,"player_choice":"Upgraded","damage_taken":0,"max_hp_gain":0,"max_hp_loss":0,"event_name":"Upgrade Shrine","floor":5,"gold_loss":0,"cards_upgraded":["Skewer"]},{"damage_healed":0,"gold_gain":0,"player_choice":"Entered Light","damage_taken":18,"max_hp_gain":0,"max_hp_loss":0,"event_name":"Shining Light","floor":13,"gold_loss":0,"cards_upgraded":["Dodge and Roll","Defend_G"]}],"is_beta":false,"boss_relics":[],"items_purged_floors":[],"is_endless":false,"potions_floor_spawned":[6,8,10],"killed_by":"Slime Boss","ascension_level":20}