{"gold_per_floor":[116,132,151,17,31,31,31,106,106,123,123,156,156,186,186,264,264,281,281,331,349,349,349,210,220,244,244,28,28,28,40,40,118,118,132,3,3,3,19,39,64,64,90,90,119,129,129,139,139,139,139],"floor_reached":52,"playtime":3695,"items_purged":[],"score":1851,"play_id":"d33f5c28-329a-4adb-83d5-73a4ccc71e26","local_time":"20190403234740","is_ascension_mode":true,"campfire_choices":[{"data":"Buffer","floor":6,"key":"SMITH"},{"data":"Doom and Gloom","floor":11,"key":"SMITH"},{"data":"Dualcast","floor":13,"key":"SMITH"},{"data":"Cold Snap","floor":15,"key":"SMITH"},{"data":"Self Repair","floor":23,"key":"SMITH"},{"data":"Go for the Eyes","floor":27,"key":"SMITH"},{"data":"Melter","floor":32,"key":"SMITH"},{"data":"Defend_B","floor":42,"key":"SMITH"},{"data":"Defend_B","floor":44,"key":"SMITH"},{"floor":47,"key":"RECALL"}],"neow_cost":"PERCENT_DAMAGE","seed_source_timestamp":218433755781801,"circlet_count":0,"master_deck":["AscendersBane","Defend_B+1","Defend_B+1","Defend_B+1","Zap+1","Dualcast+1","Cold Snap+1","Self Repair+1","Doom and Gloom+1","Buffer+1","Coolheaded+1","Glacier+1","Redo+1","Go for the Eyes+1","Melter+1","Loop+1","Machine Learning+1","Biased Cognition+1","Coolheaded+1","Panacea+1","Stack+1","Coolheaded+1","Consume+1","Darkness+1","Hologram+1","Chill+1"],"relics":["Cracked Core","Toxic Egg 2","Frozen Egg 2","Blood Vial","Coffee Dripper","Darkstone Periapt","Orichalcum","MealTicket","Inserter","PreservedInsect","Bronze Scales","Whetstone"],"potions_floor_usage":[5,12,14,16,21,25,33,40,46,50],"damage_taken":[{"damage":1,"enemies":"Cultist","floor":1,"turns":3},{"damage":5,"enemies":"Jaw Worm","floor":2,"turns":3},{"damage":4,"enemies":"Small Slimes","floor":3,"turns":4},{"damage":12,"enemies":"Exordium Wildlife","floor":5,"turns":4},{"damage":1,"enemies":"Looter","floor":10,"turns":3},{"damage":0,"enemies":"Gremlin Nob","floor":12,"turns":4},{"damage":0,"enemies":"Lagavulin","floor":14,"turns":6},{"damage":31,"enemies":"The Guardian","floor":16,"turns":18},{"damage":21,"enemies":"Shell Parasite","floor":18,"turns":6},{"damage":0,"enemies":"Chosen","floor":21,"turns":5},{"damage":12,"enemies":"Snake Plant","floor":25,"turns":4},{"damage":22,"enemies":"Centurion and Healer","floor":31,"turns":7},{"damage":5,"enemies":"Automaton","floor":33,"turns":12},{"damage":1,"enemies":"Orb Walker","floor":35,"turns":4},{"damage":23,"enemies":"3 Shapes","floor":39,"turns":6},{"damage":19,"enemies":"Jaw Worm Horde","floor":40,"turns":6},{"damage":1,"enemies":"Reptomancer","floor":45,"turns":10},{"damage":8,"enemies":"Sphere and 2 Shapes","floor":46,"turns":4},{"damage":11,"enemies":"Writhing Mass","floor":48,"turns":5},{"damage":25,"enemies":"Awakened One","floor":50,"turns":19},{"damage":8,"enemies":"Donu and Deca","floor":51,"turns":18}],"seed_played":"637041825532574744","potions_obtained":[{"floor":2,"key":"LiquidBronze"},{"floor":5,"key":"Block Potion"},{"floor":12,"key":"SpeedPotion"},{"floor":18,"key":"Strength Potion"},{"floor":21,"key":"EntropicBrew"},{"floor":35,"key":"Strength Potion"},{"floor":45,"key":"EssenceOfSteel"},{"floor":48,"key":"LiquidBronze"}],"is_trial":false,"path_per_floor":["M","M","M","$","M","R","?","?","T","M","R","E","R","E","R","B",null,"M","?","?","M","?","R","?","M","T","R","$","?","$","M","R","B",null,"M","$","?","?","M","M","T","R","T","R","E","M","R","M","R","B","B",null],"character_chosen":"DEFECT","items_purchased":["Buffer","Weak Potion","MealTicket","Panacea+1","Stack+1"],"campfire_rested":0,"item_purchase_floors":[4,4,28,36,36],"current_hp_per_floor":[45,40,43,43,38,38,38,27,27,33,33,40,40,47,47,25,60,48,48,48,57,37,37,37,37,37,37,37,86,86,74,74,81,85,86,86,86,86,73,66,66,66,66,66,77,71,71,72,72,59,63],"gold":139,"neow_bonus":"REMOVE_TWO","is_prod":false,"is_daily":false,"chose_seed":false,"campfire_upgraded":9,"win_rate":0,"timestamp":1554349660,"path_taken":["M","?","M","?","M","R","?","?","T","M","R","E","R","E","R","BOSS","M","?","?","M","?","R","?","?","T","R","$","?","$","?","R","BOSS","M","$","?","?","?","M","?","R","T","R","E","M","R","M","R","BOSS","BOSS"],"build_version":"2019-01-23","purchased_purges":0,"victory":true,"max_hp_per_floor":[71,71,71,71,71,71,71,71,71,71,71,71,71,71,71,71,71,71,71,71,71,76,76,76,76,76,76,76,86,86,86,86,86,86,86,86,86,86,86,86,86,86,86,86,86,86,86,86,86,86,86],"card_choices":[{"not_picked":["Streamline","Hologram"],"picked":"Cold Snap","floor":1},{"not_picked":["Steam Power","Rebound"],"picked":"Self Repair","floor":2},{"not_picked":["Lockon","Gash"],"picked":"Doom and Gloom","floor":3},{"not_picked":["Go for the Eyes","Leap","Lockon"],"picked":"SKIP","floor":5},{"not_picked":["Steam+1","Aggregate+1"],"picked":"Coolheaded+1","floor":10},{"not_picked":["Darkness+1","Compile Driver","Cold Snap"],"picked":"SKIP","floor":12},{"not_picked":["Cold Snap","Defragment+1"],"picked":"Glacier+1","floor":14},{"not_picked":["All For One","Reboot+1"],"picked":"Core Surge","floor":16},{"not_picked":["Chill+1","Go for the Eyes"],"picked":"Redo+1","floor":18},{"not_picked":["Fusion+1","Streamline","Redo+1"],"picked":"SKIP","floor":21},{"not_picked":["Beam Cell","Compile Driver"],"picked":"Loop+1","floor":25},{"not_picked":["Compile Driver","Beam Cell"],"picked":"Machine Learning+1","floor":31},{"not_picked":["Reboot+1","Multi-Cast+1"],"picked":"Biased Cognition+1","floor":33},{"not_picked":["Steam+1","Stack+1"],"picked":"Coolheaded+1","floor":35},{"not_picked":["Go for the Eyes","Cold Snap"],"picked":"Coolheaded+1","floor":39},{"not_picked":["Machine Learning+1","Ball Lightning+1"],"picked":"Consume+1","floor":40},{"not_picked":["Redo+1","Turbo+1"],"picked":"Darkness+1","floor":45},{"not_picked":["Aggregate+1","Gash"],"picked":"Hologram+1","floor":46},{"not_picked":["Compile Driver","Force Field+1"],"picked":"Chill+1","floor":48}],"player_experience":1581561,"relics_obtained":[{"floor":9,"key":"Toxic Egg 2"},{"floor":12,"key":"Frozen Egg 2"},{"floor":14,"key":"Blood Vial"},{"floor":26,"key":"Orichalcum"},{"floor":41,"key":"PreservedInsect"},{"floor":43,"key":"Bronze Scales"},{"floor":45,"key":"Whetstone"}],"event_choices":[{"damage_healed":0,"gold_gain":0,"player_choice":"Grow","damage_taken":0,"max_hp_gain":0,"max_hp_loss":0,"event_name":"Living Wall","floor":7,"gold_loss":0,"cards_upgraded":["Zap"]},{"damage_healed":0,"gold_gain":75,"player_choice":"Gather Gold","damage_taken":11,"max_hp_gain":0,"max_hp_loss":0,"event_name":"World of Goop","floor":8,"gold_loss":0},{"damage_healed":0,"gold_gain":0,"cards_transformed":["Strike_B","Strike_B"],"player_choice":"Became Test Subject","damage_taken":0,"max_hp_gain":0,"max_hp_loss":0,"event_name":"Drug Dealer","floor":19,"gold_loss":0,"cards_obtained":["Go for the Eyes","Melter"]},{"damage_healed":0,"gold_gain":50,"player_choice":"Stole From Cult","damage_taken":0,"max_hp_gain":0,"max_hp_loss":0,"event_name":"Nest","floor":20,"gold_loss":0},{"damage_healed":0,"gold_gain":0,"player_choice":"Shed Blood","damage_taken":25,"max_hp_gain":5,"max_hp_loss":0,"event_name":"Forgotten Altar","floor":22,"gold_loss":0},{"damage_healed":0,"gold_gain":0,"player_choice":"Paid Gold","damage_taken":0,"relics_obtained":["Darkstone Periapt"],"max_hp_gain":0,"max_hp_loss":0,"event_name":"WeMeetAgain","floor":24,"gold_loss":139},{"cards_removed":["Core Surge"],"damage_healed":39,"gold_gain":0,"player_choice":"Offered Rare","damage_taken":0,"max_hp_gain":10,"max_hp_loss":0,"event_name":"Bonfire Elementals","floor":29,"gold_loss":0},{"cards_removed":["Strike_B"],"damage_healed":0,"gold_gain":0,"player_choice":"Removed Attack","damage_taken":0,"max_hp_gain":0,"max_hp_loss":0,"event_name":"Falling","floor":37,"gold_loss":0},{"damage_healed":0,"gold_gain":0,"player_choice":"Forge","damage_taken":0,"max_hp_gain":0,"max_hp_loss":0,"event_name":"Accursed Blacksmith","floor":38,"gold_loss":0,"cards_upgraded":["Defend_B"]}],"is_beta":false,"boss_relics":[{"not_picked":["Eternal Feather","Ectoplasm"],"picked":"Coffee Dripper"},{"not_picked":["Busted Crown","Snecko Eye"],"picked":"Inserter"}],"items_purged_floors":[],"is_endless":false,"potions_floor_spawned":[2,5,12,18,21,35,45,48],"ascension_level":20}