{"gold_per_floor":[112,125,141,141,37,37,62,77,101,101,119,147,147,163,163,267,267,278,278,278,296,2,2,21,21,75,93,122,122,0,0],"floor_reached":31,"playtime":1737,"items_purged":["Strike_B","Strike_B"],"score":424,"play_id":"53697d74-9746-4b14-9130-4c68afb4637b","local_time":"20190318220800","is_ascension_mode":true,"campfire_choices":[{"data":"Zap","floor":6,"key":"SMITH"},{"data":"Self Repair","floor":10,"key":"SMITH"},{"data":"Loop","floor":13,"key":"SMITH"},{"data":"Hologram","floor":15,"key":"SMITH"},{"data":"Sunder","floor":23,"key":"SMITH"},{"data":"Go for the Eyes","floor":25,"key":"SMITH"},{"floor":29,"key":"REST"}],"neow_cost":"NONE","seed_source_timestamp":159214073368612,"circlet_count":0,"master_deck":["AscendersBane","Strike_B","Defend_B","Defend_B","Defend_B","Defend_B","Zap+1","Dualcast+1","Glacier","Hologram+1","Steam+1","Streamline","Self Repair+1","Leap","Go for the Eyes+1","Loop+1","Stack","Sunder+1","Rebound","Hyperbeam","Darkness","Ball Lightning","Auto Shields+1","Ball Lightning","Ball Lightning","Regret","Capacitor"],"relics":["Cracked Core","Smiling Mask","Bronze Scales","Juzu Bracelet","Cursed Key","Sling","War Paint","Bag of Marbles"],"potions_floor_usage":[7,11,11,24,28],"damage_taken":[{"damage":7,"enemies":"2 Louse","floor":1,"turns":3},{"damage":9,"enemies":"Jaw Worm","floor":2,"turns":6},{"damage":18,"enemies":"Small Slimes","floor":3,"turns":3},{"damage":1,"enemies":"Lagavulin","floor":7,"turns":7},{"damage":5,"enemies":"Blue Slaver","floor":8,"turns":4},{"damage":13,"enemies":"Exordium Thugs","floor":11,"turns":5},{"damage":13,"enemies":"3 Sentries","floor":12,"turns":9},{"damage":1,"enemies":"2 Fungi Beasts","floor":14,"turns":3},{"damage":24,"enemies":"The Guardian","floor":16,"turns":11},{"damage":15,"enemies":"Spheric Guardian","floor":18,"turns":6},{"damage":6,"enemies":"Chosen","floor":21,"turns":3},{"damage":16,"enemies":"Snecko","floor":24,"turns":5},{"damage":17,"enemies":"Centurion and Healer","floor":27,"turns":5},{"damage":35,"enemies":"Book of Stabbing","floor":28,"turns":4},{"damage":36,"enemies":"Slavers","floor":31,"turns":3}],"seed_played":"5724234362819844689","potions_obtained":[{"floor":3,"key":"Poison Potion"},{"floor":7,"key":"Energy Potion"},{"floor":8,"key":"Weak Potion"},{"floor":16,"key":"Energy Potion"},{"floor":21,"key":"GamblersBrew"}],"is_trial":false,"path_per_floor":["M","M","M","?","$","R","E","M","T","R","M","E","R","M","R","B",null,"M","?","?","M","$","R","M","R","T","M","E","R","$","E"],"character_chosen":"DEFECT","items_purchased":["Self Repair","Leap","Ball Lightning","Sling","Capacitor"],"campfire_rested":1,"item_purchase_floors":[5,5,22,22,30],"current_hp_per_floor":[61,52,34,27,27,27,33,35,35,35,32,29,29,28,28,14,60,55,55,55,59,59,59,53,53,53,46,11,33,33,0],"gold":0,"neow_bonus":"THREE_CARDS","is_prod":false,"is_daily":false,"chose_seed":false,"campfire_upgraded":6,"win_rate":0,"timestamp":1552961280,"path_taken":["M","M","M","?","$","R","E","M","T","R","M","E","R","M","R","BOSS","M","?","?","M","$","R","M","R","T","M","E","R","$","E"],"build_version":"2019-01-23","purchased_purges":2,"victory":false,"max_hp_per_floor":[75,75,75,75,75,75,75,75,75,75,75,75,75,75,75,75,75,75,75,75,75,75,75,75,75,75,75,75,75,75,75],"card_choices":[{"not_picked":["Stack","Scrape"],"picked":"Glacier","floor":0},{"not_picked":["Conserve Battery","Lockon"],"picked":"Hologram","floor":1},{"not_picked":["Barrage","Turbo"],"picked":"Steam","floor":2},{"not_picked":["Steam","Redo"],"picked":"Streamline","floor":3},{"not_picked":["Hologram","Stack"],"picked":"Go for the Eyes","floor":7},{"not_picked":["Conserve Battery","Consume"],"picked":"Loop","floor":8},{"not_picked":["Steam","Streamline"],"picked":"Stack","floor":11},{"not_picked":["Double Energy","Hello World"],"picked":"Sunder","floor":12},{"not_picked":["Gash","Scrape"],"picked":"Rebound","floor":14},{"not_picked":["Thunder Strike","Machine Learning"],"picked":"Hyperbeam","floor":16},{"not_picked":["Redo","Reinforced Body+1"],"picked":"Darkness","floor":18},{"not_picked":["Barrage","Streamline"],"picked":"Auto Shields+1","floor":21},{"not_picked":["Auto Shields+1","Skim"],"picked":"Ball Lightning","floor":24},{"not_picked":["White Noise","Auto Shields","Melter"],"picked":"SKIP","floor":27},{"not_picked":["Beam Cell","Go for the Eyes","Ball Lightning"],"picked":"SKIP","floor":28}],"player_experience":1232660,"relics_obtained":[{"floor":7,"key":"Smiling Mask"},{"floor":9,"key":"Bronze Scales"},{"floor":12,"key":"Juzu Bracelet"},{"floor":26,"key":"War Paint"},{"floor":28,"key":"Bag of Marbles"}],"event_choices":[{"cards_removed":["Strike_B"],"damage_healed":0,"gold_gain":0,"player_choice":"Card Removal","damage_taken":7,"max_hp_gain":0,"max_hp_loss":0,"event_name":"Golden Wing","floor":4,"gold_loss":0},{"damage_healed":0,"gold_gain":0,"player_choice":"Ignored","damage_taken":0,"max_hp_gain":0,"max_hp_loss":0,"event_name":"Vampires","floor":19,"gold_loss":0},{"damage_healed":0,"gold_gain":0,"player_choice":"Read","damage_taken":0,"max_hp_gain":0,"max_hp_loss":0,"event_name":"The Library","floor":20,"gold_loss":0,"cards_obtained":["Ball Lightning"]}],"is_beta":false,"boss_relics":[{"not_picked":["Philosopher\u0027s Stone","Busted Crown"],"picked":"Cursed Key"}],"items_purged_floors":[22,30],"is_endless":false,"potions_floor_spawned":[3,7,8,16,21],"killed_by":"Slavers","ascension_level":12}