{"gold_per_floor":[113,126,144,164,10,10,10,10,10,40,40,40,90,152,152,231,231,131,181,198,218,85,97,97,147,147,181,231,299,299,313,313,388,388,408,428,9,19,35,35,69,69],"floor_reached":42,"playtime":2412,"items_purged":["Strike_G","Strike_G","Strike_G"],"score":922,"play_id":"cdc117f2-2f89-4624-bb87-4b462284ada5","local_time":"20180826151459","is_ascension_mode":true,"campfire_choices":[{"data":"Neutralize","floor":6.0,"key":"SMITH"},{"data":"Footwork","floor":8.0,"key":"SMITH"},{"data":"Backflip","floor":11.0,"key":"SMITH"},{"data":"Tools of the Trade","floor":15.0,"key":"SMITH"},{"data":"A Thousand Cuts","floor":24.0,"key":"SMITH"},{"floor":30.0,"key":"REST"},{"data":"Footwork","floor":32.0,"key":"SMITH"},{"data":"Footwork","floor":40,"key":"SMITH"}],"neow_cost":"","seed_source_timestamp":968020496556858,"circlet_count":0,"master_deck":["Defend_G","Defend_G","Defend_G","Defend_G","Defend_G","Strike_G","Survivor","Neutralize+1","AscendersBane","Quick Slash","Backflip+1","Poisoned Stab","Dagger Spray","Footwork+1","Tools of the Trade+1","A Thousand Cuts+1","Infinite Blades","Footwork+1","Sucker Punch","Dodge and Roll","Footwork+1","Well Laid Plans","After Image","Cloak And Dagger+1","Backflip","Blur"],"special_seed":0,"relics":["Ring of the Snake","SsserpentHead","Gambling Chip","Sozu","MutagenicStrength","Matryoshka","Sundial","Runic Pyramid","Bottled Tornado","Boot"],"potions_floor_usage":[],"damage_taken":[{"damage":4.0,"enemies":"Jaw Worm","floor":1.0,"turns":7.0},{"damage":0.0,"enemies":"Cultist","floor":2.0,"turns":4.0},{"damage":3.0,"enemies":"Small Slimes","floor":3.0,"turns":6.0},{"damage":0.0,"enemies":"Red Slaver","floor":4.0,"turns":5.0},{"damage":0.0,"enemies":"Lagavulin","floor":12.0,"turns":1.0},{"damage":6.0,"enemies":"3 Louse","floor":14.0,"turns":4.0},{"damage":23.0,"enemies":"The Guardian","floor":16.0,"turns":16.0},{"damage":6.0,"enemies":"2 Thieves","floor":18.0,"turns":5.0},{"damage":1.0,"enemies":"Shell Parasite","floor":20.0,"turns":7.0},{"damage":14.0,"enemies":"Centurion and Healer","floor":21.0,"turns":7.0},{"damage":0.0,"enemies":"Snake Plant","floor":23.0,"turns":8.0},{"damage":32.0,"enemies":"Gremlin Leader","floor":27.0,"turns":9.0},{"damage":0.0,"enemies":"Sentry and Sphere","floor":29.0,"turns":6.0},{"damage":0.0,"enemies":"Centurion and Healer","floor":31.0,"turns":7.0},{"damage":17.0,"enemies":"Automaton","floor":33.0,"turns":19.0},{"damage":0.0,"enemies":"Flame Bruiser 1 Orb","floor":35.0,"turns":7.0},{"damage":0,"enemies":"3 Shapes","floor":36,"turns":5},{"damage":9,"enemies":"3 Darklings","floor":38,"turns":6},{"damage":15,"enemies":"Maw","floor":39,"turns":10},{"damage":0,"enemies":"Giant Head","floor":41,"turns":15},{"damage":38,"enemies":"Flame Bruiser 2 Orb","floor":42,"turns":4}],"seed_played":"-1517703438373547652","potions_obtained":[{"floor":1.0,"key":"Block Potion"},{"floor":10.0,"key":"SmokeBomb"},{"floor":16.0,"key":"FairyPotion"}],"is_trial":false,"path_per_floor":["M","M","M","M","$","R","?","R","T","?","R","E","?","M","R","B",null,"M","?","M","M","$","M","R","?","T","E","?","M","R","M","R","B",null,"M","M","$","M","M","R","E"],"character_chosen":"THE_SILENT","items_purchased":["Footwork","Footwork","Bottled Tornado"],"campfire_rested":1,"item_purchase_floors":[5,22,37],"current_hp_per_floor":[55,55,52,52,52,52,52,52,52,52,52,52,52,46,46,23,55,49,49,48,34,34,34,34,34,34,2,2,2,21,21,21,4,51,51,51,51,42,27,27,27,0],"gold":69,"neow_bonus":"","is_prod":false,"is_daily":false,"chose_seed":false,"campfire_upgraded":7,"win_rate":0,"timestamp":1535321699,"path_taken":["M","M","M","M","$","R","?","R","T","?","R","E","?","?","R","BOSS","M","?","M","M","?","M","R","?","T","E","?","?","R","M","R","BOSS","M","M","$","M","M","R","E","M"],"build_version":"2018-08-23v2","purchased_purges":3,"victory":false,"max_hp_per_floor":[66,66,66,66,66,66,66,66,66,66,66,66,66,66,66,66,66,66,66,66,66,66,66,66,66,66,66,66,66,66,66,66,66,66,66,66,66,66,66,66,66,66],"card_choices":[{"not_picked":["Concentrate","Flying Knee"],"picked":"Quick Slash","floor":1.0},{"not_picked":["Underhanded Strike","Setup"],"picked":"Backflip","floor":2.0},{"not_picked":["Underhanded Strike","Catalyst"],"picked":"Poisoned Stab","floor":3.0},{"not_picked":["Eviscerate","Deflect"],"picked":"Dagger Spray","floor":4.0},{"not_picked":["PiercingWail","Poisoned Stab"],"picked":"Tools of the Trade","floor":14.0},{"not_picked":["Corpse Explosion","Adrenaline"],"picked":"A Thousand Cuts","floor":16.0},{"not_picked":["Escape Plan","Flying Knee"],"picked":"Infinite Blades","floor":18.0},{"not_picked":["Expertise","Deflect"],"picked":"Sucker Punch","floor":20.0},{"not_picked":["Prepared","Bouncing Flask"],"picked":"Dodge and Roll","floor":21.0},{"not_picked":["Dagger Throw","Dagger Spray"],"picked":"Well Laid Plans","floor":23.0},{"not_picked":["Prepared","Acrobatics","Wraith Form v2"],"picked":"SKIP","floor":27.0},{"not_picked":["Dagger Spray","Reflex","Deadly Poison"],"picked":"SKIP","floor":29.0},{"not_picked":["Slice","Flying Knee","Bouncing Flask"],"picked":"SKIP","floor":31.0},{"not_picked":["Burst","Grand Finale"],"picked":"After Image","floor":33.0},{"not_picked":["Blade Dance","Phantasmal Killer","Acrobatics"],"picked":"SKIP","floor":35},{"not_picked":["Blade Dance","Deadly Poison"],"picked":"Cloak And Dagger+1","floor":36},{"not_picked":["Calculated Gamble","Flying Knee+1"],"picked":"Backflip","floor":38},{"not_picked":["Deflect","Phantasmal Killer"],"picked":"Blur","floor":39},{"not_picked":["Quick Slash","Blade Dance","Slice"],"picked":"SKIP","floor":41}],"player_experience":902408,"relics_obtained":[{"floor":9.0,"key":"Gambling Chip"},{"floor":26.0,"key":"Matryoshka"},{"floor":27.0,"key":"Sundial"},{"floor":41,"key":"Boot"}],"event_choices":[{"event_name":"FaceTrader","player_choice":"Trade","floor":7.0,"damage_taken":0.0},{"event_name":"The Woman in Blue","player_choice":"Bought 1 Potion","floor":10.0,"damage_taken":0.0},{"event_name":"Living Wall","player_choice":"Forget","floor":13.0,"damage_taken":0.0},{"event_name":"The Library","player_choice":"Read","floor":19.0,"damage_taken":0.0},{"event_name":"Drug Dealer","player_choice":"Inject Mutagens","floor":25.0,"damage_taken":0.0},{"event_name":"Ghosts","player_choice":"Ignored","floor":28.0,"damage_taken":0.0}],"is_beta":true,"boss_relics":[{"not_picked":["Orrery","Fusion Hammer"],"picked":"Sozu"},{"not_picked":["White Beast Statue","Calling Bell"],"picked":"Runic Pyramid"}],"items_purged_floors":[5,22,37],"is_endless":false,"potions_floor_spawned":[1,12,16,23,27,29,31,35,38,41],"killed_by":"Flame Bruiser 2 Orb","ascension_level":19}