{"gold_per_floor":[119,129,129,129,147,147,164,164,189,219,219,219,14,46,46,125,125,141,80,90,10,60,60,89,89,136,136,136,40,70,80,80,155,155,180,192,204,61,80,80,92,92,92,92],"floor_reached":44,"playtime":1958,"items_purged":["Normality"],"score":900,"play_id":"cd065d31-2b55-4fa1-b0e7-d3fd632343d4","local_time":"20190326023549","is_ascension_mode":true,"campfire_choices":[{"data":"Noxious Fumes","floor":6,"key":"SMITH"},{"data":"Cloak And Dagger","floor":8,"key":"SMITH"},{"data":"Crippling Poison","floor":12,"key":"SMITH"},{"data":"Footwork","floor":15,"key":"SMITH"},{"data":"Malaise","floor":23,"key":"SMITH"},{"floor":25,"key":"REST"},{"floor":28,"key":"REST"},{"floor":32,"key":"REST"},{"floor":40,"key":"REST"}],"neow_cost":"NONE","seed_source_timestamp":779950113085008,"circlet_count":0,"master_deck":["AscendersBane","Defend_G","Defend_G","Defend_G","Defend_G","Defend_G","Strike_G","Strike_G+1","Strike_G","Strike_G","Survivor","Neutralize+1","Noxious Fumes+1","Skewer+1","Dagger Throw","Cloak And Dagger+1","Crippling Poison+1","Footwork+1","Escape Plan","Malaise+1","Sucker Punch+1","Caltrops+1","Backflip","Well Laid Plans+1","Infinite Blades+1","After Image+1","Leg Sweep","Night Terror","Doubt"],"relics":["Ring of the Snake","NeowsBlessing","Whetstone","Juzu Bracelet","Matryoshka","Omamori","Frozen Egg 2","Cursed Key","Sundial","Snake Skull","Oddly Smooth Stone","Happy Flower","Blue Candle","Calling Bell","MawBank","Ornamental Fan","Ginger","Pen Nib"],"potions_floor_usage":[10,16,18,24,30,33,39,39,41],"damage_taken":[{"damage":0,"enemies":"Cultist","floor":1,"turns":1},{"damage":0,"enemies":"Small Slimes","floor":2,"turns":1},{"damage":0,"enemies":"Jaw Worm","floor":5,"turns":1},{"damage":0,"enemies":"Blue Slaver","floor":7,"turns":5},{"damage":8,"enemies":"Lagavulin","floor":10,"turns":10},{"damage":27,"enemies":"Gremlin Nob","floor":14,"turns":4},{"damage":3,"enemies":"Hexaghost","floor":16,"turns":9},{"damage":8,"enemies":"2 Thieves","floor":18,"turns":4},{"damage":14,"enemies":"Chosen","floor":20,"turns":6},{"damage":1,"enemies":"Gremlin Leader","floor":24,"turns":7},{"damage":19,"enemies":"Slavers","floor":30,"turns":5},{"damage":7,"enemies":"Snecko","floor":31,"turns":6},{"damage":29,"enemies":"Collector","floor":33,"turns":10},{"damage":17,"enemies":"3 Shapes","floor":35,"turns":6},{"damage":43,"enemies":"3 Darklings","floor":39,"turns":6},{"damage":22,"enemies":"Jaw Worm Horde","floor":41,"turns":4},{"damage":29,"enemies":"Writhing Mass","floor":44,"turns":1}],"seed_played":"8094719946504430316","potions_obtained":[{"floor":7,"key":"Dexterity Potion"},{"floor":14,"key":"PowerPotion"},{"floor":16,"key":"Swift Potion"},{"floor":20,"key":"GhostInAJar"},{"floor":31,"key":"Energy Potion"},{"floor":35,"key":"EssenceOfSteel"},{"floor":39,"key":"SneckoOil"}],"is_trial":false,"path_per_floor":["M","M","?","?","M","R","M","R","T","E","T","R","$","E","R","B",null,"M","?","M","$","?","R","E","R","T","?","R","$","E","M","R","B",null,"M","?","?","$","M","R","M","?","T","M"],"character_chosen":"THE_SILENT","items_purchased":["Footwork","Omamori","Caltrops+1","Well Laid Plans+1","AttackPotion","Regen Potion"],"campfire_rested":4,"item_purchase_floors":[13,13,21,29,29,38],"current_hp_per_floor":[59,59,52,52,52,52,52,52,52,44,44,44,44,17,17,14,53,45,45,31,31,31,31,30,49,49,31,52,52,33,26,47,18,58,41,41,41,41,13,34,12,12,12,0],"gold":92,"neow_bonus":"THREE_ENEMY_KILL","is_prod":false,"is_daily":false,"chose_seed":false,"campfire_upgraded":5,"win_rate":0,"timestamp":1553582149,"path_taken":["M","?","?","?","M","R","M","R","T","E","?","R","$","E","R","BOSS","M","?","M","?","?","R","E","R","T","?","R","$","E","M","R","BOSS","M","?","?","$","M","R","M","?","T","M"],"build_version":"2019-01-23","purchased_purges":1,"victory":false,"max_hp_per_floor":[66,66,66,66,66,66,66,66,66,66,66,66,66,66,66,66,66,66,66,66,66,66,66,66,66,66,71,71,71,71,71,71,71,71,71,71,71,71,71,71,71,68,68,68],"card_choices":[{"not_picked":["Dodge and Roll","Deflect"],"picked":"Noxious Fumes","floor":1},{"not_picked":["Prepared","Bane"],"picked":"Skewer","floor":2},{"not_picked":["Concentrate","Quick Slash"],"picked":"Dagger Throw","floor":5},{"not_picked":["Blade Dance","Flying Knee"],"picked":"Cloak And Dagger","floor":7},{"not_picked":["Acrobatics","Backflip"],"picked":"Crippling Poison","floor":10},{"not_picked":["Masterful Stab","Tactician"],"picked":"Escape Plan","floor":14},{"not_picked":["Grand Finale","Storm of Steel"],"picked":"Malaise","floor":16},{"not_picked":["Dagger Throw","Sucker Punch","Quick Slash"],"picked":"SKIP","floor":18},{"not_picked":["Outmaneuver","Flying Knee"],"picked":"Sucker Punch+1","floor":20},{"not_picked":["Storm of Steel","Terror"],"picked":"Backflip","floor":24},{"not_picked":["Acrobatics","Predator"],"picked":"Infinite Blades+1","floor":30},{"not_picked":["Backstab","Sucker Punch","Flying Knee"],"picked":"SKIP","floor":31},{"not_picked":["Die Die Die","Corpse Explosion"],"picked":"After Image+1","floor":33},{"not_picked":["Sucker Punch","Dagger Spray+1"],"picked":"Leg Sweep","floor":35},{"not_picked":["Masterful Stab","Dagger Throw+1","Tactician"],"picked":"SKIP","floor":39},{"not_picked":["Sucker Punch+1","Slice+1"],"picked":"Night Terror","floor":41}],"player_experience":1409913,"relics_obtained":[{"floor":9,"key":"Whetstone"},{"floor":10,"key":"Juzu Bracelet"},{"floor":11,"key":"Matryoshka"},{"floor":14,"key":"Frozen Egg 2"},{"floor":24,"key":"Snake Skull"},{"floor":26,"key":"Oddly Smooth Stone"},{"floor":26,"key":"Happy Flower"},{"floor":30,"key":"Blue Candle"},{"floor":34,"key":"MawBank"},{"floor":34,"key":"Ornamental Fan"},{"floor":34,"key":"Ginger"},{"floor":43,"key":"Pen Nib"}],"event_choices":[{"cards_removed":["Strike_G"],"damage_healed":0,"gold_gain":0,"player_choice":"Card Removal","damage_taken":7,"max_hp_gain":0,"max_hp_loss":0,"event_name":"Golden Wing","floor":3,"gold_loss":0},{"damage_healed":0,"gold_gain":0,"player_choice":"Grow","damage_taken":0,"max_hp_gain":0,"max_hp_loss":0,"event_name":"Living Wall","floor":4,"gold_loss":0,"cards_upgraded":["Neutralize"]},{"damage_healed":0,"gold_gain":0,"player_choice":"Paid Gold","damage_taken":0,"relics_obtained":["Sundial"],"max_hp_gain":0,"max_hp_loss":0,"event_name":"WeMeetAgain","floor":19,"gold_loss":61},{"damage_healed":0,"gold_gain":50,"player_choice":"Pray","damage_taken":0,"max_hp_gain":0,"max_hp_loss":0,"event_name":"Golden Shrine","floor":22,"gold_loss":0},{"damage_healed":0,"gold_gain":0,"player_choice":"Shed Blood","damage_taken":23,"max_hp_gain":5,"max_hp_loss":0,"event_name":"Forgotten Altar","floor":27,"gold_loss":0},{"damage_healed":0,"gold_gain":0,"player_choice":"Ignored","damage_taken":0,"max_hp_gain":0,"max_hp_loss":0,"event_name":"Tomb of Lord Red Mask","floor":36,"gold_loss":0},{"damage_healed":0,"gold_gain":0,"player_choice":"Ignored","damage_taken":0,"max_hp_gain":0,"max_hp_loss":0,"event_name":"Mysterious Sphere","floor":37,"gold_loss":0},{"cards_removed":["Parasite"],"damage_healed":0,"gold_gain":0,"player_choice":"Removed Curses","damage_taken":0,"max_hp_gain":0,"max_hp_loss":0,"event_name":"Fountain of Cleansing","floor":42,"gold_loss":0}],"is_beta":false,"boss_relics":[{"not_picked":["Runic Dome","Snecko Eye"],"picked":"Cursed Key"},{"not_picked":["Empty Cage","White Beast Statue"],"picked":"Calling Bell"}],"items_purged_floors":[38],"is_endless":false,"potions_floor_spawned":[7,14,16,20,31,35,39],"killed_by":"Writhing Mass","ascension_level":20}