{"gold_per_floor":[111,111,22,80,90,120,120,120],"floor_reached":8,"playtime":317,"items_purged":[],"score":108,"play_id":"93e947d6-510a-4852-86f8-9e4d1ab8e20d","local_time":"20190502235853","is_ascension_mode":true,"campfire_choices":[{"data":"Dash","floor":7,"key":"SMITH"}],"neow_cost":"NONE","seed_source_timestamp":885755877457331,"circlet_count":0,"master_deck":["AscendersBane","Defend_G","Defend_G","Defend_G","Defend_G","Defend_G","Strike_G","Strike_G","Strike_G","Strike_G","Strike_G","Survivor","Neutralize","Riddle With Holes","Dash+1","Escape Plan","Cloak And Dagger"],"special_seed":0,"relics":["Ring of the Snake","Matryoshka","Ancient Tea Set"],"potions_floor_usage":[6,6],"damage_taken":[{"damage":3.0,"enemies":"Small Slimes","floor":1.0,"turns":5.0},{"damage":0.0,"enemies":"2 Louse","floor":5.0,"turns":3.0},{"damage":24,"enemies":"Gremlin Nob","floor":6,"turns":4},{"damage":5,"enemies":"Lagavulin","floor":8,"turns":7}],"seed_played":"6402662880191063852","potions_obtained":[{"floor":0.0,"key":"Poison Potion"},{"floor":0.0,"key":"Weak Potion"}],"is_trial":false,"path_per_floor":["M","?","$","?","M","E","R","E"],"character_chosen":"THE_SILENT","items_purchased":["Dash"],"campfire_rested":0,"item_purchase_floors":[3],"current_hp_per_floor":[56,45,45,45,45,21,21,16],"gold":120,"neow_bonus":"THREE_SMALL_POTIONS","is_prod":false,"is_daily":false,"chose_seed":false,"campfire_upgraded":1,"win_rate":0,"timestamp":1556855933,"path_taken":["M","?","$","?","M","E","R","E"],"build_version":"2019-01-23","purchased_purges":0,"victory":false,"max_hp_per_floor":[66,66,66,66,66,66,66,66],"card_choices":[{"not_picked":["Underhanded Strike","Blade Dance"],"picked":"Riddle With Holes","floor":1.0},{"not_picked":["Sucker Punch","Acrobatics"],"picked":"Escape Plan","floor":5.0},{"not_picked":["Setup","Quick Slash"],"picked":"Cloak And Dagger","floor":6}],"player_experience":2278705,"relics_obtained":[{"floor":6,"key":"Ancient Tea Set"}],"event_choices":[{"damage_healed":0.0,"max_hp_gain":0.0,"max_hp_loss":0.0,"gold_gain":0.0,"event_name":"Scrap Ooze","player_choice":"Success","floor":2.0,"gold_loss":0.0,"damage_taken":11.0,"relics_obtained":["Matryoshka"]},{"damage_healed":0.0,"max_hp_gain":0.0,"max_hp_loss":0.0,"gold_gain":58.0,"event_name":"Golden Wing","player_choice":"Gained Gold","floor":4.0,"gold_loss":0.0,"damage_taken":0.0}],"is_beta":false,"boss_relics":[],"items_purged_floors":[],"is_endless":false,"potions_floor_spawned":[1],"killed_by":"Lagavulin","ascension_level":20}