{"gold_per_floor":[12,22,22,22,22,22,22,22,47,47,67,80,80,123,135,240,252,283,295,332,360,387,399,411,423,435,447,59,59,59,79,79,170,170,194,215,49,382,382,411,411,446,470,486,505,505,505,516,516,516,516,516,516,106,106],"floor_reached":55,"playtime":3086,"items_purged":["Strike_B+1"],"score":1771,"play_id":"b1b8b05e-9527-4a60-8421-5eb777d0b56b","local_time":"20181210005510","is_ascension_mode":true,"campfire_choices":[{"data":"Zap","floor":6,"key":"SMITH"},{"data":"Echo Form","floor":10,"key":"SMITH"},{"data":"Sunder","floor":13,"key":"SMITH"},{"data":"Fission","floor":15,"key":"SMITH"},{"floor":24,"key":"REST"},{"floor":27,"key":"REST"},{"floor":30,"key":"RECALL"},{"floor":32,"key":"REST"},{"floor":41,"key":"REST"},{"floor":46,"key":"REST"},{"data":"Defragment","floor":49,"key":"SMITH"},{"data":"Echo Form","floor":53,"key":"SMITH"}],"neow_cost":"NO_GOLD","seed_source_timestamp":134565863881862,"circlet_count":0,"master_deck":["AscendersBane","Strike_B+1","Strike_B+1","Strike_B+1","Defend_B+1","Defend_B+1","Defend_B+1","Defend_B+1","Zap+1","Dualcast","Echo Form+1","Glacier","Electrodynamics","Coolheaded","Ball Lightning","Fission+1","Echo Form+1","Stack","White Noise","Leap","Cold Snap","Defragment+1","Coolheaded+1","Fission+1","Defragment+1","Coolheaded+1","Consume+1","Dark Shackles+1"],"relics":["Cracked Core","Ice Cream","Centennial Puzzle","MawBank","Busted Crown","MutagenicStrength","Kunai","Toxic Egg 2","Inserter","Meat on the Bone","Smiling Mask","Vajra"],"potions_floor_usage":[12,42,55,55],"damage_taken":[{"damage":0,"enemies":"Cultist","floor":1,"turns":3},{"damage":0,"enemies":"Jaw Worm","floor":2,"turns":5},{"damage":0,"enemies":"2 Louse","floor":11,"turns":3},{"damage":3,"enemies":"Gremlin Gang","floor":12,"turns":3},{"damage":16,"enemies":"3 Sentries","floor":14,"turns":5},{"damage":11,"enemies":"The Guardian","floor":16,"turns":8},{"damage":14,"enemies":"Chosen","floor":18,"turns":6},{"damage":16,"enemies":"3 Byrds","floor":20,"turns":2},{"damage":7,"enemies":"3 Cultists","floor":21,"turns":3},{"damage":0,"enemies":"Sentry and Sphere","floor":22,"turns":6},{"damage":11,"enemies":"Colosseum Slavers","floor":23,"turns":3},{"damage":13,"enemies":"Shelled Parasite and Fungi","floor":31,"turns":5},{"damage":21,"enemies":"Collector","floor":33,"turns":8},{"damage":13,"enemies":"3 Darklings","floor":35,"turns":3},{"damage":3,"enemies":"Orb Walker","floor":36,"turns":5},{"damage":5,"enemies":"Nemesis","floor":40,"turns":13},{"damage":16,"enemies":"Reptomancer","floor":42,"turns":4},{"damage":4,"enemies":"Sphere and 2 Shapes","floor":44,"turns":6},{"damage":7,"enemies":"Maw","floor":45,"turns":9},{"damage":2,"enemies":"Writhing Mass","floor":48,"turns":7},{"damage":24,"enemies":"Time Eater","floor":50,"turns":13},{"damage":1,"enemies":"Donu and Deca","floor":51,"turns":16},{"damage":62,"enemies":"Shield and Spear","floor":55,"turns":5}],"seed_played":"3267397258727427835","potions_obtained":[{"floor":1,"key":"SpeedPotion"},{"floor":16,"key":"FearPotion"},{"floor":18,"key":"EssenceOfSteel"},{"floor":42,"key":"EssenceOfSteel"}],"is_trial":false,"path_per_floor":["M","M","?","?","$","R","$","?","T","R","M","M","R","E","R","B",null,"M","?","M","M","M","?","R","?","T","R","$","?","R","M","R","B",null,"M","M","$","?","?","E","R","E","T","M","M","R","?","M","R","B","B",null,"R","$","E"],"character_chosen":"DEFECT","items_purchased":["Defragment","Toxic Egg 2","Coolheaded+1","Defragment","FocusPotion","Consume+1","Dark Shackles+1","Vajra"],"campfire_rested":5,"item_purchase_floors":[28,28,28,37,37,54,54,54],"current_hp_per_floor":[64,64,64,53,53,53,53,53,53,53,53,50,50,34,34,23,54,40,40,24,17,17,6,25,25,25,44,44,44,44,31,50,29,55,42,39,39,39,39,34,52,36,36,32,37,55,55,53,53,41,40,56,56,56,0],"gold":106,"neow_bonus":"THREE_RARE_CARDS","is_prod":false,"is_daily":false,"chose_seed":false,"campfire_upgraded":6,"win_rate":0,"timestamp":1544428510,"path_taken":["M","?","?","?","$","R","?","?","T","R","?","M","R","E","R","BOSS","M","?","M","M","M","?","R","?","T","R","$","?","R","?","R","BOSS","M","M","$","?","?","E","R","E","T","M","M","R","?","M","R","BOSS","BOSS","R","$","E"],"build_version":"2018-12-06","purchased_purges":1,"victory":false,"max_hp_per_floor":[71,71,64,64,64,64,64,64,64,64,64,64,64,64,64,64,64,64,64,64,64,64,64,64,64,64,64,64,64,64,64,64,64,64,64,64,64,64,61,61,61,61,61,61,61,61,61,61,61,61,61,61,61,61,61],"card_choices":[{"not_picked":["Multi-Cast","Creative AI"],"picked":"Echo Form","floor":0},{"not_picked":["Force Field","Gash"],"picked":"Glacier","floor":1},{"not_picked":["Steam Power","Sweeping Beam"],"picked":"Sunder","floor":2},{"not_picked":["Stack","Sweeping Beam"],"picked":"Coolheaded","floor":11},{"not_picked":["Cold Snap","Reprogram"],"picked":"Ball Lightning","floor":12},{"not_picked":["Ball Lightning","Storm"],"picked":"Fission","floor":14},{"not_picked":["Buffer","Multi-Cast"],"picked":"Echo Form","floor":16},{"not_picked":[],"picked":"Stack","floor":18},{"not_picked":[],"picked":"White Noise","floor":20},{"not_picked":[],"picked":"Leap","floor":21},{"not_picked":[],"picked":"Cold Snap","floor":22},{"not_picked":["Beam Cell"],"picked":"SKIP","floor":31},{"not_picked":[],"picked":"Fission+1","floor":33},{"not_picked":["Aggregate+1"],"picked":"SKIP","floor":35},{"not_picked":["Barrage"],"picked":"SKIP","floor":36},{"not_picked":["Compile Driver"],"picked":"SKIP","floor":40},{"not_picked":["Compile Driver"],"picked":"SKIP","floor":42},{"not_picked":["Steam+1"],"picked":"SKIP","floor":44},{"not_picked":["All For One"],"picked":"SKIP","floor":45},{"not_picked":[],"picked":"Coolheaded+1","floor":48}],"player_experience":982950,"relics_obtained":[{"floor":9,"key":"Centennial Puzzle"},{"floor":14,"key":"MawBank"},{"floor":26,"key":"Kunai"},{"floor":40,"key":"Meat on the Bone"},{"floor":42,"key":"Smiling Mask"}],"event_choices":[{"damage_healed":0,"gold_gain":0,"player_choice":"Lose Max HP","damage_taken":0,"relics_obtained":["Golden Idol"],"max_hp_gain":0,"max_hp_loss":7,"event_name":"Golden Idol","floor":3,"gold_loss":0},{"damage_healed":0,"gold_gain":0,"player_choice":"Success","damage_taken":11,"relics_obtained":["Ice Cream"],"max_hp_gain":0,"max_hp_loss":0,"event_name":"Scrap Ooze","floor":4,"gold_loss":0},{"damage_healed":0,"gold_gain":0,"player_choice":"1 cards matched","damage_taken":0,"max_hp_gain":0,"max_hp_loss":0,"event_name":"Match and Keep!","floor":8,"gold_loss":0,"cards_obtained":["Electrodynamics"]},{"damage_healed":0,"gold_gain":0,"player_choice":"Simplicity","damage_taken":0,"max_hp_gain":0,"max_hp_loss":0,"event_name":"Back to Basics","floor":19,"gold_loss":0,"cards_upgraded":["Strike_B","Strike_B","Strike_B","Strike_B","Defend_B","Defend_B","Defend_B","Defend_B"]},{"damage_healed":0,"gold_gain":0,"player_choice":"Fight","damage_taken":0,"max_hp_gain":0,"max_hp_loss":0,"event_name":"Colosseum","floor":23,"gold_loss":0},{"damage_healed":0,"gold_gain":0,"player_choice":"Fled From Nobs","damage_taken":0,"max_hp_gain":0,"max_hp_loss":0,"event_name":"Colosseum","floor":23,"gold_loss":0},{"damage_healed":0,"gold_gain":0,"player_choice":"Inject Mutagens","damage_taken":0,"relics_obtained":["MutagenicStrength"],"max_hp_gain":0,"max_hp_loss":0,"event_name":"Drug Dealer","floor":25,"gold_loss":0},{"damage_healed":0,"gold_gain":0,"player_choice":"Upgraded","damage_taken":0,"max_hp_gain":0,"max_hp_loss":0,"event_name":"Upgrade Shrine","floor":29,"gold_loss":0,"cards_upgraded":["Defragment"]},{"damage_healed":0,"gold_gain":333,"player_choice":"Gave Idol","damage_taken":0,"max_hp_gain":0,"max_hp_loss":0,"event_name":"The Moai Head","floor":38,"relics_lost":["Golden Idol"],"gold_loss":0},{"damage_healed":0,"gold_gain":0,"player_choice":"Max HP","damage_taken":0,"max_hp_gain":0,"max_hp_loss":3,"event_name":"Winding Halls","floor":39,"gold_loss":0},{"cards_removed":["Sunder"],"damage_healed":0,"gold_gain":0,"player_choice":"Removed Attack","damage_taken":0,"max_hp_gain":0,"max_hp_loss":0,"event_name":"Falling","floor":47,"gold_loss":0}],"is_beta":true,"boss_relics":[{"not_picked":["Calling Bell","Nuclear Battery"],"picked":"Busted Crown"},{"not_picked":["Runic Pyramid","Pandora\u0027s Box"],"picked":"Inserter"}],"items_purged_floors":[54],"is_endless":false,"potions_floor_spawned":[1,16,18,33,36,42,48],"killed_by":"Shield and Spear","ascension_level":20}