{"gold_per_floor":[114,9,9,9,26,26,36,36,36,66,66,77,77,89,89,166,166,179,55,75,75,75,75,75,38,115,132,132,144,177,196,196,196],"floor_reached":33,"playtime":973,"items_purged":[],"score":514,"play_id":"31b7b5a7-c8d2-4d87-86de-b7c21790ba92","local_time":"20180804094921","is_ascension_mode":true,"campfire_choices":[{"data":"Bash","floor":6.0,"key":"SMITH"},{"data":"Corruption","floor":8.0,"key":"SMITH"},{"data":"Demon Form","floor":11.0,"key":"SMITH"},{"data":"True Grit","floor":15,"key":"SMITH"},{"data":"Metallicize","floor":23,"key":"SMITH"},{"data":"Metallicize","floor":32,"key":"SMITH"}],"neow_cost":"","seed_source_timestamp":175003465247737,"circlet_count":0,"master_deck":["Defend_R","Defend_R","Defend_R","Defend_R","Bash+1","AscendersBane","Shrug It Off","Corruption+1","True Grit+1","Anger","Demon Form+1","Shrug It Off","Warcry","Shrug It Off","Reaper","Warcry","Metallicize+1","True Grit","True Grit","Bite","Bite","Bite","Bite","Ghostly","Ghostly","Ghostly","Ghostly","Ghostly","Metallicize+1","Uppercut+1","Iron Wave+1","Havoc","Pommel Strike+1"],"special_seed":0,"relics":["Burning Blood","Boot","Darkstone Periapt","Ancient Tea Set","Mark of Pain","Molten Egg 2","Mummified Hand"],"potions_floor_usage":[16,20,33,33],"damage_taken":[{"damage":0.0,"enemies":"2 Louse","floor":1.0,"turns":4.0},{"damage":0.0,"enemies":"Cultist","floor":5.0,"turns":4.0},{"damage":8.0,"enemies":"Small Slimes","floor":7.0,"turns":4.0},{"damage":32.0,"enemies":"Gremlin Nob","floor":10.0,"turns":5.0},{"damage":6,"enemies":"Looter","floor":12,"turns":3},{"damage":19,"enemies":"3 Louse","floor":14,"turns":4},{"damage":26,"enemies":"The Guardian","floor":16,"turns":11},{"damage":39,"enemies":"3 Byrds","floor":18,"turns":6},{"damage":22,"enemies":"Chosen","floor":20,"turns":6},{"damage":49,"enemies":"3 Cultists","floor":27,"turns":11},{"damage":0,"enemies":"Snake Plant","floor":29,"turns":7},{"damage":22,"enemies":"Book of Stabbing","floor":30,"turns":9},{"damage":12,"enemies":"Sentry and Sphere","floor":31,"turns":9},{"damage":43,"enemies":"Automaton","floor":33,"turns":10}],"seed_played":"-2331023748762661535","potions_obtained":[{"floor":1.0,"key":"Regen Potion"},{"floor":5.0,"key":"Ancient Potion"},{"floor":10.0,"key":"SteroidPotion"},{"floor":14,"key":"GamblersBrew"},{"floor":18,"key":"BloodPotion"},{"floor":20,"key":"Block Potion"},{"floor":22,"key":"FairyPotion"},{"floor":27,"key":"BloodPotion"}],"is_trial":false,"path_per_floor":["M","$","?","?","M","R","M","R","T","E","R","M","?","M","R","B",null,"M","$","M","?","?","R","?","$","T","M","?","M","E","M","R"],"character_chosen":"IRONCLAD","items_purchased":["Corruption","True Grit","Metallicize","True Grit","Metallicize"],"campfire_rested":0,"item_purchase_floors":[2,2,19,19,25],"current_hp_per_floor":[74,74,74,48,54,54,52,52,52,40,40,40,40,27,27,7,58,50,50,44,44,44,44,26,26,26,10,10,26,17,23,23,0],"gold":196,"neow_bonus":"","is_prod":false,"is_daily":false,"chose_seed":false,"campfire_upgraded":6,"win_rate":0,"timestamp":1533401361,"path_taken":["M","$","?","?","M","R","M","R","T","E","R","M","?","?","R","BOSS","M","$","M","?","?","R","?","$","T","?","?","M","E","M","R","BOSS"],"build_version":"2018-08-01","purchased_purges":0,"victory":false,"max_hp_per_floor":[75,75,75,75,75,75,75,75,75,75,75,75,75,75,75,75,75,75,75,75,52,52,52,26,26,26,26,26,26,26,26,26,26],"card_choices":[{"not_picked":["Heavy Blade","Havoc"],"picked":"Shrug It Off","floor":1.0},{"not_picked":["Dual Wield","Flex"],"picked":"Anger","floor":5.0},{"not_picked":["Whirlwind","Evolve"],"picked":"Demon Form","floor":7.0},{"not_picked":["Sword Boomerang","Flex"],"picked":"Shrug It Off","floor":10.0},{"not_picked":["Flex","Infernal Blade"],"picked":"Warcry","floor":12},{"not_picked":["Reckless Charge","Clothesline"],"picked":"Shrug It Off","floor":14},{"not_picked":["Barricade","Demon Form"],"picked":"Reaper","floor":16},{"not_picked":["Bloodletting","Thunderclap","Warcry"],"picked":"SKIP","floor":18},{"not_picked":["Bloodletting","Thunderclap"],"picked":"Warcry","floor":18},{"not_picked":["Twin Strike","Entrench"],"picked":"True Grit","floor":20},{"not_picked":["Pommel Strike+1","Perfected Strike+1"],"picked":"Uppercut+1","floor":27},{"not_picked":["Headbutt+1","Reckless Charge+1"],"picked":"Iron Wave+1","floor":29},{"not_picked":["Searing Blow+1","Reckless Charge+1"],"picked":"Havoc","floor":30},{"not_picked":["Flex","Heavy Blade+1"],"picked":"Pommel Strike+1","floor":31}],"player_experience":840102,"relics_obtained":[{"floor":9.0,"key":"Darkstone Periapt"},{"floor":10.0,"key":"Ancient Tea Set"},{"floor":26,"key":"Molten Egg 2"},{"floor":30,"key":"Mummified Hand"}],"event_choices":[{"event_name":"Bonfire Elementals","player_choice":"BASIC","floor":3.0,"damage_taken":0.0},{"event_name":"Scrap Ooze","player_choice":"success","floor":4.0,"damage_taken":26.0},{"event_name":"Dead Adventurer","player_choice":"Searched \u00270\u0027 times","floor":13,"damage_taken":0},{"event_name":"Vampires","player_choice":"Became a vampire","floor":21,"damage_taken":0},{"event_name":"The Lab","player_choice":"Got Potions","floor":22,"damage_taken":0},{"event_name":"Ghosts","player_choice":"Became a Ghost","floor":24,"damage_taken":0},{"event_name":"Back to Basics","player_choice":"Elegance","floor":28,"damage_taken":0}],"is_beta":true,"boss_relics":[{"not_picked":["Lizard Tail","Runic Cube"],"picked":"Mark of Pain"}],"items_purged_floors":[],"is_endless":false,"potions_floor_spawned":[1,5,10,14,18,20,27,30],"killed_by":"Automaton","ascension_level":15}