{"path_per_floor":["M","?","M","?","M","R","$","R","T","M","?","M","T","$","R","B",null,"M","?","M","$","M","R","M","M","T","?","$","R","T"],"character_chosen":"IRONCLAD","items_purchased":["Swift Strike","Swift Strike"],"gold_per_floor":[115,115,128,128,139,139,36,36,91,109,109,128,128,22,22,121,121,132,57,76,1,21,21,38,53,99,99,99,99,129,129],"floor_reached":31,"campfire_rested":1,"playtime":861,"current_hp_per_floor":[78,71,62,59,59,59,59,59,59,67,67,60,60,60,60,17,80,53,53,48,48,26,50,41,19,19,19,19,19,19,0],"items_purged":["Defend_R"],"gold":129,"score":225,"play_id":"a3429071-8987-4769-ae83-e877b40149e7","local_time":"20180404224749","is_prod":false,"is_daily":false,"is_ascension_mode":false,"campfire_upgraded":4,"timestamp":1522896469,"path_taken":["M","?","M","?","M","R","$","R","T","M","?","?","?","?","R","BOSS","M","?","?","$","M","R","M","M","T","?","?","R","?","E"],"build_version":"2018-03-29v2","purchased_purges":3,"victory":false,"master_deck":["Strike_R+1","Strike_R+1","Strike_R+1","Strike_R+1","Strike_R+1","Defend_R+1","Bash+1","Twin Strike+1","Pommel Strike","Shrug It Off+1","Swift Strike+1","Pommel Strike","Flex","Swift Strike","Double Tap","Pummel","Heavy Blade","Rage+1","Wild Strike","Shrug It Off"],"max_hp_per_floor":[80,80,80,80,80,80,80,80,80,80,80,80,80,80,80,80,80,80,80,80,80,80,80,80,80,80,80,80,80,80,80],"relics":["White Beast Statue","Whetstone","Tiny Chest"],"card_choices":[{"not_picked":["Havoc","Second Wind"],"picked":"Twin Strike","floor":1},{"not_picked":["Heavy Blade","Warcry"],"picked":"Pommel Strike","floor":3},{"not_picked":["Seeing Red","Feel No Pain"],"picked":"Shrug It Off","floor":5},{"not_picked":["Blood for Blood","Rampage"],"picked":"Pommel Strike","floor":10},{"not_picked":["Heavy Blade","Intimidate"],"picked":"Flex","floor":12},{"not_picked":["Brutality","Fiend Fire"],"picked":"Double Tap","floor":16},{"not_picked":["Anger","Clash"],"picked":"Pummel","floor":18},{"not_picked":["Body Slam","Havoc"],"picked":"Heavy Blade","floor":20},{"not_picked":["Corruption","Havoc"],"picked":"Rage","floor":22},{"not_picked":["Limit Break","Iron Wave"],"picked":"Wild Strike","floor":24},{"not_picked":["Sword Boomerang","Disarm"],"picked":"Shrug It Off","floor":25}],"player_experience":671600,"potions_floor_usage":[10,12,16,16,18,22,24,24,25],"damage_taken":[{"damage":2,"enemies":"Small Slimes","floor":1,"turns":4},{"damage":9,"enemies":"Jaw Worm","floor":3,"turns":4},{"damage":0,"enemies":"2 Louse","floor":5,"turns":2},{"damage":1,"enemies":"Exordium Wildlife","floor":10,"turns":4},{"damage":7,"enemies":"Blue Slaver","floor":12,"turns":2},{"damage":43,"enemies":"The Guardian","floor":16,"turns":8},{"damage":27,"enemies":"Shell Parasite","floor":18,"turns":5},{"damage":5,"enemies":"Chosen","floor":20,"turns":3},{"damage":22,"enemies":"Snecko","floor":22,"turns":4},{"damage":9,"enemies":"3 Cultists","floor":24,"turns":4},{"damage":22,"enemies":"Snake Plant","floor":25,"turns":3},{"damage":22,"enemies":"Book of Stabbing","floor":31,"turns":4}],"event_choices":[{"event_name":"Golden Wing","player_choice":"Card Removal","floor":2,"damage_taken":0},{"event_name":"Scrap Ooze","player_choice":"unsuccessful","floor":4,"damage_taken":3},{"event_name":"Golden Idol","player_choice":"Ignored","floor":11,"damage_taken":0},{"event_name":"Beggar","player_choice":"Gave Gold","floor":19,"damage_taken":0},{"event_name":"Back to Basics","player_choice":"Simplicity","floor":27,"damage_taken":0}],"boss_relics":[{"not_picked":["Cursed Key","Runic Dome","Tiny House"]}],"potions_floor_spawned":[1,3,5,10,12,16,18,20,22,24,25],"seed_played":"2509914712252379819","killed_by":"Book of Stabbing","ascension_level":0,"is_trial":false}