{"gold_per_floor":[119,135,148,160,177,177,212,212,212,212,225,242,260,45,45,122,122,142,142,41,41],"floor_reached":21,"playtime":2773,"items_purged":["Strike_G"],"score":339,"play_id":"1c7d6da7-23a7-4b4f-b7b3-a64f990fe55a","local_time":"20190321173233","is_ascension_mode":true,"campfire_choices":[{"data":"Bouncing Flask","floor":6,"key":"SMITH"},{"data":"Caltrops","floor":8,"key":"SMITH"},{"data":"Neutralize","floor":10,"key":"SMITH"},{"floor":15,"key":"REST"}],"neow_cost":"NONE","seed_source_timestamp":0,"circlet_count":0,"master_deck":["AscendersBane","Defend_G","Defend_G","Defend_G","Defend_G","Defend_G","Strike_G","Strike_G","Strike_G","Strike_G","Survivor","Neutralize+1","Escape Plan","Infinite Blades","Terror","Bouncing Flask+1","PiercingWail","Caltrops+1","Acrobatics+1","Calculated Gamble+1","Prepared+1","Dodge and Roll+1","Adrenaline+1","Quick Slash","Deadly Poison+1"],"special_seed":0,"relics":["White Beast Statue","Mango","Toxic Egg 2","Snake Skull","Cursed Key","Enchiridion"],"potions_floor_usage":[4,5,7,11,11,12,13,13,16,21,21],"damage_taken":[{"damage":10.0,"enemies":"Cultist","floor":1.0,"turns":5.0},{"damage":1.0,"enemies":"Small Slimes","floor":2.0,"turns":5.0},{"damage":3.0,"enemies":"Jaw Worm","floor":3.0,"turns":4.0},{"damage":10,"enemies":"3 Louse","floor":4,"turns":4},{"damage":1,"enemies":"Red Slaver","floor":5,"turns":4},{"damage":55,"enemies":"3 Sentries","floor":7,"turns":11},{"damage":6,"enemies":"Looter","floor":11,"turns":4},{"damage":9,"enemies":"Blue Slaver","floor":12,"turns":4},{"damage":3,"enemies":"Large Slime","floor":13,"turns":5},{"damage":19,"enemies":"The Guardian","floor":16,"turns":10},{"damage":7,"enemies":"Shell Parasite","floor":18,"turns":4},{"damage":19,"enemies":"Colosseum Slavers","floor":21,"turns":4},{"damage":20,"enemies":"Colosseum Nobs","floor":21,"turns":3}],"seed_played":"245053456068848147","potions_obtained":[{"floor":1.0,"key":"Dexterity Potion"},{"floor":2.0,"key":"FairyPotion"},{"floor":3,"key":"Energy Potion"},{"floor":4,"key":"Strength Potion"},{"floor":5,"key":"Regen Potion"},{"floor":7,"key":"EntropicBrew"},{"floor":11,"key":"Energy Potion"},{"floor":12,"key":"PowerPotion"},{"floor":13,"key":"Fire Potion"},{"floor":16,"key":"Energy Potion"},{"floor":18,"key":"SneckoOil"}],"is_trial":false,"path_per_floor":["M","M","M","M","M","R","E","R","T","R","M","M","M","$","R","B",null,"M","?","$","?"],"character_chosen":"THE_SILENT","items_purchased":["Snake Skull","Dodge and Roll+1","Deadly Poison+1"],"campfire_rested":1,"item_purchase_floors":[14,14,20],"current_hp_per_floor":[49,48,45,35,34,34,20,20,20,20,14,5,2,2,26,7,62,55,34,34,0],"gold":41,"neow_bonus":"BOSS_RELIC","is_prod":false,"is_daily":false,"chose_seed":false,"campfire_upgraded":3,"win_rate":0,"timestamp":1553203953,"path_taken":["M","?","M","M","M","R","E","R","T","R","M","?","M","$","R","BOSS","M","?","?","?"],"build_version":"2019-01-23","purchased_purges":1,"victory":false,"max_hp_per_floor":[66,66,66,66,66,66,80,80,80,80,80,80,80,80,80,80,80,80,80,80,80],"card_choices":[{"not_picked":["Heel Hook","Cloak And Dagger"],"picked":"Escape Plan","floor":1.0},{"not_picked":["Deflect","Backflip"],"picked":"Infinite Blades","floor":2.0},{"not_picked":["Blade Dance","Backflip"],"picked":"Terror","floor":3},{"not_picked":["Prepared","Flying Knee"],"picked":"Bouncing Flask","floor":4},{"not_picked":["Masterful Stab","Bouncing Flask"],"picked":"PiercingWail","floor":5},{"not_picked":["Well Laid Plans","Concentrate"],"picked":"Caltrops","floor":7},{"not_picked":["Setup+1","Calculated Gamble+1"],"picked":"Acrobatics+1","floor":11},{"not_picked":["Distraction+1","All Out Attack"],"picked":"Calculated Gamble+1","floor":12},{"not_picked":["Terror+1","Tools of the Trade"],"picked":"Prepared+1","floor":13},{"not_picked":["Corpse Explosion+1","Wraith Form v2"],"picked":"Adrenaline+1","floor":16},{"not_picked":["Riddle With Holes","Blade Dance+1"],"picked":"Quick Slash","floor":18}],"player_experience":1313546,"relics_obtained":[{"floor":7,"key":"Mango"},{"floor":9,"key":"Toxic Egg 2"},{"floor":19,"key":"Enchiridion"}],"event_choices":[{"damage_healed":0,"gold_gain":0,"player_choice":"Obtained Book","damage_taken":21,"max_hp_gain":0,"max_hp_loss":0,"event_name":"Cursed Tome","floor":19,"gold_loss":0},{"damage_healed":0,"gold_gain":0,"player_choice":"Fight","damage_taken":0,"max_hp_gain":0,"max_hp_loss":0,"event_name":"Colosseum","floor":21,"gold_loss":0},{"damage_healed":0,"gold_gain":0,"player_choice":"Fought Nobs","damage_taken":0,"max_hp_gain":0,"max_hp_loss":0,"event_name":"Colosseum","floor":21,"gold_loss":0}],"is_beta":false,"boss_relics":[{"not_picked":["Pandora\u0027s Box","Snecko Eye"],"picked":"Cursed Key"}],"items_purged_floors":[20],"is_endless":false,"potions_floor_spawned":[1,2,3,4,5,7,11,12,13,16,18,21],"killed_by":"Colosseum Nobs","ascension_level":17}