{"gold_per_floor":[114,189,189,189,208,208,36,69,69,82,6,6,22,37,37,109,109,124,124,39,39,55,55,84,138,188,188,208,208,218,232,232,232],"floor_reached":33,"playtime":1814,"items_purged":[],"score":580,"play_id":"2b6fae85-2c42-4042-84a3-35f1e382f11d","local_time":"20190326015831","is_ascension_mode":true,"campfire_choices":[{"floor":6,"key":"REST"},{"data":"Envenom","floor":12,"key":"SMITH"},{"data":"Neutralize","floor":15,"key":"SMITH"},{"data":"Glass Knife","floor":23,"key":"SMITH"},{"floor":27,"key":"REST"},{"floor":29,"key":"REST"},{"data":"Well Laid Plans","floor":32,"key":"SMITH"}],"neow_cost":"NONE","seed_source_timestamp":777854645623853,"circlet_count":0,"master_deck":["AscendersBane","Defend_G","Defend_G","Defend_G","Defend_G","Strike_G","Strike_G","Strike_G","Strike_G","Strike_G","Survivor","Neutralize+1","Sucker Punch","Bullet Time","Poisoned Stab","Envenom+1","Distraction+1","Leg Sweep+1","Blur+1","Well Laid Plans+1","Glass Knife+1","Deadly Poison+1","Cloak And Dagger+1","Concentrate+1","Blade Dance+1","Predator","Calculated Gamble+1"],"relics":["Ring of the Snake","NeowsBlessing","Blood Vial","Snake Skull","Dream Catcher","Toxic Egg 2","Black Star","Meat on the Bone","Letter Opener","Unceasing Top","Ancient Tea Set"],"potions_floor_usage":[18,19,22,31,33,33],"damage_taken":[{"damage":0,"enemies":"Cultist","floor":1,"turns":1},{"damage":0,"enemies":"Jaw Worm","floor":5,"turns":1},{"damage":0,"enemies":"Lagavulin","floor":8,"turns":1},{"damage":0,"enemies":"2 Louse","floor":10,"turns":3},{"damage":0,"enemies":"Gremlin Gang","floor":13,"turns":1},{"damage":1,"enemies":"Large Slime","floor":14,"turns":5},{"damage":2,"enemies":"The Guardian","floor":16,"turns":12},{"damage":34,"enemies":"Spheric Guardian","floor":18,"turns":8},{"damage":23,"enemies":"Colosseum Slavers","floor":19,"turns":5},{"damage":8,"enemies":"Chosen","floor":22,"turns":5},{"damage":46,"enemies":"Gremlin Leader","floor":24,"turns":8},{"damage":37,"enemies":"Sentry and Sphere","floor":28,"turns":9},{"damage":2,"enemies":"Chosen and Byrds","floor":30,"turns":4},{"damage":0,"enemies":"Centurion and Healer","floor":31,"turns":7},{"damage":48,"enemies":"Automaton","floor":33,"turns":6}],"seed_played":"3405383698229488468","potions_obtained":[{"floor":5,"key":"Strength Potion"},{"floor":8,"key":"Poison Potion"},{"floor":18,"key":"GamblersBrew"},{"floor":28,"key":"SpeedPotion"},{"floor":30,"key":"Poison Potion"},{"floor":31,"key":"GamblersBrew"}],"is_trial":false,"path_per_floor":["M","?","?","?","M","R","$","E","T","M","$","R","M","M","R","B",null,"M","?","?","?","M","R","E","T","T","R","M","R","M","M","R","B"],"character_chosen":"THE_SILENT","items_purchased":["Snake Skull","Leg Sweep+1"],"campfire_rested":3,"item_purchase_floors":[7,11],"current_hp_per_floor":[59,48,13,13,15,34,34,36,36,38,38,38,40,41,41,41,60,28,7,7,66,58,58,26,26,26,45,22,41,41,43,43,0],"gold":232,"neow_bonus":"THREE_ENEMY_KILL","is_prod":false,"is_daily":false,"chose_seed":false,"campfire_upgraded":4,"win_rate":0,"timestamp":1553579911,"path_taken":["M","?","?","?","M","R","$","E","T","?","$","R","M","M","R","BOSS","M","?","?","?","?","R","E","?","T","R","M","R","M","M","R","BOSS"],"build_version":"2019-01-23","purchased_purges":0,"victory":false,"max_hp_per_floor":[66,66,66,66,66,66,66,66,66,66,66,66,66,66,66,66,66,66,66,66,66,66,66,66,66,66,66,66,66,66,66,66,66],"card_choices":[{"not_picked":["Expertise","Acrobatics"],"picked":"Sucker Punch","floor":1},{"not_picked":["Slice","Backflip"],"picked":"Poisoned Stab","floor":5},{"not_picked":["Catalyst","Endless Agony"],"picked":"Envenom","floor":8},{"not_picked":["Slice","Tactician+1"],"picked":"Distraction+1","floor":10},{"not_picked":["Prepared+1","Bane"],"picked":"Blur+1","floor":13},{"not_picked":["Setup+1","Caltrops"],"picked":"Well Laid Plans","floor":14},{"not_picked":["Phantasmal Killer+1","Storm of Steel+1"],"picked":"Glass Knife","floor":16},{"not_picked":["Flying Knee","Deflect+1"],"picked":"Deadly Poison+1","floor":18},{"not_picked":["Caltrops","Infinite Blades"],"picked":"Cloak And Dagger+1","floor":22},{"not_picked":["Dash","Sucker Punch"],"picked":"Concentrate+1","floor":24},{"not_picked":["Distraction+1","Sucker Punch+1"],"picked":"Blade Dance+1","floor":28},{"not_picked":["Outmaneuver+1","Well Laid Plans"],"picked":"Predator","floor":30},{"not_picked":["Outmaneuver+1","Storm of Steel+1"],"picked":"Calculated Gamble+1","floor":31}],"player_experience":1407853,"relics_obtained":[{"floor":8,"key":"Dream Catcher"},{"floor":9,"key":"Toxic Egg 2"},{"floor":24,"key":"Letter Opener"},{"floor":24,"key":"Unceasing Top"},{"floor":26,"key":"Ancient Tea Set"}],"event_choices":[{"damage_healed":0,"gold_gain":75,"player_choice":"Gather Gold","damage_taken":11,"max_hp_gain":0,"max_hp_loss":0,"event_name":"World of Goop","floor":2,"gold_loss":0},{"damage_healed":0,"gold_gain":0,"player_choice":"Success","damage_taken":35,"relics_obtained":["Blood Vial"],"max_hp_gain":0,"max_hp_loss":0,"event_name":"Scrap Ooze","floor":3,"gold_loss":0},{"damage_healed":0,"gold_gain":0,"cards_transformed":["Defend_G"],"player_choice":"Transformed","damage_taken":0,"max_hp_gain":0,"max_hp_loss":0,"event_name":"Transmorgrifier","floor":4,"gold_loss":0,"cards_obtained":["Bullet Time"]},{"damage_healed":0,"gold_gain":0,"player_choice":"Fight","damage_taken":0,"max_hp_gain":0,"max_hp_loss":0,"event_name":"Colosseum","floor":19,"gold_loss":0},{"damage_healed":0,"gold_gain":0,"player_choice":"Fled From Nobs","damage_taken":0,"max_hp_gain":0,"max_hp_loss":0,"event_name":"Colosseum","floor":19,"gold_loss":0},{"damage_healed":0,"gold_gain":0,"player_choice":"Obtained Relic","damage_taken":0,"relics_obtained":["Meat on the Bone"],"max_hp_gain":0,"max_hp_loss":0,"event_name":"Addict","floor":20,"gold_loss":85},{"damage_healed":59,"gold_gain":0,"player_choice":"Full Heal","damage_taken":0,"max_hp_gain":0,"max_hp_loss":0,"event_name":"Wheel of Change","floor":21,"gold_loss":0}],"is_beta":false,"boss_relics":[{"not_picked":["Pandora\u0027s Box","Fusion Hammer"],"picked":"Black Star"}],"items_purged_floors":[],"is_endless":false,"potions_floor_spawned":[5,8,13,16,18,28,30,31],"killed_by":"Automaton","ascension_level":20}