{"gold_per_floor":[110,124,144,65,79,79,113,113,113,113,113,139,119],"floor_reached":13,"playtime":432,"items_purged":[],"score":186,"play_id":"b43df1e2-c602-466e-813d-8cfb1eb8836c","local_time":"20190503074632","is_ascension_mode":true,"campfire_choices":[{"data":"Doom and Gloom","floor":6,"key":"SMITH"},{"data":"Zap","floor":8,"key":"SMITH"},{"floor":11,"key":"REST"}],"neow_cost":"TEN_PERCENT_HP_LOSS","seed_source_timestamp":913781610368863,"circlet_count":0,"master_deck":["AscendersBane","Strike_B","Strike_B","Strike_B","Strike_B","Defend_B","Defend_B","Defend_B","Defend_B","Zap+1","Dualcast","Melter+1","Rebound","Capacitor","Doom and Gloom+1","Compile Driver","Coolheaded+1"],"relics":["Cracked Core","Ginger","Pocketwatch","Cables"],"potions_floor_usage":[5,7,12],"damage_taken":[{"damage":2,"enemies":"Jaw Worm","floor":1,"turns":3},{"damage":7,"enemies":"Small Slimes","floor":2,"turns":3},{"damage":0,"enemies":"2 Louse","floor":3,"turns":1},{"damage":4,"enemies":"Blue Slaver","floor":5,"turns":4},{"damage":31,"enemies":"Gremlin Nob","floor":7,"turns":4},{"damage":19,"enemies":"3 Sentries","floor":12,"turns":4},{"damage":2,"enemies":"Looter","floor":13,"turns":1}],"seed_played":"-5025987670969286573","potions_obtained":[{"floor":2,"key":"Fire Potion"},{"floor":3,"key":"EssenceOfSteel"},{"floor":7,"key":"Energy Potion"}],"is_trial":false,"path_per_floor":["M","M","M","$","M","R","E","R","T","?","R","E","M"],"character_chosen":"DEFECT","items_purchased":["Doom and Gloom"],"campfire_rested":1,"item_purchase_floors":[4],"current_hp_per_floor":[62,55,55,55,51,51,20,20,20,1,20,1,0],"gold":119,"neow_bonus":"ONE_RARE_RELIC","is_prod":false,"is_daily":false,"chose_seed":false,"campfire_upgraded":2,"win_rate":0,"timestamp":1556883992,"path_taken":["M","M","M","$","M","R","E","R","T","?","R","E","M"],"build_version":"2019-01-23","purchased_purges":0,"victory":false,"max_hp_per_floor":[64,64,64,64,64,64,64,64,64,64,64,64,64],"card_choices":[{"not_picked":["Hologram","Rebound"],"picked":"Melter","floor":1},{"not_picked":["Force Field","Beam Cell"],"picked":"Rebound","floor":2},{"not_picked":["Stack","Turbo"],"picked":"Capacitor","floor":3},{"not_picked":["Auto Shields","Gash"],"picked":"Compile Driver","floor":5},{"not_picked":["Capacitor","Rebound"],"picked":"Coolheaded","floor":7},{"not_picked":["Beam Cell","Reprogram","Coolheaded"],"picked":"SKIP","floor":12},{"not_picked":["Beam Cell","Reprogram","Coolheaded"],"picked":"SKIP","floor":12}],"player_experience":2288734,"relics_obtained":[{"floor":7,"key":"Pocketwatch"},{"floor":12,"key":"Cables"}],"event_choices":[{"damage_healed":0,"gold_gain":0,"player_choice":"Entered Light","damage_taken":19,"max_hp_gain":0,"max_hp_loss":0,"event_name":"Shining Light","floor":10,"gold_loss":0,"cards_upgraded":["Melter","Coolheaded"]}],"is_beta":false,"boss_relics":[],"items_purged_floors":[],"is_endless":false,"potions_floor_spawned":[2,3,7],"killed_by":"Looter","ascension_level":20}