{"gold_per_floor":[113,27,102,67,81,115,115,115,188,188,215,215,231,244,244,323,323,333,333,351,419,419,419,419,419,445,17,17,46,46],"floor_reached":30,"playtime":1300,"items_purged":[],"score":436,"play_id":"9532dae7-061d-4cd4-b19b-621ca646b4de","local_time":"20180916161939","is_ascension_mode":true,"campfire_choices":[{"data":"Noxious Fumes","floor":8,"key":"SMITH"},{"data":"Neutralize","floor":10,"key":"SMITH"},{"data":"Footwork","floor":15,"key":"SMITH"},{"floor":23,"key":"REST"},{"data":"Corpse Explosion","floor":25,"key":"SMITH"},{"data":"Finisher","floor":28,"key":"SMITH"}],"neow_cost":"","seed_source_timestamp":153026463930288,"circlet_count":0,"master_deck":["Defend_G+1","Defend_G","Defend_G+1","Defend_G","Defend_G","Strike_G","Strike_G","Strike_G","Strike_G+1","Strike_G+1","Survivor","Neutralize+1","AscendersBane","Sucker Punch","Noxious Fumes+1","Finisher+1","Tools of the Trade","Caltrops","Footwork+1","Corpse Explosion+1","Infinite Blades","Dagger Spray+1","Caltrops","Poisoned Stab+1","Die Die Die+1"],"relics":["Ring of the Snake","Lantern","Matryoshka","Whetstone","War Paint","HoveringKite","Nilry\u0027s Codex","Vajra","Molten Egg 2","Pear","Dream Catcher","FossilizedHelix","Darkstone Periapt"],"potions_floor_usage":[29,29],"damage_taken":[{"damage":0,"enemies":"Small Slimes","floor":1,"turns":4},{"damage":0,"enemies":"2 Louse","floor":5,"turns":2},{"damage":23,"enemies":"3 Sentries","floor":6,"turns":8},{"damage":0,"enemies":"Cultist","floor":13,"turns":3},{"damage":3,"enemies":"2 Fungi Beasts","floor":14,"turns":4},{"damage":18,"enemies":"Slime Boss","floor":16,"turns":12},{"damage":17,"enemies":"Shell Parasite","floor":18,"turns":8},{"damage":10,"enemies":"3 Byrds","floor":20,"turns":7},{"damage":33,"enemies":"Book of Stabbing","floor":29,"turns":6},{"damage":12,"enemies":"Centurion and Healer","floor":30,"turns":4}],"seed_played":"2942355430070592351","potions_obtained":[{"floor":13,"key":"Block Potion"},{"floor":14,"key":"GhostInAJar"}],"is_trial":false,"path_per_floor":["M","$","?","?","M","E","$","R","T","R","T","?","M","M","R","B",null,"M","?","M","T","?","R","?","R","T","$","R","E"],"character_chosen":"THE_SILENT","items_purchased":["Noxious Fumes","FossilizedHelix","Caltrops","Poisoned Stab+1"],"campfire_rested":1,"item_purchase_floors":[2,27,27,27],"current_hp_per_floor":[59,59,48,64,64,41,41,41,41,41,41,41,41,38,38,20,55,38,17,7,7,17,39,39,39,39,39,39,6,0],"gold":46,"neow_bonus":"","is_prod":false,"is_daily":false,"chose_seed":false,"campfire_upgraded":5,"win_rate":0,"timestamp":1537129179,"path_taken":["M","$","?","?","?","E","$","R","T","R","?","?","M","?","R","BOSS","M","?","?","?","?","R","?","R","T","$","R","E","?"],"build_version":"2018-09-06","purchased_purges":0,"victory":false,"max_hp_per_floor":[66,66,66,66,66,66,66,66,66,66,66,66,66,66,66,66,66,66,66,66,66,76,76,76,76,76,76,76,76,76],"card_choices":[{"not_picked":["Underhanded Strike","Outmaneuver"],"picked":"Sucker Punch","floor":1},{"not_picked":["Calculated Gamble","Crippling Poison"],"picked":"Finisher","floor":5},{"not_picked":["Terror","Flechettes","Wraith Form v2"],"picked":"SKIP","floor":6},{"not_picked":["Predator","Flechettes"],"picked":"Caltrops","floor":13},{"not_picked":["Outmaneuver","Acrobatics"],"picked":"Footwork","floor":14},{"not_picked":["Wraith Form v2","Bullet Time"],"picked":"Corpse Explosion","floor":16},{"not_picked":["Acrobatics","Underhanded Strike"],"picked":"Infinite Blades","floor":18},{"not_picked":["Backflip","Underhanded Strike"],"picked":"Dagger Spray+1","floor":20},{"not_picked":["Bouncing Flask","Prepared"],"picked":"Die Die Die+1","floor":29}],"player_experience":1010391,"relics_obtained":[{"floor":6,"key":"Lantern"},{"floor":9,"key":"Matryoshka"},{"floor":11,"key":"Whetstone"},{"floor":11,"key":"War Paint"},{"floor":19,"key":"Nilry\u0027s Codex"},{"floor":21,"key":"Vajra"},{"floor":21,"key":"Molten Egg 2"},{"floor":26,"key":"Dream Catcher"},{"floor":29,"key":"Darkstone Periapt"}],"event_choices":[{"event_name":"World of Goop","player_choice":"Gather Gold","floor":3,"damage_taken":0},{"event_name":"The Cleric","player_choice":"Healed","floor":4,"damage_taken":0},{"event_name":"Match and Keep!","player_choice":"1 cards matched","floor":12,"damage_taken":0},{"event_name":"Cursed Tome","player_choice":"Obtained Book","floor":19,"damage_taken":0},{"event_name":"The Mausoleum","player_choice":"Yes","floor":22,"damage_taken":0},{"event_name":"Back to Basics","player_choice":"Elegance","floor":24,"damage_taken":0}],"is_beta":false,"boss_relics":[{"not_picked":["Busted Crown","Eternal Feather"],"picked":"HoveringKite"}],"items_purged_floors":[],"is_endless":false,"potions_floor_spawned":[13,14],"killed_by":"Centurion and Healer","ascension_level":16}