{"gold_per_floor":[18,0,19,34,47,47,76,76,155,183,183,199,199,211,211,284,284,299,299,16,35,51,84,27,58,84,84,111,125,125,141,141,220,220,235,245,37,37,0,25,51,51,74,74,86,117,117,148,148,148,148,148,148,46,77,77],"floor_reached":57,"playtime":3067,"items_purged":["Strike_R"],"score":2991,"play_id":"e33a5d72-4c0d-42bd-97dc-65565e646343","local_time":"20190426010505","is_ascension_mode":true,"campfire_choices":[{"data":"Whirlwind","floor":6,"key":"SMITH"},{"data":"1","floor":8,"key":"LIFT"},{"data":"2","floor":11,"key":"LIFT"},{"data":"3","floor":15,"key":"LIFT"},{"data":"Armaments","floor":27,"key":"SMITH"},{"floor":32,"key":"RECALL"},{"data":"Apotheosis","floor":42,"key":"SMITH"},{"floor":49,"key":"REST"},{"floor":53,"key":"REST"}],"neow_cost":"NO_GOLD","seed_source_timestamp":282178356186026,"circlet_count":0,"master_deck":["AscendersBane","Strike_R","Strike_R","Strike_R","Defend_R","Defend_R","Defend_R","Defend_R","Bash","Wild Strike","Whirlwind+1","Power Through","Pummel","Fiend Fire","Armaments+1","Clothesline","Reaper","Twin Strike","Heavy Blade","Double Tap","Pommel Strike+1","Heavy Blade+1","Uppercut","Armaments","Reaper","Battle Trance","Fiend Fire","Warcry","Shrug It Off","True Grit","Apotheosis+1","Mayhem","Juggernaut","Battle Trance+1","Reaper","Mind Blast"],"relics":["Burning Blood","Girya","Gremlin Horn","Vajra","Red Skull","Velvet Choker","Dead Branch","Darkstone Periapt","Pen Nib","Magic Flower","Runic Pyramid","Tiny Chest","Red Mask","Strawberry","Happy Flower","Letter Opener","Self Forming Clay","Mercury Hourglass"],"potions_floor_usage":[5,10,16,21,23,33,45,50],"damage_taken":[{"damage":7,"enemies":"Jaw Worm","floor":1,"turns":3},{"damage":0,"enemies":"Cultist","floor":3,"turns":2},{"damage":6,"enemies":"2 Louse","floor":4,"turns":5},{"damage":16,"enemies":"2 Fungi Beasts","floor":5,"turns":4},{"damage":53,"enemies":"Lagavulin","floor":7,"turns":9},{"damage":18,"enemies":"3 Sentries","floor":10,"turns":6},{"damage":0,"enemies":"Looter","floor":12,"turns":2},{"damage":0,"enemies":"Blue Slaver","floor":14,"turns":2},{"damage":0,"enemies":"Slime Boss","floor":16,"turns":4},{"damage":19,"enemies":"2 Thieves","floor":18,"turns":3},{"damage":6,"enemies":"3 Byrds","floor":21,"turns":3},{"damage":1,"enemies":"3 Cultists","floor":22,"turns":4},{"damage":15,"enemies":"Book of Stabbing","floor":23,"turns":3},{"damage":16,"enemies":"Slavers","floor":25,"turns":3},{"damage":22,"enemies":"Book of Stabbing","floor":28,"turns":3},{"damage":0,"enemies":"Snecko","floor":29,"turns":2},{"damage":15,"enemies":"Centurion and Healer","floor":31,"turns":4},{"damage":81,"enemies":"Collector","floor":33,"turns":7},{"damage":19,"enemies":"3 Darklings","floor":35,"turns":3},{"damage":5,"enemies":"3 Shapes","floor":36,"turns":3},{"damage":16,"enemies":"Giant Head","floor":40,"turns":5},{"damage":19,"enemies":"Transient","floor":45,"turns":6},{"damage":0,"enemies":"Reptomancer","floor":46,"turns":2},{"damage":50,"enemies":"Nemesis","floor":48,"turns":5},{"damage":91,"enemies":"Awakened One","floor":50,"turns":9},{"damage":67,"enemies":"Donu and Deca","floor":51,"turns":5},{"damage":50,"enemies":"Shield and Spear","floor":55,"turns":4},{"damage":103,"enemies":"The Heart","floor":56,"turns":6}],"seed_played":"6210004033908287197","potions_obtained":[{"floor":1,"key":"SpeedPotion"},{"floor":3,"key":"PowerPotion"},{"floor":4,"key":"EssenceOfSteel"},{"floor":7,"key":"SteroidPotion"},{"floor":12,"key":"Poison Potion"},{"floor":14,"key":"Swift Potion"},{"floor":18,"key":"SpeedPotion"},{"floor":21,"key":"PowerPotion"},{"floor":23,"key":"GamblersBrew"},{"floor":28,"key":"Regen Potion"},{"floor":36,"key":"SkillPotion"},{"floor":45,"key":"Regen Potion"},{"floor":46,"key":"GamblersBrew"}],"is_trial":false,"path_per_floor":["M","?","M","M","M","R","E","R","T","E","R","M","T","M","R","B",null,"M","?","$","M","M","E","$","E","T","R","E","M","?","M","R","B",null,"M","M","$","?","?","E","T","R","T","$","M","E","?","E","R","B","B",null,"R","$","E","B",null],"character_chosen":"IRONCLAD","items_purchased":["Heavy Blade","Double Tap","Armaments","Tiny Chest","Shrug It Off","True Grit","Mind Blast"],"campfire_rested":2,"item_purchase_floors":[20,20,24,37,37,37,54],"current_hp_per_floor":[81,81,87,87,77,77,30,30,30,18,18,24,24,30,30,36,76,83,83,83,87,89,80,80,70,70,70,54,63,81,85,85,89,89,79,83,83,73,73,85,85,85,85,85,92,96,96,55,83,41,24,78,96,96,96,30],"gold":77,"neow_bonus":"TWENTY_PERCENT_HP_BONUS","is_prod":false,"is_daily":false,"chose_seed":false,"campfire_upgraded":3,"win_rate":0,"timestamp":1556255105,"path_taken":["M","?","M","M","M","R","E","R","T","E","R","M","?","?","R","BOSS","M","?","?","M","?","E","$","E","T","R","E","M","?","M","R","BOSS","M","M","$","?","?","E","?","R","T","?","M","E","?","E","R","BOSS","BOSS","R","$","E","BOSS"],"build_version":"2019-01-23","purchased_purges":1,"victory":true,"max_hp_per_floor":[89,89,89,89,89,89,89,89,89,89,89,89,89,89,89,89,89,89,89,89,89,89,89,89,89,89,89,89,89,89,89,89,89,89,89,89,89,89,89,96,96,96,96,96,96,96,96,96,96,96,96,96,96,96,96,96],"card_choices":[{"not_picked":["Body Slam","Dropkick"],"picked":"Wild Strike","floor":1},{"not_picked":["Armaments","Flex"],"picked":"True Grit","floor":3},{"not_picked":["Clash","Rupture"],"picked":"Whirlwind","floor":4},{"not_picked":["Sentinel","Clash"],"picked":"Power Through","floor":5},{"not_picked":["Burning Pact","Sever Soul"],"picked":"Pummel","floor":7},{"not_picked":["Bloodletting","Disarm"],"picked":"Fiend Fire","floor":10},{"not_picked":["Havoc","Cleave"],"picked":"Armaments","floor":12},{"not_picked":["Armaments","Sentinel"],"picked":"Clothesline","floor":14},{"not_picked":["Bludgeon","Impervious"],"picked":"Reaper","floor":16},{"not_picked":["Armaments","Reckless Charge"],"picked":"Twin Strike","floor":18},{"not_picked":["Iron Wave","Rage"],"picked":"Pommel Strike+1","floor":21},{"not_picked":["Evolve","Entrench+1"],"picked":"Heavy Blade+1","floor":22},{"not_picked":["Bloodletting","Hemokinesis"],"picked":"Uppercut","floor":23},{"not_picked":["Warcry","Intimidate"],"picked":"Reaper","floor":25},{"not_picked":["Rupture","Twin Strike","Warcry"],"picked":"SKIP","floor":28},{"not_picked":["Perfected Strike","Clash","Flex"],"picked":"SKIP","floor":29},{"not_picked":["Heavy Blade","Flex+1"],"picked":"Battle Trance","floor":31},{"not_picked":["Demon Form","Double Tap"],"picked":"Fiend Fire","floor":33},{"not_picked":["Anger","Twin Strike","Heavy Blade"],"picked":"SKIP","floor":35},{"not_picked":["Anger","Twin Strike","Heavy Blade"],"picked":"SKIP","floor":35},{"not_picked":["Shrug It Off","Pummel"],"picked":"Warcry","floor":36},{"not_picked":["Blind","Violence"],"picked":"Apotheosis","floor":38},{"not_picked":["Good Instincts","Bandage Up"],"picked":"Mayhem","floor":38},{"not_picked":["Flex+1","Twin Strike"],"picked":"Juggernaut","floor":40},{"not_picked":["Headbutt+1","Clothesline"],"picked":"Battle Trance+1","floor":45},{"not_picked":["Spot Weakness","Hemokinesis","Searing Blow"],"picked":"SKIP","floor":46},{"not_picked":["Twin Strike+1","Clash"],"picked":"Reaper","floor":48},{"not_picked":["Perfected Strike","Searing Blow","Twin Strike"],"picked":"SKIP","floor":55}],"player_experience":1935652,"relics_obtained":[{"floor":7,"key":"Girya"},{"floor":9,"key":"Gremlin Horn"},{"floor":10,"key":"Vajra"},{"floor":13,"key":"Red Skull"},{"floor":23,"key":"Dead Branch"},{"floor":25,"key":"Darkstone Periapt"},{"floor":26,"key":"Pen Nib"},{"floor":28,"key":"Magic Flower"},{"floor":40,"key":"Strawberry"},{"floor":41,"key":"Happy Flower"},{"floor":46,"key":"Letter Opener"},{"floor":48,"key":"Self Forming Clay"},{"floor":55,"key":"Mercury Hourglass"}],"event_choices":[{"damage_healed":0,"gold_gain":0,"player_choice":"Left Gold","damage_taken":0,"max_hp_gain":0,"max_hp_loss":0,"event_name":"World of Goop","floor":2,"gold_loss":18},{"cards_removed":["Strike_R"],"damage_healed":0,"gold_gain":0,"player_choice":"Offered Basic","damage_taken":0,"max_hp_gain":0,"max_hp_loss":0,"event_name":"Bonfire Elementals","floor":19,"gold_loss":0},{"damage_healed":18,"gold_gain":0,"player_choice":"Heal","damage_taken":0,"max_hp_gain":0,"max_hp_loss":0,"event_name":"The Library","floor":30,"gold_loss":0},{"damage_healed":0,"gold_gain":0,"player_choice":"Memory 3","damage_taken":10,"max_hp_gain":0,"max_hp_loss":0,"event_name":"SensoryStone","floor":38,"gold_loss":0},{"damage_healed":0,"gold_gain":0,"player_choice":"Paid","damage_taken":0,"relics_obtained":["Red Mask"],"max_hp_gain":0,"max_hp_loss":0,"event_name":"Tomb of Lord Red Mask","floor":39,"gold_loss":37},{"cards_removed":["True Grit"],"damage_healed":0,"gold_gain":0,"player_choice":"Removed Skill","damage_taken":0,"max_hp_gain":0,"max_hp_loss":0,"event_name":"Falling","floor":47,"gold_loss":0}],"is_beta":false,"boss_relics":[{"not_picked":["Philosopher\u0027s Stone","Empty Cage"],"picked":"Velvet Choker"},{"not_picked":["Astrolabe","Sozu"],"picked":"Runic Pyramid"}],"items_purged_floors":[20],"is_endless":false,"potions_floor_spawned":[1,3,4,7,12,14,18,21,23,25,28,36,45,46],"ascension_level":20}