{"gold_per_floor":[112,131,131,150,325,325,338,338,390,390,403,17,17,17,17,117,117,132,43,43,43,62,62,62],"floor_reached":24,"playtime":1635,"items_purged":["Doubt"],"score":186,"play_id":"e98564df-1d35-470b-b204-04fe02087650","local_time":"20180707223111","is_ascension_mode":false,"campfire_choices":[{"data":"Infernal Blade","floor":8,"key":"SMITH"},{"data":"Cleave","floor":10,"key":"SMITH"},{"data":"Seeing Red","floor":13,"key":"SMITH"},{"data":"Cleave","floor":15,"key":"SMITH"},{"data":"Searing Blow","floor":23,"key":"SMITH"}],"neow_cost":"NONE","seed_source_timestamp":78149001001772,"circlet_count":0,"master_deck":["Strike_R","Strike_R","Strike_R","Strike_R","Strike_R","Defend_R","Defend_R","Defend_R","Defend_R","Bash","Wild Strike","Cleave+1","Inflame","Cleave+1","Infernal Blade+1","Perfected Strike","Seeing Red+1","Limit Break","Evolve","Shrug It Off","Shrug It Off","Rampage","Flex","Disarm","Mind Blast","Searing Blow+1"],"relics":["Burning Blood","Omamori","Dream Catcher","Kunai","Orrery"],"potions_floor_usage":[14,16,18],"damage_taken":[{"damage":6,"enemies":"Jaw Worm","floor":1,"turns":3},{"damage":0,"enemies":"Cultist","floor":2,"turns":2},{"damage":5,"enemies":"Small Slimes","floor":4,"turns":3},{"damage":13,"enemies":"Blue Slaver","floor":7,"turns":5},{"damage":0,"enemies":"Large Slime","floor":11,"turns":4},{"damage":7,"enemies":"Exordium Thugs","floor":14,"turns":2},{"damage":48,"enemies":"The Guardian","floor":16,"turns":8},{"damage":13,"enemies":"Chosen","floor":18,"turns":4},{"damage":11,"enemies":"3 Byrds","floor":22,"turns":6},{"damage":68,"enemies":"Book of Stabbing","floor":24,"turns":7}],"seed_played":"-9027698279646038046","potions_obtained":[{"floor":2,"key":"PowerPotion"},{"floor":7,"key":"SmokeBomb"},{"floor":16,"key":"Weak Potion"},{"floor":18,"key":"SteroidPotion"}],"is_trial":false,"path_per_floor":["M","M","?","M","?","?","M","R","T","R","M","$","R","M","R","B",null,"M","$","?","?","M","R"],"character_chosen":"IRONCLAD","items_purchased":["Kunai","Seeing Red","Mind Blast"],"campfire_rested":0,"item_purchase_floors":[12,12,19],"current_hp_per_floor":[80,80,80,80,80,77,70,70,70,70,76,76,76,75,75,33,80,73,73,73,73,68,68,0],"gold":62,"neow_bonus":"THREE_CARDS","is_prod":false,"is_daily":false,"chose_seed":false,"campfire_upgraded":5,"win_rate":0,"timestamp":1531017071,"path_taken":["M","M","?","M","?","?","?","R","T","R","?","$","R","M","R","BOSS","M","$","?","?","?","R","E"],"build_version":"2018-06-28","purchased_purges":1,"victory":false,"max_hp_per_floor":[80,80,80,80,80,80,80,80,80,80,80,80,80,80,80,80,80,80,80,80,80,80,80,80],"card_choices":[{"not_picked":["Clothesline","Reckless Charge"],"picked":"Wild Strike","floor":0},{"not_picked":["Sword Boomerang","Wild Strike"],"picked":"Cleave","floor":1},{"not_picked":["Anger","True Grit"],"picked":"Inflame","floor":2},{"not_picked":["Sword Boomerang","Warcry"],"picked":"Cleave","floor":4},{"not_picked":["Pommel Strike","Wild Strike"],"picked":"Infernal Blade","floor":7},{"not_picked":["Armaments","Iron Wave"],"picked":"Perfected Strike","floor":11},{"not_picked":["Brutality","Fiend Fire"],"picked":"Limit Break","floor":16},{"not_picked":["Pommel Strike","Clash"],"picked":"Evolve","floor":17},{"not_picked":["Warcry","Whirlwind"],"picked":"Shrug It Off","floor":17},{"not_picked":["Clothesline","Pummel"],"picked":"Shrug It Off","floor":17},{"not_picked":["Dropkick","Anger"],"picked":"Rampage","floor":17},{"not_picked":["Bloodletting","Thunderclap"],"picked":"Flex","floor":17},{"not_picked":["Feel No Pain","Intimidate+1"],"picked":"Disarm","floor":18},{"not_picked":["Headbutt","Heavy Blade+1"],"picked":"Searing Blow","floor":22}],"player_experience":52358,"relics_obtained":[{"floor":9,"key":"Dream Catcher"}],"event_choices":[{"event_name":"The Cleric","player_choice":"Leave","floor":3,"damage_taken":0},{"event_name":"Liars Game","player_choice":"agreed","floor":5,"damage_taken":0},{"event_name":"Scrap Ooze","player_choice":"success","floor":6,"damage_taken":3},{"event_name":"Drug Dealer","player_choice":"Ignored","floor":20,"damage_taken":0},{"event_name":"Beggar","player_choice":"Ignored","floor":21,"damage_taken":0}],"boss_relics":[{"not_picked":["Snecko Eye","Philosopher\u0027s Stone"],"picked":"Orrery"}],"items_purged_floors":[12],"is_endless":false,"potions_floor_spawned":[2,7,14,16,18],"killed_by":"Book of Stabbing","ascension_level":0}