{"gold_per_floor":[119,134,39,58,78,78,113,113,140,166,166,177,27,47,47,119,119,133,46,46,111,161,161,211],"floor_reached":24,"playtime":868,"items_purged":["Strike_B"],"score":412,"play_id":"6614a315-918c-4e5b-8b10-62db1130a51d","local_time":"20190302114924","is_ascension_mode":true,"campfire_choices":[{"data":"Defragment","floor":6,"key":"SMITH"},{"floor":8,"key":"REST"},{"data":"Creative AI","floor":15,"key":"SMITH"},{"floor":23,"key":"REST"}],"neow_cost":"PERCENT_DAMAGE","seed_source_timestamp":87838799411250,"circlet_count":0,"master_deck":["AscendersBane","Strike_B","Strike_B","Strike_B","Defend_B","Defend_B","Defend_B","Defend_B","Zap","Dualcast","Creative AI+1","Glacier","Coolheaded","Bandage Up","FTL","Defragment+1","Reinforced Body","Seek","Storm","Leap","Electrodynamics","Blizzard","Storm","Hologram"],"relics":["Cracked Core","Pen Nib","Centennial Puzzle","Omamori","Inserter","SsserpentHead"],"potions_floor_usage":[10,21],"damage_taken":[{"damage":16,"enemies":"Jaw Worm","floor":1,"turns":6},{"damage":0,"enemies":"Cultist","floor":2,"turns":5},{"damage":0,"enemies":"Small Slimes","floor":4,"turns":4},{"damage":0,"enemies":"2 Fungi Beasts","floor":5,"turns":5},{"damage":33,"enemies":"Gremlin Nob","floor":7,"turns":6},{"damage":15,"enemies":"Lagavulin","floor":10,"turns":14},{"damage":9,"enemies":"Exordium Thugs","floor":12,"turns":6},{"damage":5,"enemies":"Blue Slaver","floor":14,"turns":4},{"damage":2,"enemies":"Hexaghost","floor":16,"turns":6},{"damage":0,"enemies":"Spheric Guardian","floor":18,"turns":7},{"damage":26,"enemies":"3 Byrds","floor":21,"turns":4},{"damage":54,"enemies":"Colosseum Slavers","floor":24,"turns":4}],"seed_played":"-2247160924383018564","potions_obtained":[{"floor":2,"key":"EssenceOfSteel"},{"floor":14,"key":"FearPotion"},{"floor":16,"key":"AttackPotion"}],"is_trial":false,"path_per_floor":["M","M","$","M","M","R","E","R","T","E","?","M","$","M","R","B",null,"M","$","?","M","?","R","?"],"character_chosen":"DEFECT","items_purchased":["Bandage Up","Storm","Storm"],"campfire_rested":2,"item_purchase_floors":[3,13,19],"current_hp_per_floor":[30,30,30,34,38,38,9,30,30,19,19,14,14,13,13,19,58,62,62,62,40,20,42,0],"gold":211,"neow_bonus":"THREE_RARE_CARDS","is_prod":false,"is_daily":false,"chose_seed":false,"campfire_upgraded":2,"win_rate":0,"timestamp":1551552564,"path_taken":["M","M","$","M","M","R","E","R","T","E","?","M","$","M","R","BOSS","M","$","?","?","?","R","?"],"build_version":"2019-02-06","purchased_purges":1,"victory":false,"max_hp_per_floor":[71,71,71,71,71,71,71,71,71,71,71,71,71,71,71,71,71,71,71,71,71,76,76,76],"card_choices":[{"not_picked":["Amplify","Thunder Strike"],"picked":"Creative AI","floor":0},{"not_picked":["Compile Driver","Redo"],"picked":"Glacier","floor":1},{"not_picked":["Scrape","Streamline"],"picked":"Coolheaded","floor":2},{"not_picked":["Compile Driver","Steam"],"picked":"FTL","floor":4},{"not_picked":["Meteor Strike","Leap"],"picked":"Defragment","floor":5},{"not_picked":["Doom and Gloom","Gash"],"picked":"Reinforced Body","floor":7},{"not_picked":["Auto Shields","Beam Cell"],"picked":"Seek","floor":10},{"not_picked":["Steam Power","Hologram","Chill"],"picked":"SKIP","floor":12},{"not_picked":["Go for the Eyes","Streamline"],"picked":"Leap","floor":14},{"not_picked":["All For One","Core Surge"],"picked":"Electrodynamics","floor":16},{"not_picked":["Cold Snap+1","Go for the Eyes+1"],"picked":"Blizzard","floor":18},{"not_picked":["Storm+1","Rebound"],"picked":"Hologram","floor":21}],"player_experience":1140885,"relics_obtained":[{"floor":7,"key":"Pen Nib"},{"floor":9,"key":"Centennial Puzzle"},{"floor":10,"key":"Omamori"}],"event_choices":[{"damage_healed":0,"gold_gain":0,"player_choice":"Fled","damage_taken":0,"max_hp_gain":0,"max_hp_loss":0,"event_name":"Scrap Ooze","floor":11,"gold_loss":0},{"damage_healed":0,"gold_gain":0,"player_choice":"Trade","damage_taken":0,"relics_obtained":["SsserpentHead"],"max_hp_gain":0,"max_hp_loss":0,"event_name":"FaceTrader","floor":20,"gold_loss":0},{"damage_healed":0,"gold_gain":0,"player_choice":"Shed Blood","damage_taken":25,"max_hp_gain":5,"max_hp_loss":0,"event_name":"Forgotten Altar","floor":22,"gold_loss":0},{"damage_healed":0,"gold_gain":0,"player_choice":"Fight","damage_taken":0,"max_hp_gain":0,"max_hp_loss":0,"event_name":"Colosseum","floor":24,"gold_loss":0}],"is_beta":true,"boss_relics":[{"not_picked":["Orrery","White Beast Statue"],"picked":"Inserter"}],"items_purged_floors":[13],"is_endless":false,"potions_floor_spawned":[2,14,16,18],"killed_by":"Colosseum Slavers","ascension_level":20}