{"gold_per_floor":[119,137,137,156,119,119,152,152,152,152,152,164,8,27,27,101,101,115,215,215,54,65,65,90,90,138,138,38,54,54,89,89,162,162,181,98,113,167,187,187,24,24,24,35,35,46,46,66,66,66],"floor_reached":50,"playtime":2687,"items_purged":["Strike_B","Strike_B"],"score":995,"play_id":"9264116c-0691-4408-a624-89cedc364865","local_time":"20190426213606","is_ascension_mode":true,"campfire_choices":[{"data":"Hyperbeam","floor":6,"key":"SMITH"},{"data":"Zap","floor":8,"key":"SMITH"},{"data":"Beam Cell","floor":10,"key":"SMITH"},{"data":"Streamline","floor":15,"key":"SMITH"},{"data":"Auto Shields","floor":23,"key":"SMITH"},{"floor":25,"key":"REST"},{"floor":27,"key":"REST"},{"data":"FTL","floor":30,"key":"SMITH"},{"data":"Skim","floor":32,"key":"SMITH"},{"floor":40,"key":"REST"},{"floor":42,"key":"REST"},{"floor":45,"key":"REST"},{"floor":49,"key":"REST"}],"neow_cost":"CURSE","seed_source_timestamp":35706213520627,"circlet_count":0,"master_deck":["AscendersBane","Strike_B","Strike_B","Defend_B","Defend_B","Defend_B","Defend_B","Zap+1","Dualcast","Beam Cell+1","FTL+1","Hyperbeam+1","Auto Shields+1","Streamline+1","BootSequence","All For One","Gash","Skim+1","All For One","Undo","BootSequence+1","Streamline","Machine Learning","Stack+1","Gash+1","Rebound+1"],"relics":["Cracked Core","Pocketwatch","Emotion Chip","Unceasing Top","Velvet Choker","Dodecahedron","Thread and Needle","Happy Flower","Darkstone Periapt","Boot","Art of War","Nuclear Battery","Oddly Smooth Stone","Girya","Dream Catcher"],"potions_floor_usage":[2,24,38,50,50],"damage_taken":[{"damage":1,"enemies":"Cultist","floor":1,"turns":3},{"damage":2,"enemies":"Jaw Worm","floor":2,"turns":3},{"damage":1,"enemies":"2 Louse","floor":4,"turns":2},{"damage":28,"enemies":"Gremlin Nob","floor":7,"turns":4},{"damage":0,"enemies":"Blue Slaver","floor":12,"turns":3},{"damage":0,"enemies":"Exordium Wildlife","floor":14,"turns":1},{"damage":0,"enemies":"Slime Boss","floor":16,"turns":3},{"damage":4,"enemies":"Shell Parasite","floor":18,"turns":3},{"damage":12,"enemies":"Colosseum Slavers","floor":19,"turns":2},{"damage":7,"enemies":"Colosseum Nobs","floor":19,"turns":4},{"damage":0,"enemies":"2 Thieves","floor":22,"turns":2},{"damage":15,"enemies":"Slavers","floor":24,"turns":4},{"damage":10,"enemies":"Centurion and Healer","floor":29,"turns":5},{"damage":0,"enemies":"Gremlin Leader","floor":31,"turns":3},{"damage":80,"enemies":"Collector","floor":33,"turns":7},{"damage":5,"enemies":"Orb Walker","floor":35,"turns":3},{"damage":0,"enemies":"3 Shapes","floor":37,"turns":4},{"damage":40,"enemies":"2 Orb Walkers","floor":38,"turns":5},{"damage":0,"enemies":"3 Darklings","floor":39,"turns":3},{"damage":34,"enemies":"Transient","floor":44,"turns":5},{"damage":18,"enemies":"Writhing Mass","floor":46,"turns":6},{"damage":14,"enemies":"Maw","floor":48,"turns":7},{"damage":31,"enemies":"Awakened One","floor":50,"turns":11}],"seed_played":"5206005464506793082","potions_obtained":[{"floor":2,"key":"Fruit Juice"},{"floor":4,"key":"FocusPotion"},{"floor":19,"key":"GamblersBrew"},{"floor":22,"key":"FairyPotion"},{"floor":24,"key":"Ancient Potion"},{"floor":33,"key":"SkillPotion"},{"floor":37,"key":"EssenceOfSteel"},{"floor":38,"key":"Dexterity Potion"}],"is_trial":false,"path_per_floor":["M","M","?","M","?","R","E","R","T","R","?","M","$","M","R","B",null,"M","?","?","$","M","R","E","R","T","R","$","M","R","E","R","B",null,"M","?","M","?","M","R","$","R","T","M","R","M","$","M","R","B"],"character_chosen":"DEFECT","items_purchased":["BootSequence","Happy Flower","Dream Catcher"],"campfire_rested":6,"item_purchase_floors":[13,21,41],"current_hp_per_floor":[63,66,66,65,65,65,37,37,37,37,37,37,37,37,37,37,64,60,41,41,41,41,41,26,47,47,68,68,58,58,58,58,7,57,52,52,52,12,12,33,33,54,54,20,41,23,23,9,30,0],"gold":66,"neow_bonus":"ONE_RARE_RELIC","is_prod":false,"is_daily":false,"chose_seed":false,"campfire_upgraded":7,"win_rate":0,"timestamp":1556307366,"path_taken":["M","M","?","M","?","R","E","R","T","R","?","M","$","M","R","BOSS","M","?","?","?","M","R","E","R","T","R","?","?","R","E","R","BOSS","M","?","?","?","M","R","?","R","T","M","R","M","$","M","R","BOSS"],"build_version":"2019-01-23","purchased_purges":2,"victory":false,"max_hp_per_floor":[71,76,76,76,76,76,76,76,76,76,73,73,73,73,73,73,73,73,73,73,73,73,73,73,73,73,73,73,73,73,73,73,73,73,73,73,73,73,73,73,73,73,73,73,73,73,73,73,73,73],"card_choices":[{"not_picked":["Chill","Conserve Battery"],"picked":"Beam Cell","floor":1},{"not_picked":["Conserve Battery","Hologram"],"picked":"FTL","floor":2},{"not_picked":["Rip and Tear","Compile Driver"],"picked":"Hyperbeam","floor":4},{"not_picked":["Beam Cell","Lockon"],"picked":"Auto Shields","floor":7},{"not_picked":["Stack","Tempest"],"picked":"Streamline","floor":12},{"not_picked":["Barrage","Go for the Eyes","Gash"],"picked":"SKIP","floor":14},{"not_picked":["Multi-Cast","Creative AI"],"picked":"All For One","floor":16},{"not_picked":["Tempest+1","Redo","Compile Driver"],"picked":"SKIP","floor":18},{"not_picked":["Hologram","Heatsinks"],"picked":"Gash","floor":22},{"not_picked":["Lockon","Conserve Battery","Auto Shields"],"picked":"SKIP","floor":24},{"not_picked":["Sunder","Loop+1","Barrage"],"picked":"SKIP","floor":29},{"not_picked":["Barrage","Amplify"],"picked":"Skim","floor":31},{"not_picked":["Fission","Meteor Strike"],"picked":"All For One","floor":33},{"not_picked":["Ball Lightning","FTL","Beam Cell"],"picked":"SKIP","floor":35},{"not_picked":["Glacier","Cold Snap"],"picked":"Undo","floor":37},{"not_picked":["Coolheaded","Go for the Eyes"],"picked":"BootSequence+1","floor":38},{"not_picked":["Conserve Battery","Compile Driver+1"],"picked":"Streamline","floor":39},{"not_picked":["Fusion","Recycle"],"picked":"Machine Learning","floor":42},{"not_picked":["Lockon","Ball Lightning"],"picked":"Stack+1","floor":44},{"not_picked":["Barrage+1","Rebound"],"picked":"Gash+1","floor":45},{"not_picked":["Turbo","Tempest+1"],"picked":"Rebound+1","floor":46},{"not_picked":["Ball Lightning","Go for the Eyes","Cold Snap"],"picked":"SKIP","floor":48}],"player_experience":279946,"relics_obtained":[{"floor":7,"key":"Emotion Chip"},{"floor":9,"key":"Unceasing Top"},{"floor":19,"key":"Dodecahedron"},{"floor":19,"key":"Thread and Needle"},{"floor":24,"key":"Darkstone Periapt"},{"floor":26,"key":"Boot"},{"floor":31,"key":"Art of War"},{"floor":38,"key":"Girya"}],"event_choices":[{"damage_healed":0,"gold_gain":0,"player_choice":"Ignored","damage_taken":0,"max_hp_gain":0,"max_hp_loss":0,"event_name":"Liars Game","floor":3,"gold_loss":0},{"damage_healed":0,"gold_gain":0,"player_choice":"Left Gold","damage_taken":0,"max_hp_gain":0,"max_hp_loss":0,"event_name":"World of Goop","floor":5,"gold_loss":37},{"cards_removed":["Parasite"],"damage_healed":0,"gold_gain":0,"player_choice":"Forget","damage_taken":0,"max_hp_gain":0,"max_hp_loss":0,"event_name":"Living Wall","floor":11,"gold_loss":0},{"damage_healed":0,"gold_gain":0,"player_choice":"Fight","damage_taken":0,"max_hp_gain":0,"max_hp_loss":0,"event_name":"Colosseum","floor":19,"gold_loss":0},{"damage_healed":0,"gold_gain":0,"player_choice":"Fought Nobs","damage_taken":0,"max_hp_gain":0,"max_hp_loss":0,"event_name":"Colosseum","floor":19,"gold_loss":0},{"damage_healed":0,"gold_gain":0,"player_choice":"Ignored","damage_taken":0,"max_hp_gain":0,"max_hp_loss":0,"event_name":"Ghosts","floor":20,"gold_loss":0},{"damage_healed":0,"gold_gain":0,"player_choice":"Paid Gold","damage_taken":0,"relics_obtained":["Oddly Smooth Stone"],"max_hp_gain":0,"max_hp_loss":0,"event_name":"WeMeetAgain","floor":36,"gold_loss":83},{"damage_healed":0,"gold_gain":0,"player_choice":"Fight","damage_taken":0,"max_hp_gain":0,"max_hp_loss":0,"event_name":"Mysterious Sphere","floor":38,"gold_loss":0}],"is_beta":false,"boss_relics":[{"not_picked":["Runic Dome","Black Star"],"picked":"Velvet Choker"},{"not_picked":["Orrery","Cursed Key"],"picked":"Nuclear Battery"}],"items_purged_floors":[13,28],"is_endless":false,"potions_floor_spawned":[2,4,19,22,24,31,33,37,38,44],"killed_by":"Awakened One","ascension_level":16}