{"path_per_floor":["M","M","$","M","?","E","M","M","T","M","?","E","?","$","R"],"character_chosen":"IRONCLAD","items_purchased":["Wild Strike","Bandage Up","Feel No Pain","Havoc"],"gold_per_floor":[114,126,52,65,65,97,111,131,178,196,196,234,234,9,9,9],"floor_reached":16,"campfire_rested":0,"playtime":686,"current_hp_per_floor":[63,56,56,51,51,33,31,30,30,24,24,21,26,26,26,0],"items_purged":[],"gold":9,"score":196,"play_id":"f0724663-8f41-4188-a472-17379b81b290","local_time":"20180415172349","is_prod":false,"is_daily":false,"chose_seed":false,"is_ascension_mode":true,"campfire_upgraded":1,"timestamp":1523827429,"path_taken":["M","M","$","M","?","E","M","M","T","?","?","E","?","$","R","BOSS"],"build_version":"2018-04-12","seed_source_timestamp":13196989607897,"purchased_purges":0,"victory":false,"master_deck":["Strike_R","Strike_R","Strike_R","Strike_R","Strike_R","Defend_R","Defend_R","Defend_R","Bash","AscendersBane","Shockwave","Pommel Strike","Wild Strike","Disarm","Searing Blow","Feel No Pain","Metallicize","Dual Wield","Flame Barrier","Injury","Feel No Pain","Bandage Up","Feel No Pain","Havoc+1"],"max_hp_per_floor":[75,75,75,75,75,75,75,75,75,75,75,75,80,80,80,80],"relics":["Runic Cube","Toolbox","Vajra","Golden Idol","Lantern"],"card_choices":[{"not_picked":["Clash","Warcry"],"picked":"Shockwave","floor":1},{"not_picked":["Fire Breathing","Dropkick"],"picked":"Pommel Strike","floor":2},{"not_picked":["Sever Soul","Cleave"],"picked":"Disarm","floor":4},{"not_picked":["Clash","Metallicize"],"picked":"Feel No Pain","floor":6},{"not_picked":["Twin Strike","Clash"],"picked":"Metallicize","floor":7},{"not_picked":["Havoc","Burning Pact"],"picked":"Dual Wield","floor":8},{"not_picked":["True Grit","Clash"],"picked":"Flame Barrier","floor":10},{"not_picked":["Iron Wave","Clash"],"picked":"Feel No Pain","floor":12}],"player_experience":888545,"potions_floor_usage":[12,12],"damage_taken":[{"damage":5,"enemies":"Jaw Worm","floor":1,"turns":6},{"damage":7,"enemies":"Cultist","floor":2,"turns":5},{"damage":5,"enemies":"Small Slimes","floor":4,"turns":3},{"damage":18,"enemies":"Gremlin Nob","floor":6,"turns":4},{"damage":2,"enemies":"3 Louse","floor":7,"turns":4},{"damage":1,"enemies":"2 Fungi Beasts","floor":8,"turns":4},{"damage":6,"enemies":"Large Slime","floor":10,"turns":6},{"damage":3,"enemies":"3 Sentries","floor":12,"turns":9},{"damage":32,"enemies":"The Guardian","floor":16,"turns":9}],"event_choices":[{"event_name":"Transmorgrifier","player_choice":"Transform","floor":5,"damage_taken":0},{"event_name":"Golden Idol","player_choice":"Take Wound","floor":11,"damage_taken":0},{"event_name":"Big Fish","player_choice":"Donut","floor":13,"damage_taken":0}],"boss_relics":[],"potions_floor_spawned":[2,4,7,10],"seed_played":"-2374869923465587047","killed_by":"The Guardian","ascension_level":15,"is_trial":false}