{"gold_per_floor":[118,129,142,142,154,154,212,212,235,235,245,264,291,20,20,92,92,111,124,140,90,90,90,365,380,403,414,439,439,439,458,458,458],"floor_reached":33,"playtime":1101,"items_purged":["Defend_R","Defend_R"],"score":615,"play_id":"9265ab2d-ec7b-4b2f-a7b6-e28e6ad776fd","local_time":"20190312013950","is_ascension_mode":true,"campfire_choices":[{"data":"Cleave","floor":6,"key":"SMITH"},{"data":"Bash","floor":8,"key":"SMITH"},{"data":"Wild Strike","floor":10,"key":"SMITH"},{"data":"Perfected Strike","floor":15,"key":"SMITH"},{"data":"Perfected Strike","floor":23,"key":"SMITH"},{"data":"Dual Wield","floor":32,"key":"SMITH"}],"neow_cost":"NONE","seed_source_timestamp":743302886130461,"circlet_count":0,"master_deck":["AscendersBane","Strike_R","Strike_R","Strike_R","Strike_R","Strike_R","Defend_R+1","Defend_R+1","Bash+1","Cleave+1","Perfected Strike+1","Wild Strike+1","Wild Strike","Pommel Strike","Thunderclap","Perfected Strike+1","Pommel Strike","Perfected Strike+1","Brutality","Shrug It Off+1","Writhe","Regret","Armaments+1","Immolate","Perfected Strike+1","Dual Wield+1","Wild Strike"],"relics":["Burning Blood","Smiling Mask","Blood Vial","Boot","Bottled Flame","Orichalcum","Coffee Dripper","War Paint","Centennial Puzzle","Ancient Tea Set","Question Card"],"potions_floor_usage":[7,33],"damage_taken":[{"damage":14,"enemies":"Jaw Worm","floor":1,"turns":4},{"damage":1,"enemies":"Cultist","floor":2,"turns":3},{"damage":2,"enemies":"2 Louse","floor":3,"turns":3},{"damage":6,"enemies":"Exordium Thugs","floor":5,"turns":3},{"damage":8,"enemies":"Gremlin Nob","floor":7,"turns":3},{"damage":19,"enemies":"Lots of Slimes","floor":11,"turns":4},{"damage":12,"enemies":"Looter","floor":12,"turns":3},{"damage":8,"enemies":"Gremlin Nob","floor":13,"turns":3},{"damage":0,"enemies":"Slime Boss","floor":16,"turns":6},{"damage":8,"enemies":"2 Thieves","floor":18,"turns":3},{"damage":0,"enemies":"Chosen","floor":19,"turns":3},{"damage":5,"enemies":"Centurion and Healer","floor":20,"turns":3},{"damage":12,"enemies":"Snecko","floor":25,"turns":3},{"damage":5,"enemies":"3 Cultists","floor":27,"turns":4},{"damage":27,"enemies":"Gremlin Leader","floor":28,"turns":4},{"damage":20,"enemies":"Snake Plant","floor":31,"turns":2},{"damage":45,"enemies":"Collector","floor":33,"turns":6}],"seed_played":"2163313409828924104","potions_obtained":[{"floor":5,"key":"SkillPotion"},{"floor":11,"key":"Explosive Potion"},{"floor":16,"key":"SpeedPotion"},{"floor":19,"key":"SteroidPotion"},{"floor":31,"key":"Dexterity Potion"}],"is_trial":false,"path_per_floor":["M","M","M","?","M","R","?","R","T","R","M","M","E","$","R","B",null,"M","M","M","$","?","R","?","M","T","M","E","?","T","M","R","B"],"character_chosen":"IRONCLAD","items_purchased":["Perfected Strike","Orichalcum"],"campfire_rested":0,"item_purchase_floors":[14,14],"current_hp_per_floor":[60,65,69,69,69,69,67,67,67,67,56,52,52,52,52,60,71,71,75,75,75,75,75,75,69,69,72,53,53,53,41,41,0],"gold":458,"neow_bonus":"RANDOM_COMMON_RELIC","is_prod":false,"is_daily":false,"chose_seed":false,"campfire_upgraded":6,"win_rate":0,"timestamp":1552369190,"path_taken":["M","M","M","?","?","R","?","R","T","R","M","M","E","$","R","BOSS","M","M","M","$","?","R","?","?","T","?","E","?","?","M","R","BOSS"],"build_version":"2019-01-23","purchased_purges":2,"victory":false,"max_hp_per_floor":[75,75,75,75,75,75,75,75,75,75,75,75,75,75,75,75,75,75,75,75,75,75,75,75,75,75,75,75,75,75,75,75,75],"card_choices":[{"not_picked":["Headbutt","Second Wind"],"picked":"Cleave","floor":1},{"not_picked":["Iron Wave","Body Slam"],"picked":"Perfected Strike","floor":2},{"not_picked":["Uppercut","Heavy Blade"],"picked":"Wild Strike","floor":3},{"not_picked":["Power Through","Uppercut"],"picked":"Wild Strike","floor":5},{"not_picked":["Sever Soul","Warcry"],"picked":"Pommel Strike","floor":7},{"not_picked":["Intimidate","Cleave"],"picked":"Thunderclap","floor":11},{"not_picked":["Rampage","Rage"],"picked":"Perfected Strike","floor":12},{"not_picked":["Impervious","Shrug It Off"],"picked":"Pommel Strike","floor":13},{"not_picked":["Exhume","Barricade"],"picked":"Brutality","floor":16},{"not_picked":["Heavy Blade","Infernal Blade","Cleave+1"],"picked":"SKIP","floor":18},{"not_picked":["Entrench+1","Clash","Bloodletting"],"picked":"SKIP","floor":19},{"not_picked":["Cleave","True Grit"],"picked":"Shrug It Off+1","floor":20},{"not_picked":["Thunderclap","Sword Boomerang+1"],"picked":"Armaments+1","floor":25},{"not_picked":["Body Slam","Heavy Blade+1"],"picked":"Immolate","floor":27},{"not_picked":["Feed","Flex"],"picked":"Perfected Strike+1","floor":28},{"not_picked":["Shrug It Off","Rampage","True Grit"],"picked":"Wild Strike","floor":31}],"player_experience":1037127,"relics_obtained":[{"floor":7,"key":"Blood Vial"},{"floor":9,"key":"Boot"},{"floor":13,"key":"Bottled Flame"},{"floor":26,"key":"Centennial Puzzle"},{"floor":28,"key":"Ancient Tea Set"},{"floor":30,"key":"Question Card"}],"event_choices":[{"damage_healed":0,"gold_gain":0,"player_choice":"Upgraded","damage_taken":0,"max_hp_gain":0,"max_hp_loss":0,"event_name":"Upgrade Shrine","floor":4,"gold_loss":0,"cards_upgraded":["Perfected Strike"]},{"damage_healed":0,"gold_gain":0,"player_choice":"Searched \u00271\u0027 times","damage_taken":0,"max_hp_gain":0,"max_hp_loss":0,"event_name":"Dead Adventurer","floor":7,"gold_loss":0},{"damage_healed":0,"gold_gain":0,"player_choice":"Opened","damage_taken":0,"relics_obtained":["War Paint"],"max_hp_gain":0,"max_hp_loss":0,"event_name":"The Mausoleum","floor":22,"gold_loss":0,"cards_obtained":["Writhe"]},{"damage_healed":0,"gold_gain":275,"player_choice":"Desecrate","damage_taken":0,"max_hp_gain":0,"max_hp_loss":0,"event_name":"Golden Shrine","floor":24,"gold_loss":0,"cards_obtained":["Regret"]},{"damage_healed":0,"gold_gain":0,"player_choice":"Read","damage_taken":0,"max_hp_gain":0,"max_hp_loss":0,"event_name":"The Library","floor":29,"gold_loss":0,"cards_obtained":["Dual Wield"]}],"is_beta":false,"boss_relics":[{"not_picked":["Orrery","Black Blood"],"picked":"Coffee Dripper"}],"items_purged_floors":[14,21],"is_endless":false,"potions_floor_spawned":[5,11,16,19,20,31],"killed_by":"Collector","ascension_level":17}