{"path_per_floor":["M","?","?","M","$","R","E","R","T","R","M","M","R","M","R","B",null,"M","?","M","?","?","E","R"],"character_chosen":"THE_SILENT","items_purchased":["Noxious Fumes","Dagger Spray"],"gold_per_floor":[115,115,115,130,35,35,66,66,66,66,81,95,95,113,113,212,212,226,226,236,161,161,196,196],"floor_reached":25,"campfire_rested":0,"playtime":1223,"current_hp_per_floor":[70,70,70,70,70,70,70,70,70,70,70,70,70,52,52,52,66,66,50,30,30,53,28,28],"items_purged":[],"gold":196,"score":368,"play_id":"b737c321-ea76-4e69-a6df-8f1d35bf7d2c","is_prod":false,"is_daily":false,"is_ascension_mode":true,"campfire_upgraded":6,"path_taken":["M","?","?","?","$","R","E","R","T","R","M","?","R","M","R","BOSS","M","?","M","?","?","E","R","M"],"build_version":"2018-02-15-PROD1","purchased_purges":0,"victory":false,"master_deck":["Defend_G","Defend_G","Defend_G","Defend_G","Defend_G","Strike_G","Strike_G","Survivor","Neutralize+1","Leg Sweep+1","Wraith Form+1","Backstab","Noxious Fumes+1","Dagger Spray","Terror+1","Dagger Throw","Tools of the Trade+1","Underhanded Strike+1","Adrenaline"],"max_hp_per_floor":[70,70,70,70,70,70,70,70,70,70,70,70,70,70,70,70,70,70,70,70,70,70,70,70],"relics":["Ring of the Snake","NeowsBlessing","Snake Skull","Tingsha","Philosopher\u0027s Stone","Enchiridion","Ancient Tea Set"],"card_choices":[{"not_picked":["Sucker Punch","Deadly Poison"],"picked":"Leg Sweep"},{"not_picked":["Dagger Throw","PiercingWail"],"picked":"Backstab"},{"not_picked":["Dodge and Roll","Setup"],"picked":"Terror"},{"not_picked":["Concentrate","Endless Agony"],"picked":"Dagger Throw"},{"not_picked":["Glass Knife","A Thousand Cuts"],"picked":"Tools of the Trade"},{"not_picked":["Cloak And Dagger","Backflip"],"picked":"Underhanded Strike"},{"not_picked":["Blade Dance","Masterful Stab"],"picked":"Adrenaline"}],"player_experience":332989,"potions_floor_usage":[16,16,18,25],"damage_taken":[{"damage":0,"enemies":"2 Louse","floor":1,"turns":1},{"damage":0,"enemies":"Cultist","floor":4,"turns":1},{"damage":0,"enemies":"3 Sentries","floor":7,"turns":1},{"damage":0,"enemies":"Jaw Worm","floor":11,"turns":3},{"damage":0,"enemies":"Red Slaver","floor":12,"turns":4},{"damage":18,"enemies":"Gremlin Gang","floor":14,"turns":7},{"damage":0,"enemies":"Slime Boss","floor":16,"turns":6},{"damage":0,"enemies":"3 Byrds","floor":18,"turns":5},{"damage":20,"enemies":"Spheric Guardian","floor":20,"turns":4},{"damage":25,"enemies":"Book of Stabbing","floor":23,"turns":6},{"damage":35,"enemies":"Cultist and Chosen","floor":25,"turns":4}],"event_choices":[{"event_name":"Purifier","player_choice":"One Purge","floor":2,"damage_taken":0},{"event_name":"Transmorgrifier","player_choice":"Transform","floor":3,"damage_taken":0},{"event_name":"Cursed Tome","player_choice":"Obtained Book","floor":19,"damage_taken":0},{"event_name":"Beggar","player_choice":"Gave Gold","floor":21,"damage_taken":0},{"event_name":"The Library","player_choice":"Heal","floor":22,"damage_taken":0}],"boss_relics":[{"not_picked":["Snecko Eye","Velvet Choker"],"picked":"Philosopher\u0027s Stone"}],"potions_floor_spawned":[7,11,16,20],"seed_played":"3272610711926346458","killed_by":"Cultist and Chosen","ascension_level":5,"is_trial":false}