{"gold_per_floor":[366,386,403,36,36,68,68,96,96,96,109,109],"floor_reached":12,"playtime":387,"items_purged":["Parasite"],"score":163,"play_id":"3a098905-0290-46ff-9b00-de6bf9cc48ec","local_time":"20190313002352","is_ascension_mode":true,"campfire_choices":[{"data":"Fire Breathing","floor":7,"key":"SMITH"}],"neow_cost":"CURSE","seed_source_timestamp":825864833078562,"circlet_count":0,"master_deck":["AscendersBane","Strike_R","Strike_R","Strike_R","Strike_R","Strike_R","Defend_R","Defend_R","Defend_R","Defend_R","Bash","Sword Boomerang","Cleave","Uppercut","Fire Breathing+1","Offering","Whirlwind+1","Bludgeon+1","Body Slam+1","Ghostly Armor"],"relics":["Burning Blood","Molten Egg 2","The Courier","Letter Opener"],"potions_floor_usage":[2,6,11,12],"damage_taken":[{"damage":7,"enemies":"Small Slimes","floor":1,"turns":3},{"damage":0,"enemies":"2 Louse","floor":2,"turns":1},{"damage":2,"enemies":"Cultist","floor":3,"turns":4},{"damage":33,"enemies":"Gremlin Nob","floor":6,"turns":4},{"damage":36,"enemies":"Lagavulin","floor":8,"turns":6},{"damage":9,"enemies":"Exordium Wildlife","floor":11,"turns":2},{"damage":18,"enemies":"Large Slime","floor":12,"turns":3}],"seed_played":"-6265443808474386760","potions_obtained":[{"floor":1,"key":"Explosive Potion"},{"floor":3,"key":"Swift Potion"},{"floor":10,"key":"PowerPotion"},{"floor":10,"key":"Explosive Potion"}],"is_trial":false,"path_per_floor":["M","M","M","$","?","E","R","E","T","?","M","M"],"character_chosen":"IRONCLAD","items_purchased":["Fire Breathing","Offering","Whirlwind"],"campfire_rested":0,"item_purchase_floors":[4,4,4],"current_hp_per_floor":[67,73,75,72,72,45,45,15,15,15,12,0],"gold":109,"neow_bonus":"TWO_FIFTY_GOLD","is_prod":false,"is_daily":false,"chose_seed":false,"campfire_upgraded":1,"win_rate":0,"timestamp":1552451032,"path_taken":["M","M","M","$","?","E","R","E","T","?","M","M"],"build_version":"2019-01-23","purchased_purges":1,"victory":false,"max_hp_per_floor":[75,75,75,72,72,72,72,72,72,72,72,72],"card_choices":[{"not_picked":["Pommel Strike","Heavy Blade"],"picked":"Sword Boomerang","floor":1},{"not_picked":["Pummel","Reckless Charge"],"picked":"Cleave","floor":2},{"not_picked":["Perfected Strike","Shrug It Off"],"picked":"Uppercut","floor":3},{"not_picked":["Thunderclap","Inflame"],"picked":"Bludgeon","floor":6},{"not_picked":["True Grit","Warcry"],"picked":"Body Slam+1","floor":8},{"not_picked":["True Grit","Dark Embrace"],"picked":"Ghostly Armor","floor":11}],"player_experience":1063175,"relics_obtained":[{"floor":6,"key":"Molten Egg 2"},{"floor":8,"key":"The Courier"},{"floor":9,"key":"Letter Opener"}],"event_choices":[{"damage_healed":0,"gold_gain":0,"player_choice":"Grow","damage_taken":0,"max_hp_gain":0,"max_hp_loss":0,"event_name":"Living Wall","floor":5,"gold_loss":0,"cards_upgraded":["Whirlwind"]},{"damage_healed":0,"gold_gain":0,"player_choice":"Got Potions","damage_taken":0,"max_hp_gain":0,"max_hp_loss":0,"event_name":"Lab","floor":10,"gold_loss":0}],"is_beta":false,"boss_relics":[],"items_purged_floors":[4],"is_endless":false,"potions_floor_spawned":[1,3],"killed_by":"Large Slime","ascension_level":17}