{"gold_per_floor":[119,131,131,148,65,65,98,98,98,132,163,163,182,213,213,286,286,299,310,310,310,310,310,345,363,363,398,398,425,425,455,455,455],"floor_reached":33,"playtime":1923,"items_purged":[],"score":658,"play_id":"ae0bd570-bfa2-4f57-bb7d-ca53481491ef","local_time":"20190509181149","is_ascension_mode":true,"campfire_choices":[{"data":"Neutralize","floor":6.0,"key":"SMITH"},{"data":"Unload","floor":8.0,"key":"SMITH"},{"data":"Cloak And Dagger","floor":15,"key":"SMITH"},{"data":"Caltrops","floor":23,"key":"SMITH"},{"floor":28,"key":"REST"},{"floor":30,"key":"REST"},{"floor":32,"key":"REST"}],"neow_cost":"NONE","seed_source_timestamp":1468247013324793,"circlet_count":0,"master_deck":["AscendersBane","Defend_G+1","Defend_G+1","Defend_G+1","Defend_G+1","Defend_G+1","Strike_G+1","Strike_G+1","Strike_G+1","Strike_G+1","Strike_G+1","Survivor","Neutralize+1","Escape Plan","Deflect","Cloak And Dagger+1","Die Die Die","Unload+1","Dagger Throw","Calculated Gamble","Deadly Poison+1","Caltrops+1","Corpse Explosion+1","Footwork","Ghostly+1","Ghostly+1","Ghostly+1","Acrobatics+1","After Image","Cloak And Dagger+1","Cloak And Dagger+1","Deflect+1"],"special_seed":0,"relics":["Ring of the Snake","NeowsBlessing","Darkstone Periapt","Pear","WingedGreaves","Pocketwatch","Toxic Egg 2","Kunai","Sozu","Oddly Smooth Stone","Vajra","Question Card","Red Mask"],"potions_floor_usage":[24,27],"damage_taken":[{"damage":0.0,"enemies":"2 Louse","floor":1.0,"turns":1.0},{"damage":0.0,"enemies":"Jaw Worm","floor":2.0,"turns":1.0},{"damage":0.0,"enemies":"Small Slimes","floor":4.0,"turns":1.0},{"damage":14.0,"enemies":"3 Sentries","floor":7.0,"turns":8.0},{"damage":16.0,"enemies":"Lagavulin","floor":10.0,"turns":8.0},{"damage":5.0,"enemies":"3 Sentries","floor":11.0,"turns":4.0},{"damage":5,"enemies":"Exordium Wildlife","floor":13,"turns":3},{"damage":2,"enemies":"Lagavulin","floor":14,"turns":6},{"damage":13,"enemies":"Hexaghost","floor":16,"turns":9},{"damage":12,"enemies":"Spheric Guardian","floor":18,"turns":4},{"damage":8,"enemies":"2 Thieves","floor":19,"turns":2},{"damage":9,"enemies":"Slavers","floor":24,"turns":3},{"damage":0,"enemies":"Snake Plant","floor":25,"turns":4},{"damage":28,"enemies":"Book of Stabbing","floor":27,"turns":5},{"damage":11,"enemies":"Slavers","floor":29,"turns":3},{"damage":0,"enemies":"Masked Bandits","floor":31,"turns":4},{"damage":37,"enemies":"Automaton","floor":33,"turns":6}],"seed_played":"-4571401378984794046","potions_obtained":[{"floor":1.0,"key":"SteroidPotion"},{"floor":4.0,"key":"GhostInAJar"},{"floor":13,"key":"GhostInAJar"},{"floor":14,"key":"SneckoOil"}],"is_trial":false,"path_per_floor":["M","M","?","M","$","R","E","R","T","E","E","?","M","E","R","B",null,"M","M","?","?","?","R","E","M","T","E","R","E","R","?","R","B"],"character_chosen":"THE_SILENT","items_purchased":["Die Die Die"],"campfire_rested":3,"item_purchase_floors":[5],"current_hp_per_floor":[59,59,64,64,64,64,50,50,60,44,39,39,34,32,32,19,66,54,46,40,40,40,40,31,31,31,3,15,4,16,16,28,0],"gold":455,"neow_bonus":"THREE_ENEMY_KILL","is_prod":false,"is_daily":false,"chose_seed":false,"campfire_upgraded":4,"win_rate":0,"timestamp":1557439909,"path_taken":["M","M","?","M","$","R","E","R","T","E","E","?","?","E","R","BOSS","M","M","?","?","?","R","E","?","T","E","R","E","R","?","R","BOSS"],"build_version":"2019-01-23","purchased_purges":0,"victory":false,"max_hp_per_floor":[66,66,71,71,71,71,71,71,81,81,81,81,81,81,81,81,81,81,81,40,40,40,40,40,40,40,40,40,40,40,40,40,40],"card_choices":[{"not_picked":["Catalyst","Infinite Blades"],"picked":"Escape Plan","floor":1.0},{"not_picked":["Backflip","Sucker Punch"],"picked":"Deflect","floor":2.0},{"not_picked":["Sucker Punch","Dagger Throw"],"picked":"Cloak And Dagger","floor":4.0},{"not_picked":["Unload","Acrobatics","Distraction"],"picked":"SKIP","floor":7.0},{"not_picked":["Acrobatics","Distraction"],"picked":"Unload","floor":7.0},{"not_picked":["Outmaneuver","Backflip"],"picked":"Dagger Throw","floor":10.0},{"not_picked":["Deflect","Prepared"],"picked":"Calculated Gamble","floor":11.0},{"not_picked":["Dagger Spray","Skewer"],"picked":"Deadly Poison+1","floor":13},{"not_picked":["All Out Attack","Underhanded Strike"],"picked":"Caltrops","floor":14},{"not_picked":["Storm of Steel+1","Doppelganger+1"],"picked":"Corpse Explosion+1","floor":16},{"not_picked":["Dash","Calculated Gamble+1","Flying Knee"],"picked":"SKIP","floor":18},{"not_picked":["Blade Dance+1","Acrobatics+1"],"picked":"Footwork","floor":19},{"not_picked":["Dagger Throw","Bane"],"picked":"Acrobatics+1","floor":24},{"not_picked":["Distraction+1","Dagger Spray+1"],"picked":"After Image","floor":25},{"not_picked":["Quick Slash","Endless Agony"],"picked":"Cloak And Dagger+1","floor":27},{"not_picked":["Acrobatics+1","All Out Attack+1"],"picked":"Cloak And Dagger+1","floor":29},{"not_picked":["Dagger Throw","Distraction+1","Outmaneuver+1"],"picked":"Deflect+1","floor":31}],"player_experience":2515161,"relics_obtained":[{"floor":7.0,"key":"Darkstone Periapt"},{"floor":9.0,"key":"Pear"},{"floor":10.0,"key":"WingedGreaves"},{"floor":11.0,"key":"Pocketwatch"},{"floor":14,"key":"Kunai"},{"floor":24,"key":"Oddly Smooth Stone"},{"floor":27,"key":"Vajra"},{"floor":29,"key":"Question Card"},{"floor":31,"key":"Red Mask"}],"event_choices":[{"damage_healed":0.0,"max_hp_gain":5.0,"max_hp_loss":0.0,"gold_gain":0.0,"event_name":"Big Fish","player_choice":"Donut","floor":3.0,"gold_loss":0.0,"damage_taken":0.0},{"damage_healed":0.0,"max_hp_gain":0.0,"max_hp_loss":0.0,"gold_gain":0.0,"event_name":"Dead Adventurer","player_choice":"Searched \u00271\u0027 times","floor":12.0,"gold_loss":0.0,"damage_taken":0.0,"relics_obtained":["Toxic Egg 2"]},{"damage_healed":0,"gold_gain":0,"player_choice":"Became a Ghost","damage_taken":0,"max_hp_gain":0,"max_hp_loss":41,"event_name":"Ghosts","floor":20,"gold_loss":0,"cards_obtained":["Ghostly","Ghostly","Ghostly"]},{"damage_healed":0,"gold_gain":0,"player_choice":"Simplicity","damage_taken":0,"max_hp_gain":0,"max_hp_loss":0,"event_name":"Back to Basics","floor":21,"gold_loss":0,"cards_upgraded":["Defend_G","Defend_G","Defend_G","Defend_G","Defend_G","Strike_G","Strike_G","Strike_G","Strike_G","Strike_G"]},{"damage_healed":0,"gold_gain":0,"player_choice":"Got Potions","damage_taken":0,"max_hp_gain":0,"max_hp_loss":0,"event_name":"Lab","floor":22,"gold_loss":0},{"damage_healed":0,"gold_gain":0,"player_choice":"Fought Bandits","damage_taken":0,"max_hp_gain":0,"max_hp_loss":0,"event_name":"Masked Bandits","floor":31,"gold_loss":0}],"is_beta":false,"boss_relics":[{"not_picked":["White Beast Statue","Black Star"],"picked":"Sozu"}],"items_purged_floors":[],"is_endless":false,"potions_floor_spawned":[1,4,13,14,19,25,27],"killed_by":"Automaton","ascension_level":20}