{"path_per_floor":["M","?","M","M","M","R","M","R","T","R","M","M","?","?","R","B",null,"M","M","M"],"character_chosen":"IRONCLAD","items_purchased":[],"gold_per_floor":[115,115,132,146,166,166,186,186,186,186,196,216,166,166,166,270,270,289,304,318,318],"floor_reached":21,"campfire_rested":2,"playtime":432,"current_hp_per_floor":[35,28,28,34,27,51,46,46,46,46,52,54,54,54,78,21,80,80,48,11,11],"items_purged":[],"gold":318,"score":175,"play_id":"596639b3-e0d1-43fd-929d-aea13339d375","local_time":"20180414115903","is_prod":false,"is_daily":false,"chose_seed":false,"is_ascension_mode":false,"campfire_upgraded":2,"timestamp":1523732343,"path_taken":["M","?","M","M","M","R","M","R","T","R","?","?","?","?","R","BOSS","M","M","M","M"],"build_version":"2018-04-12","seed_source_timestamp":226401469839854,"purchased_purges":0,"victory":false,"master_deck":["Strike_R","Strike_R","Strike_R","Defend_R","Defend_R","Bash+1","Pommel Strike","Shrug It Off","Flex+1","Rage"],"max_hp_per_floor":[80,80,80,80,80,80,80,80,80,80,80,80,80,80,80,80,80,80,80,80,80],"relics":["Black Blood"],"card_choices":[{"not_picked":["Ghostly Armor","Fire Breathing"],"picked":"Pommel Strike","floor":3},{"not_picked":["Reckless Charge","Perfected Strike"],"picked":"Shrug It Off","floor":4},{"not_picked":["Fire Breathing","Warcry"],"picked":"Flex","floor":5},{"not_picked":["Shrug It Off","Body Slam"],"picked":"Rage","floor":19}],"player_experience":466988,"potions_floor_usage":[5,18,20],"damage_taken":[{"damage":11,"enemies":"Jaw Worm","floor":1,"turns":2},{"damage":6,"enemies":"Cultist","floor":3,"turns":3},{"damage":0,"enemies":"Small Slimes","floor":4,"turns":2},{"damage":13,"enemies":"2 Fungi Beasts","floor":5,"turns":3},{"damage":11,"enemies":"3 Louse","floor":7,"turns":3},{"damage":0,"enemies":"Large Slime","floor":11,"turns":4},{"damage":4,"enemies":"2 Fungi Beasts","floor":12,"turns":3},{"damage":63,"enemies":"The Guardian","floor":16,"turns":10},{"damage":10,"enemies":"Spheric Guardian","floor":18,"turns":3},{"damage":42,"enemies":"Shell Parasite","floor":19,"turns":5},{"damage":47,"enemies":"3 Cultists","floor":20,"turns":8},{"damage":0,"enemies":"Chosen and Byrds","floor":21,"turns":1}],"event_choices":[{"event_name":"Golden Wing","player_choice":"Card Removal","floor":2,"damage_taken":0},{"event_name":"The Cleric","player_choice":"Card Removal","floor":13,"damage_taken":0},{"event_name":"Liars Game","player_choice":"disagreed","floor":14,"damage_taken":0}],"boss_relics":[{"not_picked":["Mark of Pain","Sozu"],"picked":"Black Blood"}],"potions_floor_spawned":[1,7,16,19],"seed_played":"431618524537137195","killed_by":"Chosen and Byrds","ascension_level":0,"is_trial":false}