{"gold_per_floor":[109,128,128,53,53,53,80,80,80,1,1,1,14,49,49,49],"floor_reached":16,"playtime":545,"items_purged":[],"score":212,"play_id":"14a3fcef-b68b-4382-911f-a3c0744d9b8b","local_time":"20190411014750","is_ascension_mode":true,"campfire_choices":[{"floor":6,"key":"REST"},{"data":"Loop","floor":8,"key":"SMITH"},{"floor":12,"key":"REST"},{"data":"Zap","floor":15,"key":"SMITH"}],"neow_cost":"NONE","seed_source_timestamp":35377244420321,"circlet_count":0,"master_deck":["AscendersBane","Strike_B","Strike_B","Strike_B+1","Defend_B","Defend_B","Defend_B","Defend_B+1","Zap+1","Dualcast","Melter","Loop+1","Steam","Leap","Leap","Chill"],"relics":["Cracked Core","Dead Branch","Calipers","PreservedInsect"],"potions_floor_usage":[2,7,14,16],"damage_taken":[{"damage":12,"enemies":"Small Slimes","floor":1,"turns":3},{"damage":7,"enemies":"Jaw Worm","floor":2,"turns":2},{"damage":39,"enemies":"Gremlin Nob","floor":7,"turns":4},{"damage":0,"enemies":"2 Louse","floor":13,"turns":2},{"damage":9,"enemies":"Lagavulin","floor":14,"turns":7},{"damage":20,"enemies":"Hexaghost","floor":16,"turns":11}],"seed_played":"-8017426492615600118","potions_obtained":[{"floor":0,"key":"Poison Potion"},{"floor":0,"key":"FocusPotion"},{"floor":13,"key":"Energy Potion"}],"is_trial":false,"path_per_floor":["M","M","?","?","?","R","E","R","T","$","?","R","M","E","R","B"],"character_chosen":"DEFECT","items_purchased":["Leap","Dexterity Potion"],"campfire_rested":2,"item_purchase_floors":[10,10],"current_hp_per_floor":[52,45,50,50,27,49,10,10,10,10,5,27,27,18,18,0],"gold":49,"neow_bonus":"THREE_SMALL_POTIONS","is_prod":false,"is_daily":false,"chose_seed":false,"campfire_upgraded":2,"win_rate":0,"timestamp":1554961670,"path_taken":["M","M","?","?","?","R","E","R","T","$","?","R","M","E","R","BOSS"],"build_version":"2019-01-23","purchased_purges":0,"victory":false,"max_hp_per_floor":[71,71,76,76,76,76,76,76,76,76,76,76,76,76,76,76],"card_choices":[{"not_picked":["Rip and Tear","Hologram"],"picked":"Melter","floor":1},{"not_picked":["Leap","Melter"],"picked":"Loop","floor":2},{"not_picked":["Force Field","Barrage"],"picked":"Steam","floor":7},{"not_picked":["Blizzard","Darkness"],"picked":"Leap","floor":13},{"not_picked":["Melter","Darkness"],"picked":"Chill","floor":14}],"player_experience":1789040,"relics_obtained":[{"floor":7,"key":"Dead Branch"},{"floor":9,"key":"Calipers"},{"floor":14,"key":"PreservedInsect"}],"event_choices":[{"damage_healed":0,"gold_gain":0,"player_choice":"Donut","damage_taken":0,"max_hp_gain":5,"max_hp_loss":0,"event_name":"Big Fish","floor":3,"gold_loss":0},{"cards_removed":["Strike_B"],"damage_healed":0,"gold_gain":0,"player_choice":"Card Removal","damage_taken":0,"max_hp_gain":0,"max_hp_loss":0,"event_name":"The Cleric","floor":4,"gold_loss":75},{"damage_healed":0,"gold_gain":0,"player_choice":"Entered Light","damage_taken":23,"max_hp_gain":0,"max_hp_loss":0,"event_name":"Shining Light","floor":5,"gold_loss":0,"cards_upgraded":["Strike_B","Defend_B"]},{"damage_healed":0,"gold_gain":0,"player_choice":"Fled","damage_taken":5,"max_hp_gain":0,"max_hp_loss":0,"event_name":"Scrap Ooze","floor":11,"gold_loss":0}],"is_beta":false,"boss_relics":[],"items_purged_floors":[],"is_endless":false,"potions_floor_spawned":[13],"killed_by":"Hexaghost","ascension_level":20}