{"gold_per_floor":[116,116,131,51,70,70,70,90,90,108,108,130,130,144,144,218,218,238,263,263,283,299,299,299],"floor_reached":24,"playtime":827,"items_purged":[],"score":376,"play_id":"67c25983-d088-4eda-b5b8-ef249b0c6737","local_time":"20190104123933","is_ascension_mode":true,"campfire_choices":[{"data":"Zap","floor":6,"key":"SMITH"},{"data":"Defragment","floor":11,"key":"SMITH"},{"floor":13,"key":"REST"},{"floor":15,"key":"REST"},{"data":"Defragment","floor":23,"key":"SMITH"}],"neow_cost":"NONE","seed_source_timestamp":220380334880902,"circlet_count":0,"master_deck":["AscendersBane","Strike_B","Strike_B","Strike_B","Defend_B","Defend_B","Defend_B","Defend_B","Zap+1","Dualcast","Gash","Ball Lightning","Self Repair","Defragment+1","Defragment+1","Coolheaded+1","Redo+1","Coolheaded+1","Glacier+1","All For One","Sweeping Beam","Ghostly+1","Ghostly+1","Ghostly+1","Stack+1"],"relics":["Cracked Core","Toxic Egg 2","Omamori","Odd Mushroom","Runic Dome","Red Mask"],"potions_floor_usage":[],"damage_taken":[{"damage":7,"enemies":"2 Louse","floor":1,"turns":2},{"damage":2,"enemies":"Jaw Worm","floor":3,"turns":3},{"damage":7,"enemies":"Small Slimes","floor":5,"turns":3},{"damage":47,"enemies":"Gremlin Gang","floor":8,"turns":4},{"damage":0,"enemies":"Large Slime","floor":10,"turns":4},{"damage":12,"enemies":"The Mushroom Lair","floor":12,"turns":4},{"damage":17,"enemies":"3 Louse","floor":14,"turns":4},{"damage":26,"enemies":"Slime Boss","floor":16,"turns":9},{"damage":8,"enemies":"3 Byrds","floor":18,"turns":4},{"damage":40,"enemies":"Masked Bandits","floor":19,"turns":4},{"damage":7,"enemies":"Shell Parasite","floor":21,"turns":8},{"damage":0,"enemies":"Snecko","floor":22,"turns":6},{"damage":31,"enemies":"Centurion and Healer","floor":24,"turns":11}],"seed_played":"-1800886523950449107","potions_obtained":[{"floor":8,"key":"Poison Potion"},{"floor":14,"key":"SkillPotion"},{"floor":22,"key":"SmokeBomb"}],"is_trial":false,"path_per_floor":["M","?","M","$","M","R","?","M","T","M","R","?","R","M","R","B",null,"M","?","?","M","M","R","M"],"character_chosen":"DEFECT","items_purchased":["Defragment"],"campfire_rested":2,"item_purchase_floors":[4],"current_hp_per_floor":[57,31,29,29,29,29,52,12,12,19,19,7,28,18,39,20,58,57,17,17,17,24,24,0],"gold":299,"neow_bonus":"TRANSFORM_CARD","is_prod":false,"is_daily":false,"chose_seed":false,"campfire_upgraded":3,"win_rate":0,"timestamp":1546630773,"path_taken":["M","?","M","$","M","R","?","M","T","M","R","?","R","M","R","BOSS","M","?","?","M","M","R","M"],"build_version":"2019-01-03v3","purchased_purges":0,"victory":false,"max_hp_per_floor":[71,71,71,71,71,71,71,71,71,71,71,71,71,71,71,71,71,71,71,35,35,35,35,35],"card_choices":[{"not_picked":["Go for the Eyes","Scrape"],"picked":"Ball Lightning","floor":1},{"not_picked":["Turbo+1","Go for the Eyes"],"picked":"Self Repair","floor":3},{"not_picked":["Gash","Melter"],"picked":"Defragment","floor":5},{"not_picked":["Reprogram+1","Sweeping Beam"],"picked":"Coolheaded+1","floor":8},{"not_picked":["Sweeping Beam","Reprogram+1"],"picked":"Redo+1","floor":10},{"not_picked":["Gash","Stack+1"],"picked":"Coolheaded+1","floor":12},{"not_picked":["Go for the Eyes","Recycle+1"],"picked":"Glacier+1","floor":14},{"not_picked":["Multi-Cast+1","Biased Cognition"],"picked":"All For One","floor":16},{"not_picked":["Auto Shields+1","Rebound","Barrage"],"picked":"SKIP","floor":18},{"not_picked":["Go for the Eyes","Recycle+1"],"picked":"Sweeping Beam","floor":19},{"not_picked":["Beam Cell+1","Auto Shields+1"],"picked":"Stack+1","floor":21},{"not_picked":["Turbo+1","Barrage","Machine Learning"],"picked":"SKIP","floor":22}],"player_experience":1019608,"relics_obtained":[{"floor":9,"key":"Omamori"},{"floor":12,"key":"Odd Mushroom"},{"floor":19,"key":"Red Mask"}],"event_choices":[{"damage_healed":0,"gold_gain":0,"player_choice":"Success","damage_taken":26,"relics_obtained":["Toxic Egg 2"],"max_hp_gain":0,"max_hp_loss":0,"event_name":"Scrap Ooze","floor":2,"gold_loss":0},{"damage_healed":23,"gold_gain":0,"player_choice":"Banana","damage_taken":0,"max_hp_gain":0,"max_hp_loss":0,"event_name":"Big Fish","floor":7,"gold_loss":0},{"damage_healed":0,"gold_gain":0,"player_choice":"Fought Mushrooms","damage_taken":0,"max_hp_gain":0,"max_hp_loss":0,"event_name":"Mushrooms","floor":12,"gold_loss":0},{"damage_healed":0,"gold_gain":0,"player_choice":"Fought Bandits","damage_taken":0,"max_hp_gain":0,"max_hp_loss":0,"event_name":"Masked Bandits","floor":19,"gold_loss":0},{"damage_healed":0,"gold_gain":0,"player_choice":"Became a Ghost","damage_taken":0,"max_hp_gain":0,"max_hp_loss":36,"event_name":"Ghosts","floor":20,"gold_loss":0,"cards_obtained":["Ghostly","Ghostly","Ghostly"]}],"is_beta":true,"boss_relics":[{"not_picked":["Orrery","Philosopher\u0027s Stone"],"picked":"Runic Dome"}],"items_purged_floors":[],"is_endless":false,"potions_floor_spawned":[8,14,16,21,22],"killed_by":"Centurion and Healer","ascension_level":20}