{"gold_per_floor":[111,20,20,20,40,65,77,119,157,169,200,212,249,277,289,301],"floor_reached":16,"playtime":4058,"items_purged":[],"score":216,"play_id":"a601c356-3977-4924-9436-f0bd4661c7da","local_time":"20190428220603","is_ascension_mode":true,"campfire_choices":[{"data":"Neutralize","floor":7,"key":"SMITH"},{"floor":10,"key":"REST"},{"data":"Predator","floor":12,"key":"SMITH"},{"data":"Caltrops","floor":15,"key":"SMITH"}],"neow_cost":"TEN_PERCENT_HP_LOSS","seed_source_timestamp":529688389570558,"circlet_count":0,"master_deck":["AscendersBane","Defend_G","Defend_G","Defend_G","Defend_G","Defend_G","Strike_G","Strike_G","Strike_G","Strike_G","Strike_G","Survivor","Neutralize+1","Predator+1","Caltrops+1","Dagger Spray+1","Infinite Blades","Leg Sweep","Backflip"],"relics":["Ring of the Snake","Calipers","Pen Nib","MawBank","Regal Pillow","Vajra"],"potions_floor_usage":[13,13,16],"damage_taken":[{"damage":13,"enemies":"Cultist","floor":1,"turns":7},{"damage":7,"enemies":"Jaw Worm","floor":5,"turns":4},{"damage":27,"enemies":"Lagavulin","floor":6,"turns":7},{"damage":0,"enemies":"2 Louse","floor":11,"turns":2},{"damage":10,"enemies":"Gremlin Nob","floor":13,"turns":4},{"damage":6,"enemies":"Looter","floor":14,"turns":2},{"damage":27,"enemies":"The Guardian","floor":16,"turns":9}],"seed_played":"6917296225525578537","potions_obtained":[{"floor":1,"key":"SpeedPotion"},{"floor":6,"key":"SkillPotion"},{"floor":13,"key":"Energy Potion"}],"is_trial":false,"path_per_floor":["M","$","?","?","M","E","R","?","T","R","M","R","E","M","R","B"],"character_chosen":"THE_SILENT","items_purchased":["Caltrops","Dagger Spray"],"campfire_rested":1,"item_purchase_floors":[2,2],"current_hp_per_floor":[46,46,41,41,34,7,7,7,7,40,40,40,30,24,24,0],"gold":301,"neow_bonus":"ONE_RARE_RELIC","is_prod":false,"is_daily":false,"chose_seed":false,"campfire_upgraded":3,"win_rate":0,"timestamp":1556503563,"path_taken":["M","?","?","?","M","E","R","?","T","R","?","R","E","M","R","BOSS"],"build_version":"2019-01-23","purchased_purges":0,"victory":false,"max_hp_per_floor":[60,60,60,60,60,60,60,60,60,60,60,60,60,60,60,60],"card_choices":[{"not_picked":["Deflect","Underhanded Strike"],"picked":"Predator","floor":1},{"not_picked":["Bane","Tactician"],"picked":"Infinite Blades","floor":5},{"not_picked":["Dodge and Roll","Caltrops"],"picked":"Leg Sweep","floor":6},{"not_picked":["Outmaneuver","Infinite Blades","Flying Knee"],"picked":"SKIP","floor":11},{"not_picked":["Unload","Slice","Underhanded Strike"],"picked":"SKIP","floor":13},{"not_picked":["Deflect","Eviscerate"],"picked":"Backflip","floor":14}],"player_experience":2057865,"relics_obtained":[{"floor":6,"key":"MawBank"},{"floor":9,"key":"Regal Pillow"},{"floor":13,"key":"Vajra"}],"event_choices":[{"damage_healed":0,"gold_gain":0,"player_choice":"Success","damage_taken":5,"relics_obtained":["Pen Nib"],"max_hp_gain":0,"max_hp_loss":0,"event_name":"Scrap Ooze","floor":3,"gold_loss":0},{"damage_healed":0,"gold_gain":0,"player_choice":"Grow","damage_taken":0,"max_hp_gain":0,"max_hp_loss":0,"event_name":"Living Wall","floor":4,"gold_loss":0,"cards_upgraded":["Dagger Spray"]},{"damage_healed":0,"gold_gain":30,"player_choice":"Searched \u00271\u0027 times","damage_taken":0,"max_hp_gain":0,"max_hp_loss":0,"event_name":"Dead Adventurer","floor":8,"gold_loss":0}],"is_beta":false,"boss_relics":[],"items_purged_floors":[],"is_endless":false,"potions_floor_spawned":[1,6,13],"killed_by":"The Guardian","ascension_level":20}