{"path_per_floor":["M","?","M","M","?","R","E","R","T","M","?","E","R","M","R","B",null,"M","?","?","?","M","R","E","R","T","M","M","R","$","E","R","B",null,"M","M","?","?","M","R","E","R","T","M","R","M","$","$","R","B"],"character_chosen":"IRONCLAD","items_purchased":["Molten Egg 2","Flash of Steel","Dramatic Entrance","Sword Boomerang","Pommel Strike","Sever Soul"],"gold_per_floor":[114,114,132,143,143,143,172,172,197,216,166,191,191,204,204,301,301,313,313,313,313,333,333,362,362,389,405,417,417,73,106,106,210,210,227,238,238,238,251,251,285,285,285,301,301,311,82,2,2,2],"floor_reached":51,"campfire_rested":0,"playtime":2229,"current_hp_per_floor":[80,80,75,80,80,80,79,79,79,80,80,80,80,80,80,42,80,67,67,51,51,53,53,61,61,61,67,73,73,73,69,69,68,83,83,80,80,80,83,83,58,58,58,61,61,67,67,67,67,29],"items_purged":["Defend_R"],"gold":2,"score":748,"play_id":"58d02725-4cf5-4d9e-8d5f-3dd9acf15b2a","local_time":"20180330191127","is_prod":false,"is_daily":false,"is_ascension_mode":false,"campfire_upgraded":6,"timestamp":1522451487,"path_taken":["M","?","?","M","?","R","E","R","T","M","?","E","R","M","R","BOSS","M","?","?","?","?","R","E","R","T","M","M","R","$","E","R","BOSS","M","M","?","?","?","R","E","R","T","M","R","M","?","$","R","BOSS"],"build_version":"2018-03-29v2","purchased_purges":1,"victory":true,"master_deck":["Strike_R+1","Strike_R+1","Defend_R","Bash+1","Rampage+1","Metallicize+1","True Grit+1","Inflame+1","Pommel Strike+1","True Grit+1","Flash of Steel+1","Bludgeon+1","Headbutt+1","Uppercut+1","Metallicize+1","Pummel+1","Dropkick+1","Spot Weakness+1","Searing Blow+3","Dramatic Entrance+1","Sword Boomerang+1","Pommel Strike+1","Sever Soul+1"],"max_hp_per_floor":[80,80,80,80,80,80,80,80,80,80,80,80,80,80,80,80,80,80,80,80,80,80,80,83,83,83,83,83,83,83,83,83,83,83,83,83,83,83,83,83,83,83,83,83,83,83,83,83,83,83],"relics":["Burning Blood","Thread and Needle","Lantern","Shovel","Runic Dome","Nilry\u0027s Codex","Prayer Wheel","Whetstone","Pen Nib","Happy Flower","Dream Catcher","Molten Egg 2","Paper Frog","Blood Vial","White Beast Statue","Question Card","Shuriken","Self Forming Clay","Dead Branch"],"card_choices":[{"not_picked":["Battle Trance","Exhume"],"picked":"Rampage","floor":1},{"not_picked":["Perfected Strike","Infernal Blade"],"picked":"Metallicize","floor":3},{"not_picked":["Intimidate","Combust"],"picked":"True Grit","floor":4},{"not_picked":["Warcry","Bloodletting"],"picked":"Inflame","floor":7},{"not_picked":["Thunderclap","Reckless Charge"],"picked":"Pommel Strike","floor":24},{"not_picked":["Warcry","Clash"],"picked":"True Grit","floor":27},{"not_picked":["Immolate","Juggernaut"],"picked":"Bludgeon","floor":33},{"not_picked":["Heavy Blade","True Grit"],"picked":"Headbutt","floor":35},{"not_picked":["Body Slam","Twin Strike"],"picked":"Metallicize","floor":39},{"not_picked":["Perfected Strike","True Grit","Havoc"],"picked":"Pummel","floor":41},{"not_picked":["Power Through","Heavy Blade","Shrug It Off"],"picked":"Dropkick","floor":43},{"not_picked":["Clothesline","Juggernaut","Shrug It Off"],"picked":"Spot Weakness","floor":44},{"not_picked":["Sword Boomerang","Clothesline","Body Slam"],"picked":"Searing Blow","floor":46}],"player_experience":636650,"potions_floor_usage":[7,7,16,24,27,31,33,36,39,44,44,50,50,50],"damage_taken":[{"damage":5,"enemies":"Small Slimes","floor":1,"turns":5},{"damage":11,"enemies":"Jaw Worm","floor":3,"turns":4},{"damage":1,"enemies":"Cultist","floor":4,"turns":4},{"damage":7,"enemies":"Gremlin Nob","floor":7,"turns":4},{"damage":0,"enemies":"Looter","floor":10,"turns":3},{"damage":0,"enemies":"3 Sentries","floor":12,"turns":8},{"damage":3,"enemies":"Exordium Thugs","floor":14,"turns":4},{"damage":56,"enemies":"Hexaghost","floor":16,"turns":10},{"damage":19,"enemies":"2 Thieves","floor":18,"turns":4},{"damage":4,"enemies":"Shell Parasite","floor":22,"turns":2},{"damage":1,"enemies":"Book of Stabbing","floor":24,"turns":5},{"damage":0,"enemies":"Chosen and Byrds","floor":27,"turns":4},{"damage":0,"enemies":"Cultist and Chosen","floor":28,"turns":6},{"damage":10,"enemies":"Slavers","floor":31,"turns":4},{"damage":9,"enemies":"Automaton","floor":33,"turns":6},{"damage":1,"enemies":"3 Shapes","floor":35,"turns":4},{"damage":9,"enemies":"3 Darklings","floor":36,"turns":5},{"damage":0,"enemies":"4 Shapes","floor":39,"turns":4},{"damage":31,"enemies":"2 Orb Walkers","floor":41,"turns":5},{"damage":5,"enemies":"Sphere and 2 Shapes","floor":44,"turns":3},{"damage":2,"enemies":"3 Darklings","floor":46,"turns":3},{"damage":46,"enemies":"Donu and Deca","floor":50,"turns":5}],"event_choices":[{"event_name":"Living Wall","player_choice":"Forget","floor":2,"damage_taken":0},{"event_name":"Bonfire Elementals","player_choice":"BASIC","floor":5,"damage_taken":0},{"event_name":"The Cleric","player_choice":"Card Removal","floor":11,"damage_taken":0},{"event_name":"Upgrade Shrine","player_choice":"Upgraded","floor":19,"damage_taken":0},{"event_name":"Cursed Tome","player_choice":"Obtained Book","floor":20,"damage_taken":0},{"event_name":"Back to Basics","player_choice":"Elegance","floor":21,"damage_taken":0},{"event_name":"Transmorgrifier","player_choice":"Transform","floor":37,"damage_taken":0},{"event_name":"The Lab","player_choice":"Got Potions","floor":38,"damage_taken":0}],"boss_relics":[{"not_picked":["Snecko Eye","Ectoplasm"],"picked":"Runic Dome"},{"not_picked":["Calling Bell","Runic Cube"],"picked":"White Beast Statue"}],"potions_floor_spawned":[1,3,12,14,18,27,28,35,36,39,41,44,46],"seed_played":"7557710798835457527","ascension_level":0,"is_trial":false}