{"path_per_floor":["M","?","?","M","$","R","M","E","T","R","M","M","R","M","R","B",null,"M","M","?","M","?","E","R","E","T","R","M","?","$","M","R","B",null,"M","?","?","M","M","R","M","R","T","?","M","E","R","?","R","B"],"character_chosen":"IRONCLAD","items_purchased":["Shockwave","Pommel Strike","Blood Vial","Calipers"],"gold_per_floor":[115,115,115,128,36,36,56,86,86,86,106,120,120,136,136,236,236,254,266,266,277,192,225,225,255,302,302,317,317,6,23,23,122,122,140,0,0,16,33,33,52,52,52,52,72,106,106,106,106,106],"floor_reached":51,"campfire_rested":0,"playtime":20424,"current_hp_per_floor":[80,62,55,61,61,61,67,56,56,56,55,54,54,58,58,76,80,62,65,65,71,71,59,59,44,50,50,59,59,59,70,70,32,86,86,86,86,86,86,86,86,86,92,92,86,78,78,98,98,41],"items_purged":["Injury"],"gold":106,"score":618,"play_id":"283539be-a579-41ef-ae64-f9a4e5efb499","is_prod":false,"is_daily":false,"is_ascension_mode":false,"campfire_upgraded":11,"path_taken":["M","?","?","M","?","R","M","E","T","R","M","?","R","M","R","BOSS","M","?","?","?","?","E","R","E","T","R","M","?","$","M","R","BOSS","M","?","?","M","M","R","M","R","T","?","?","E","R","?","R","BOSS"],"build_version":"2018-02-15-PROD1","purchased_purges":1,"victory":true,"master_deck":["Strike_R+1","Strike_R+1","Strike_R+1","Strike_R+1","Strike_R+1","Defend_R+1","Defend_R+1","Defend_R+1","Bash+1","Perfected Strike+1","Shockwave+1","Pommel Strike+1","Ghostly Armor","Iron Wave+1","Perfected Strike+1","Juggernaut+1","Twin Strike+1","Wild Strike+1","Perfected Strike+1","Spot Weakness+1","Double Tap+1","Pommel Strike+1","Heavy Blade+1","Perfected Strike+1","Inflame+1","Regret","Spot Weakness+1","Writhe"],"max_hp_per_floor":[80,80,80,80,80,80,80,80,80,80,80,80,80,80,80,80,80,80,80,80,80,80,80,80,80,86,86,86,86,86,86,86,86,86,86,86,86,86,86,86,86,86,92,92,92,92,92,98,98,98],"relics":["Burning Blood","Darkstone Periapt","Bottled Flame","Bird Faced Urn","Cursed Key","Magic Flower","Bronze Scales","The Courier","Bag of Preparation","Self Forming Clay","Blood Vial","Calipers","Question Card","Red Mask","Frozen Eye","Vajra"],"card_choices":[{"not_picked":["True Grit","Reckless Charge"],"picked":"Perfected Strike"},{"not_picked":["Twin Strike","Battle Trance"],"picked":"Shrug It Off"},{"not_picked":["Dropkick","Heavy Blade"],"picked":"Reckless Charge"},{"not_picked":["Power Through","Headbutt"],"picked":"Ghostly Armor"},{"not_picked":["Headbutt","True Grit"],"picked":"Iron Wave"},{"not_picked":["Shrug It Off","Anger"],"picked":"Perfected Strike"},{"not_picked":["Fiend Fire","Reaper"],"picked":"Juggernaut"},{"not_picked":["Pommel Strike","Bloodletting"],"picked":"Twin Strike"},{"not_picked":["Clothesline","Bludgeon"],"picked":"Wild Strike"},{"not_picked":["Iron Wave","Shrug It Off"],"picked":"Perfected Strike"},{"not_picked":["Clash","Wild Strike"],"picked":"Spot Weakness"},{"not_picked":["Reaper","Feed"],"picked":"Double Tap"},{"not_picked":["Fire Breathing","Body Slam","Flex"],"picked":"Pommel Strike"},{"not_picked":["Battle Trance","Thunderclap","Exhume"],"picked":"Heavy Blade"},{"not_picked":["Flex","Iron Wave","Shrug It Off"],"picked":"Perfected Strike"},{"not_picked":["Reckless Charge","Whirlwind","Clothesline"],"picked":"Inflame"},{"not_picked":["Shrug It Off","Bludgeon","Pommel Strike"],"picked":"Spot Weakness"}],"player_experience":353277,"potions_floor_usage":[16,16,21,23,31,33,45,45,46,50],"damage_taken":[{"damage":6,"enemies":"Jaw Worm","floor":1,"turns":3},{"damage":0,"enemies":"Small Slimes","floor":4,"turns":4},{"damage":0,"enemies":"2 Louse","floor":7,"turns":3},{"damage":17,"enemies":"Gremlin Nob","floor":8,"turns":4},{"damage":7,"enemies":"Exordium Wildlife","floor":11,"turns":4},{"damage":7,"enemies":"Lots of Slimes","floor":12,"turns":6},{"damage":2,"enemies":"Looter","floor":14,"turns":3},{"damage":0,"enemies":"Slime Boss","floor":16,"turns":6},{"damage":24,"enemies":"2 Thieves","floor":18,"turns":4},{"damage":5,"enemies":"Shell Parasite","floor":19,"turns":4},{"damage":0,"enemies":"Snecko","floor":21,"turns":3},{"damage":24,"enemies":"Slavers","floor":23,"turns":5},{"damage":27,"enemies":"Gremlin Leader","floor":25,"turns":7},{"damage":0,"enemies":"3 Cultists","floor":28,"turns":3},{"damage":4,"enemies":"Centurion and Healer","floor":31,"turns":3},{"damage":78,"enemies":"Automaton","floor":33,"turns":9},{"damage":9,"enemies":"3 Darklings","floor":35,"turns":5},{"damage":3,"enemies":"Orb Walker","floor":38,"turns":3},{"damage":9,"enemies":"3 Darklings","floor":39,"turns":5},{"damage":0,"enemies":"Sphere and 2 Shapes","floor":41,"turns":3},{"damage":15,"enemies":"4 Shapes","floor":45,"turns":3},{"damage":26,"enemies":"2 Orb Walkers","floor":46,"turns":3},{"damage":72,"enemies":"Time Eater","floor":50,"turns":7}],"event_choices":[{"event_name":"Scrap Ooze","player_choice":"success","floor":2,"damage_taken":18},{"event_name":"Golden Wing","player_choice":"Card Removal","floor":3,"damage_taken":0},{"event_name":"Back to Basics","player_choice":"Simplicity","floor":20,"damage_taken":0},{"event_name":"Addict","player_choice":"Obtained Relic","floor":22,"damage_taken":0},{"event_name":"The Mausoleum","player_choice":"Yes","floor":29,"damage_taken":0},{"event_name":"Tomb of Lord Red Mask","player_choice":"Paid","floor":36,"damage_taken":0},{"event_name":"Wheel of Change","player_choice":"Card Removal","floor":37,"damage_taken":0},{"event_name":"Winding Halls","player_choice":"Writhe","floor":48,"damage_taken":0}],"boss_relics":[{"not_picked":["Velvet Choker","Eternal Feather"],"picked":"Cursed Key"},{"not_picked":["Lizard Tail","Runic Dome"],"picked":"Question Card"}],"potions_floor_spawned":[8,11,14,16,19,21,28,31,38,39,45],"seed_played":"-7711157633620674585","ascension_level":0,"is_trial":false}