{"gold_per_floor":[111,111,130,95,113,113,131,131,131,158,174,174,204,10,10,84,84,84,84,84,84,84,84,84,84,84,84,84,38,38,38,38,38,38,38,38,38,38,38,38,38,38,38,38,38,38,38,38,38,38],"floor_reached":51,"playtime":2014,"items_purged":[],"score":1298,"play_id":"9b48627a-5f5b-4c28-a9de-dabb6d6e3c49","local_time":"20180814152109","is_ascension_mode":true,"campfire_choices":[{"data":"Noxious Fumes","floor":6,"key":"SMITH"},{"data":"Neutralize","floor":8,"key":"SMITH"},{"data":"Leg Sweep","floor":12,"key":"SMITH"},{"data":"Mayhem","floor":15,"key":"SMITH"},{"data":"Adrenaline","floor":23,"key":"SMITH"},{"data":"Backflip","floor":25,"key":"SMITH"},{"data":"Well Laid Plans","floor":28,"key":"SMITH"},{"data":"Cloak And Dagger","floor":30,"key":"SMITH"},{"data":"Backflip","floor":32,"key":"SMITH"},{"floor":42,"key":"REST"},{"data":"Envenom","floor":46,"key":"SMITH"},{"floor":49,"key":"REST"}],"neow_cost":"NONE","seed_source_timestamp":0,"circlet_count":0,"master_deck":["Defend_G","Defend_G","Defend_G","Defend_G","Defend_G","Strike_G+1","Strike_G+1","Strike_G+1","Survivor","Neutralize+1","AscendersBane","Dagger Throw","Noxious Fumes+1","Leg Sweep+1","Well Laid Plans+1","Dash+1","Backflip+1","Mayhem+1","Adrenaline+1","Dash+1","Dagger Spray","Cloak And Dagger+1","Backflip+1","Envenom+1","Dash+1","Sucker Punch+1","Backflip","Blur","Backstab"],"special_seed":0,"relics":["Lizard Tail","Whetstone","Mummified Hand","Mercury Hourglass","Ectoplasm","Darkstone Periapt","Smiling Mask","Empty Cage","Gambling Chip","The Specimen","Centennial Puzzle","Question Card"],"potions_floor_usage":[40,40,44,44,50],"damage_taken":[{"damage":1,"enemies":"Jaw Worm","floor":1,"turns":5},{"damage":9,"enemies":"2 Louse","floor":3,"turns":3},{"damage":0,"enemies":"Small Slimes","floor":5,"turns":3},{"damage":0,"enemies":"2 Fungi Beasts","floor":7,"turns":6},{"damage":15,"enemies":"Lagavulin","floor":10,"turns":9},{"damage":0,"enemies":"Blue Slaver","floor":11,"turns":3},{"damage":12,"enemies":"3 Sentries","floor":13,"turns":6},{"damage":0,"enemies":"Hexaghost","floor":16,"turns":10},{"damage":0,"enemies":"3 Byrds","floor":18,"turns":4},{"damage":3,"enemies":"Shell Parasite","floor":27,"turns":5},{"damage":0,"enemies":"Cultist and Chosen","floor":31,"turns":5},{"damage":41,"enemies":"Collector","floor":33,"turns":12},{"damage":18,"enemies":"3 Darklings","floor":35,"turns":5},{"damage":0,"enemies":"Orb Walker","floor":36,"turns":3},{"damage":8,"floor":38,"turns":7},{"damage":2,"enemies":"4 Shapes","floor":39,"turns":7},{"damage":8,"enemies":"Giant Head","floor":40,"turns":10},{"damage":2,"enemies":"3 Darklings","floor":41,"turns":4},{"damage":6,"enemies":"2 Orb Walkers","floor":44,"turns":5},{"damage":0,"enemies":"Transient","floor":47,"turns":5},{"damage":13,"enemies":"Maw","floor":48,"turns":8},{"damage":37,"enemies":"Time Eater","floor":50,"turns":16}],"seed_played":"1554404441763840192","potions_obtained":[{"floor":5,"key":"GhostInAJar"},{"floor":13,"key":"Weak Potion"},{"floor":36,"key":"GhostInAJar"},{"floor":40,"key":"SteroidPotion"},{"floor":41,"key":"LiquidBronze"},{"floor":44,"key":"SkillPotion"}],"is_trial":false,"path_per_floor":["M","?","M","?","M","R","M","R","T","E","M","R","E","$","R","B",null,"M","?","?","?","T","R","?","R","T","M","R","$","R","M","R","B",null,"M","M","$","?","M","E","M","R","T","E","?","R","M","M","R","B"],"character_chosen":"THE_SILENT","items_purchased":["Mayhem","Cloak And Dagger"],"campfire_rested":2,"item_purchase_floors":[14,29],"current_hp_per_floor":[58,38,29,45,45,45,45,45,45,30,30,30,18,18,18,18,54,54,54,54,54,54,54,54,54,54,51,51,51,51,51,51,10,52,34,34,34,26,24,16,14,33,33,27,54,54,54,41,54,17],"gold":38,"neow_bonus":"BOSS_RELIC","is_prod":false,"is_daily":false,"chose_seed":false,"campfire_upgraded":10,"win_rate":0,"timestamp":1534285269,"path_taken":["M","?","M","?","M","R","M","R","T","E","M","R","E","$","R","BOSS","M","?","?","?","?","R","?","R","T","M","R","$","R","M","R","BOSS","M","M","$","?","M","E","M","R","T","E","?","R","M","?","R","BOSS"],"build_version":"2018-08-13v2","purchased_purges":0,"victory":true,"max_hp_per_floor":[66,66,66,66,66,66,66,66,66,66,66,66,66,66,66,66,66,66,66,66,66,66,66,66,66,66,66,66,66,66,66,66,66,66,66,66,66,66,66,66,66,66,66,66,54,54,54,54,54,54],"card_choices":[{"not_picked":["Acrobatics","Predator"],"picked":"Dagger Throw","floor":1},{"not_picked":["Blade Dance","Deflect"],"picked":"Noxious Fumes","floor":3},{"not_picked":["Dagger Throw","Setup"],"picked":"Leg Sweep","floor":5},{"not_picked":["Backflip","Concentrate"],"picked":"Well Laid Plans","floor":7},{"not_picked":["Reflex","Bullet Time"],"picked":"Dash","floor":10},{"not_picked":["Eviscerate","Poisoned Stab"],"picked":"Backflip","floor":11},{"not_picked":["Flechettes","Deflect","Slice"],"picked":"SKIP","floor":13},{"not_picked":["Glass Knife","Envenom"],"picked":"Adrenaline","floor":16},{"not_picked":["PiercingWail+1","Expertise+1"],"picked":"Dash+1","floor":18},{"not_picked":["Poisoned Stab","Bane"],"picked":"Dagger Spray","floor":27},{"not_picked":["PiercingWail","Accuracy"],"picked":"Backflip","floor":31},{"not_picked":["Grand Finale","Bullet Time"],"picked":"Envenom","floor":33},{"not_picked":["Flechettes","Underhanded Strike"],"picked":"Dash+1","floor":35},{"not_picked":["Deadly Poison","Prepared","Choke"],"picked":"SKIP","floor":36},{"not_picked":["Endless Agony","Accuracy+1"],"picked":"Sucker Punch+1","floor":38},{"not_picked":["Outmaneuver","Well Laid Plans","Blade Dance"],"picked":"SKIP","floor":39},{"not_picked":["Acrobatics","Bullet Time"],"picked":"Backflip","floor":40},{"not_picked":["Eviscerate","Outmaneuver"],"picked":"Blur","floor":41},{"not_picked":["Slice","Caltrops"],"picked":"Backstab","floor":44},{"not_picked":["Expertise","Slice+1","Finisher","Prepared+1"],"picked":"SKIP","floor":47},{"not_picked":["Sucker Punch+1","Accuracy","Acrobatics","Quick Slash"],"picked":"SKIP","floor":48}],"player_experience":880236,"relics_obtained":[{"floor":9,"key":"Whetstone"},{"floor":10,"key":"Mummified Hand"},{"floor":13,"key":"Mercury Hourglass"},{"floor":22,"key":"Darkstone Periapt"},{"floor":26,"key":"Smiling Mask"},{"floor":38,"key":"Gambling Chip"},{"floor":40,"key":"The Specimen"},{"floor":43,"key":"Centennial Puzzle"},{"floor":44,"key":"Question Card"}],"event_choices":[{"event_name":"Shining Light","player_choice":"Entered Light","floor":2,"damage_taken":0},{"event_name":"The Cleric","player_choice":"Healed","floor":4,"damage_taken":0},{"event_name":"Ghosts","player_choice":"Ignored","floor":19,"damage_taken":0},{"event_name":"Addict","player_choice":"Ignored","floor":20,"damage_taken":0},{"event_name":"The Mausoleum","player_choice":"No","floor":21,"damage_taken":0},{"event_name":"Accursed Blacksmith","player_choice":"Forge","floor":24,"damage_taken":0},{"event_name":"Mysterious Sphere","player_choice":"Fight","floor":38,"damage_taken":0},{"event_name":"The Moai Head","player_choice":"Heal","floor":45,"damage_taken":0}],"is_beta":true,"boss_relics":[{"not_picked":["Black Star","Pandora\u0027s Box"],"picked":"Ectoplasm"},{"not_picked":["WristBlade","Runic Pyramid"],"picked":"Empty Cage"}],"items_purged_floors":[],"is_endless":false,"potions_floor_spawned":[5,13,16,31,33,36,40,41,44],"ascension_level":15}