{"gold_per_floor":[111,111,124,135,56,56,91,101,174,174,174,185,185,202,202,280,280,295,306,306,321,246,246,276,276,302,161,161,161,161,175,175,249,249,259,277,277,18,18,18,18,18,86,102,122,20,20,30,30,104,104,123,123,123,123,135,168,168,182,213,277,352,371,390,410,410,484,484,496,496,527,543,563,563,563,240,269,269,286,286,286],"floor_reached":81,"playtime":3928,"items_purged":["Bite"],"score":3013,"play_id":"b60dabb8-e363-42b2-81bd-a306666aecb3","local_time":"20180629204738","daily_mods":["Draft","Diverse"],"is_ascension_mode":true,"campfire_choices":[{"data":"Sucker Punch","floor":6.0,"key":"SMITH"},{"data":"Neutralize","floor":11.0,"key":"SMITH"},{"data":"Loop","floor":13.0,"key":"SMITH"},{"data":"Cloak And Dagger","floor":15.0,"key":"SMITH"},{"floor":23.0,"key":"REST"},{"floor":25.0,"key":"REST"},{"data":"Adrenaline","floor":28.0,"key":"SMITH"},{"data":"Cloak And Dagger","floor":32.0,"key":"SMITH"},{"data":"Creative AI","floor":40.0,"key":"SMITH"},{"data":"Sucker Punch","floor":42.0,"key":"SMITH"},{"data":"Leg Sweep","floor":47.0,"key":"SMITH"},{"floor":49.0,"key":"REST"},{"data":"Cloak And Dagger","floor":58,"key":"SMITH"},{"data":"Limit Break","floor":66,"key":"SMITH"},{"data":"Malaise","floor":74,"key":"SMITH"},{"floor":80,"key":"REST"}],"neow_cost":"","seed_source_timestamp":0,"circlet_count":0,"master_deck":["AscendersBane","Deadly Poison","Stack","Ball Lightning","Dash","Twin Strike","Sucker Punch+1","Crippling Poison","Cold Snap","Dagger Throw","Ghostly Armor","Leap","Cloak And Dagger+1","Well Laid Plans","Chaos","Die Die Die","Cloak And Dagger+1","Neutralize+1","After Image","Warcry","Stack+1","Adrenaline+1","Heel Hook","Creative AI+1","Dark Embrace+1","Chill+1","Accuracy+1","Backstab","Sucker Punch+1","After Image","Leg Sweep+1","Auto Shields+1","Bandage Up","Backflip","Heavy Blade","Cloak And Dagger+1","Limit Break+1","Sucker Punch","Metallicize","Infinite Blades","Backflip","PiercingWail","Warcry","Malaise+1","Bite","Bite","Bite","Bite","After Image","Warcry"],"special_seed":17711,"relics":["Ring of the Snake","Torii","Centennial Puzzle","Sozu","Oddly Smooth Stone","Bag of Preparation","Astrolabe","Thread and Needle","Shuriken","Sundial","Darkstone Periapt","Cursed Key","Pen Nib","Red Mask","Ornamental Fan"],"potions_floor_usage":[],"damage_taken":[{"damage":0.0,"enemies":"Small Slimes","floor":1.0,"turns":3.0},{"damage":0.0,"enemies":"Jaw Worm","floor":3.0,"turns":3.0},{"damage":0.0,"enemies":"Cultist","floor":4.0,"turns":3.0},{"damage":10.0,"enemies":"Gremlin Nob","floor":7.0,"turns":4.0},{"damage":0.0,"enemies":"Gremlin Gang","floor":8.0,"turns":5.0},{"damage":0.0,"enemies":"Blue Slaver","floor":12.0,"turns":3.0},{"damage":0.0,"enemies":"Exordium Wildlife","floor":14.0,"turns":3.0},{"damage":11.0,"enemies":"Slime Boss","floor":16.0,"turns":7.0},{"damage":19.0,"enemies":"2 Thieves","floor":18.0,"turns":4.0},{"damage":7.0,"enemies":"Shell Parasite","floor":19.0,"turns":6.0},{"damage":21.0,"enemies":"Cultist and Chosen","floor":21.0,"turns":9.0},{"damage":19.0,"enemies":"Slavers","floor":24.0,"turns":6.0},{"damage":0.0,"enemies":"Snecko","floor":31.0,"turns":4.0},{"damage":12.0,"enemies":"Automaton","floor":33.0,"turns":13.0},{"damage":9.0,"enemies":"3 Shapes","floor":35.0,"turns":4.0},{"damage":1.0,"enemies":"3 Darklings","floor":36.0,"turns":5.0},{"damage":0.0,"floor":37.0,"turns":6.0},{"damage":0.0,"enemies":"Flame Bruiser 2 Orb","floor":44.0,"turns":5.0},{"damage":0.0,"enemies":"Maw","floor":45.0,"turns":7.0},{"damage":2.0,"enemies":"Sphere and 2 Shapes","floor":48.0,"turns":6.0},{"damage":36.0,"enemies":"Awakened One","floor":50.0,"turns":19.0},{"damage":1.0,"enemies":"Small Slimes","floor":52.0,"turns":2.0},{"damage":0.0,"floor":55.0,"turns":2.0},{"damage":0,"enemies":"2 Louse","floor":56,"turns":1},{"damage":0,"enemies":"Gremlin Nob","floor":57,"turns":4},{"damage":0,"enemies":"Jaw Worm","floor":59,"turns":3},{"damage":1,"enemies":"Lagavulin","floor":60,"turns":4},{"damage":0,"enemies":"Lagavulin Event","floor":61,"turns":4},{"damage":0,"enemies":"Blue Slaver","floor":63,"turns":3},{"damage":0,"enemies":"Exordium Thugs","floor":64,"turns":3},{"damage":0,"enemies":"Red Slaver","floor":65,"turns":3},{"damage":27,"enemies":"Hexaghost","floor":67,"turns":5},{"damage":4,"enemies":"3 Byrds","floor":69,"turns":5},{"damage":22,"floor":71,"turns":5},{"damage":16,"enemies":"Shell Parasite","floor":72,"turns":6},{"damage":0,"enemies":"Centurion and Healer","floor":73,"turns":5},{"damage":10,"enemies":"Gremlin Leader","floor":77,"turns":7},{"damage":32,"enemies":"Cultist and Chosen","floor":79,"turns":9},{"damage":41,"enemies":"Book of Stabbing","floor":81,"turns":5}],"seed_played":"6162315489128863662","potions_obtained":[{"floor":1.0,"key":"PowerPotion"},{"floor":8.0,"key":"Block Potion"},{"floor":12.0,"key":"FearPotion"}],"is_trial":true,"path_per_floor":["M","?","M","M","$","R","E","M","T","?","R","M","R","M","R","B",null,"M","M","?","M","?","R","E","R","T","$","R","$","?","M","R","B",null,"M","M","?","$","?","R","T","R","T","M","M","$","R","M","R","B",null,"M","$","?","?","M","E","R","M","E","?","?","M","M","M","R","B",null,"M","$","?","M","M","R","?","$","E","?","M","R"],"character_chosen":"THE_SILENT","items_purchased":["Die Die Die","Adrenaline","Shuriken","Bandage Up","Ornamental Fan"],"campfire_rested":4,"item_purchase_floors":[],"current_hp_per_floor":[59,59,59,59,59,59,49,49,49,49,49,49,49,49,49,38,59,40,33,33,12,12,31,12,31,31,31,31,31,31,31,31,19,54,45,44,44,44,44,44,44,44,44,44,44,44,44,46,65,31,57,56,56,56,61,61,65,65,65,68,71,60,64,64,64,64,41,64,64,64,46,34,38,38,38,38,40,40,20,34,0],"gold":286,"neow_bonus":"","is_prod":false,"is_daily":false,"chose_seed":false,"campfire_upgraded":12,"win_rate":0,"timestamp":1530330458,"path_taken":["M","?","M","M","$","R","E","M","T","?","R","M","R","M","R","BOSS","M","M","?","M","?","R","E","R","T","?","R","$","?","M","R","BOSS","M","M","?","?","?","R","?","R","T","M","?","$","R","M","R","BOSS","M","$","?","?","M","E","R","M","E","?","?","?","M","M","R","BOSS","M","$","?","M","M","R","?","$","E","?","?","R","E"],"build_version":"2018-06-28","purchased_purges":1,"victory":false,"max_hp_per_floor":[66,66,66,66,66,66,66,66,66,66,66,66,66,66,66,66,66,66,66,66,66,66,66,66,66,66,66,66,66,66,66,66,66,66,66,66,66,66,66,66,66,66,66,66,66,66,66,66,66,66,66,66,66,66,71,71,71,71,71,71,71,71,71,71,71,71,71,71,71,71,71,71,71,71,49,49,49,49,49,49,49],"card_choices":[{"not_picked":["Concentrate","Dodge and Roll"],"picked":"Deadly Poison","floor":0.0},{"not_picked":["Rebound","Sweeping Beam"],"picked":"Gash","floor":0.0},{"not_picked":["Defragment","Perfected Strike"],"picked":"Loop","floor":0.0},{"not_picked":["True Grit","Turbo"],"picked":"Stack","floor":0.0},{"not_picked":["Prepared","Dodge and Roll"],"picked":"Entrench","floor":0.0},{"not_picked":["Searing Blow","Sentinel"],"picked":"Predator","floor":0.0},{"not_picked":["Hemokinesis","Acrobatics"],"picked":"Ball Lightning","floor":0.0},{"not_picked":["Streamline","Headbutt"],"picked":"Dash","floor":0.0},{"not_picked":["Underhanded Strike","Corruption"],"picked":"Twin Strike","floor":0.0},{"not_picked":["Iron Wave","Quick Slash"],"picked":"Sucker Punch","floor":0.0},{"not_picked":["Bane","White Noise"],"picked":"Crippling Poison","floor":0.0},{"not_picked":["Sever Soul","Compile Driver"],"picked":"Cold Snap","floor":0.0},{"not_picked":["Rebound","Quick Slash"],"picked":"Dagger Throw","floor":0.0},{"not_picked":["Stack","Blur"],"picked":"Ghostly Armor","floor":0.0},{"not_picked":["Searing Blow","Pummel"],"picked":"Leap","floor":0.0},{"not_picked":["Flame Barrier","Compile Driver"],"picked":"Cloak And Dagger","floor":1.0},{"not_picked":["Beam Cell","Headbutt"],"picked":"Well Laid Plans","floor":3.0},{"not_picked":["Predator","Rampage"],"picked":"Chaos","floor":4.0},{"not_picked":["Recycle","All Out Attack"],"picked":"Cloak And Dagger","floor":7.0},{"not_picked":["Prepared","Reckless Charge"],"picked":"Hologram","floor":8.0},{"not_picked":["Hologram","Wild Strike","Poisoned Stab"],"picked":"SKIP","floor":12.0},{"not_picked":["Masterful Stab","Turbo","Sword Boomerang"],"picked":"SKIP","floor":14.0},{"not_picked":["Storm of Steel","Machine Learning"],"picked":"After Image","floor":16.0},{"not_picked":["Fire Breathing","Rebound"],"picked":"Warcry","floor":18.0},{"not_picked":["Wild Strike","Skewer"],"picked":"Stack+1","floor":19.0},{"not_picked":["Searing Blow","Compile Driver","Acrobatics"],"picked":"SKIP","floor":21.0},{"not_picked":["Calculated Gamble","Rebound","Catalyst"],"picked":"SKIP","floor":24.0},{"not_picked":["Steam","Quick Slash"],"picked":"Heel Hook","floor":31.0},{"not_picked":["Fission","Double Tap"],"picked":"Creative AI","floor":33.0},{"not_picked":["Anger+1","Heatsinks"],"picked":"Backstab","floor":35.0},{"not_picked":["Quick Slash","Riddle With Holes"],"picked":"Sucker Punch","floor":36.0},{"not_picked":["Dagger Throw","Prepared"],"picked":"Leg Sweep","floor":44.0},{"not_picked":["Underhanded Strike","Heatsinks"],"picked":"Auto Shields+1","floor":45.0},{"not_picked":["Havoc","Rage"],"picked":"Backflip","floor":48.0},{"not_picked":["Double Energy","Lockon"],"picked":"Heavy Blade","floor":52.0},{"not_picked":["Evolve","PiercingWail","Perfected Strike"],"picked":"SKIP","floor":56},{"not_picked":["Skim","Anger"],"picked":"Cloak And Dagger","floor":57},{"not_picked":["Poisoned Stab","Dodge and Roll"],"picked":"Limit Break","floor":59},{"not_picked":["Riddle With Holes","Redo"],"picked":"Sucker Punch","floor":60},{"not_picked":["Twin Strike","Steam Power"],"picked":"Metallicize","floor":61},{"not_picked":["True Grit","Underhanded Strike"],"picked":"Infinite Blades","floor":63},{"not_picked":["Poisoned Stab","Dagger Spray","Sword Boomerang"],"picked":"SKIP","floor":64},{"not_picked":["Underhanded Strike","Compile Driver","Reinforced Body"],"picked":"SKIP","floor":65},{"not_picked":["Turbo+1","Body Slam"],"picked":"Backflip","floor":69},{"not_picked":["Quick Slash","Coolheaded"],"picked":"PiercingWail","floor":71},{"not_picked":["Wraith Form v2","Clash"],"picked":"Warcry","floor":72},{"not_picked":["Iron Wave","Consume"],"picked":"Malaise","floor":73},{"not_picked":["Whirlwind","Streamline"],"picked":"After Image","floor":77},{"not_picked":["Backflip","Terror"],"picked":"Warcry","floor":79}],"player_experience":676045,"relics_obtained":[{"floor":7.0,"key":"Torii"},{"floor":9.0,"key":"Centennial Puzzle"},{"floor":24.0,"key":"Oddly Smooth Stone"},{"floor":26.0,"key":"Bag of Preparation"},{"floor":37.0,"key":"Thread and Needle"},{"floor":41.0,"key":"Sundial"},{"floor":43.0,"key":"Darkstone Periapt"},{"floor":61,"key":"Pen Nib"},{"floor":71,"key":"Red Mask"}],"event_choices":[{"event_name":"Shining Light","player_choice":"Ignored","floor":2.0,"damage_taken":0.0},{"event_name":"Match and Keep!","player_choice":"1 cards matched","floor":10.0,"damage_taken":0.0},{"event_name":"Back to Basics","player_choice":"Elegance","floor":20.0,"damage_taken":0.0},{"event_name":"Beggar","player_choice":"Gave Gold","floor":22.0,"damage_taken":0.0},{"event_name":"The Mausoleum","player_choice":"No","floor":30.0,"damage_taken":0.0},{"event_name":"MindBloom","player_choice":"Fight","floor":37.0,"damage_taken":0.0},{"event_name":"Duplicator","player_choice":"One dupe","floor":39.0,"damage_taken":0.0},{"event_name":"Match and Keep!","player_choice":"0 cards matched","floor":54.0,"damage_taken":0.0},{"event_name":"Mushrooms","player_choice":"Fought Mushrooms","floor":55.0,"damage_taken":0.0},{"event_name":"Big Fish","player_choice":"Donut","floor":55,"damage_taken":0},{"event_name":"Dead Adventurer","player_choice":"Searched \u00272\u0027 times","floor":61,"damage_taken":0},{"event_name":"World of Goop","player_choice":"Gather Gold","floor":62,"damage_taken":0},{"event_name":"Masked Bandits","player_choice":"Fought over 496 gold","floor":71,"damage_taken":0},{"event_name":"Vampires","player_choice":"Became a vampire","floor":75,"damage_taken":0},{"event_name":"The Mausoleum","player_choice":"No","floor":78,"damage_taken":0}],"boss_relics":[{"not_picked":["Fusion Hammer","Black Star"],"picked":"Sozu"},{"not_picked":["Lizard Tail","Empty Cage"],"picked":"Astrolabe"},{"not_picked":["Busted Crown","Runic Pyramid"],"picked":"Cursed Key"},{"not_picked":["GraspOfShadows"],"picked":"Scatterbrain"}],"items_purged_floors":[76],"is_endless":true,"potions_floor_spawned":[1,8,12,18,19,35,45,50,57,60,63,65,67,72,79],"killed_by":"Book of Stabbing","ascension_level":15}