{"gold_per_floor":[110,130,6,6,16,16,50,50,50,85,100,100,118,193,193,193],"floor_reached":16,"playtime":682,"items_purged":[],"score":220,"play_id":"986a905c-037e-4267-adb2-8ae15b24a0e5","local_time":"20190501093934","is_ascension_mode":true,"campfire_choices":[{"data":"Carnage","floor":6,"key":"SMITH"},{"data":"Uppercut","floor":8,"key":"SMITH"},{"data":"Combust","floor":12,"key":"SMITH"},{"floor":15,"key":"REST"}],"neow_cost":"NONE","seed_source_timestamp":747489339323750,"circlet_count":0,"master_deck":["AscendersBane","Strike_R","Strike_R","Strike_R","Strike_R","Strike_R","Defend_R","Defend_R","Defend_R","Defend_R","Bash","Thunderclap","Disarm","Combust+1","Carnage+1","Uppercut+1","Pummel","Clothesline","Shockwave"],"relics":["Burning Blood","Du-Vu Doll","Shovel","Singing Bowl"],"potions_floor_usage":[10,10,13,16,16],"damage_taken":[{"damage":4,"enemies":"Jaw Worm","floor":1,"turns":5},{"damage":7,"enemies":"Cultist","floor":2,"turns":4},{"damage":14,"enemies":"2 Louse","floor":5,"turns":3},{"damage":34,"enemies":"Gremlin Nob","floor":7,"turns":4},{"damage":25,"enemies":"3 Sentries","floor":10,"turns":6},{"damage":0,"enemies":"Exordium Wildlife","floor":11,"turns":2},{"damage":6,"enemies":"Exordium Thugs","floor":13,"turns":3},{"damage":45,"enemies":"Slime Boss","floor":16,"turns":8}],"seed_played":"7963911729028021660","potions_obtained":[{"floor":0,"key":"EntropicBrew"},{"floor":0,"key":"SmokeBomb"},{"floor":10,"key":"SpeedPotion"},{"floor":11,"key":"Block Potion"},{"floor":13,"key":"SpeedPotion"}],"is_trial":false,"path_per_floor":["M","M","$","?","M","R","E","R","T","E","M","R","M","?","R","B"],"character_chosen":"IRONCLAD","items_purchased":["Combust","Carnage"],"campfire_rested":1,"item_purchase_floors":[3,3],"current_hp_per_floor":[70,69,69,69,61,61,33,33,33,14,20,20,22,11,34,0],"gold":193,"neow_bonus":"THREE_SMALL_POTIONS","is_prod":false,"is_daily":false,"chose_seed":false,"campfire_upgraded":3,"win_rate":0,"timestamp":1556717974,"path_taken":["M","M","$","?","M","R","E","R","T","E","?","R","M","?","R","BOSS"],"build_version":"2019-01-23","purchased_purges":0,"victory":false,"max_hp_per_floor":[75,75,75,75,75,75,75,75,75,75,75,75,77,77,77,77],"card_choices":[{"not_picked":["Sentinel","Second Wind"],"picked":"Thunderclap","floor":1},{"not_picked":["True Grit","Heavy Blade"],"picked":"Disarm","floor":2},{"not_picked":["Thunderclap","Burning Pact","Sword Boomerang"],"picked":"SKIP","floor":5},{"not_picked":["Entrench","Clash"],"picked":"Pummel","floor":7},{"not_picked":["Evolve","Iron Wave"],"picked":"Clothesline","floor":10},{"not_picked":["Perfected Strike","Anger"],"picked":"Shockwave","floor":11},{"not_picked":["Rampage","Entrench","Flex"],"picked":"Singing Bowl","floor":13}],"player_experience":2201095,"relics_obtained":[{"floor":7,"key":"Du-Vu Doll"},{"floor":9,"key":"Shovel"},{"floor":10,"key":"Singing Bowl"}],"event_choices":[{"damage_healed":0,"gold_gain":0,"player_choice":"1 cards matched","damage_taken":0,"max_hp_gain":0,"max_hp_loss":0,"event_name":"Match and Keep!","floor":4,"gold_loss":0,"cards_obtained":["Uppercut"]},{"damage_healed":0,"gold_gain":75,"player_choice":"Gather Gold","damage_taken":11,"max_hp_gain":0,"max_hp_loss":0,"event_name":"World of Goop","floor":14,"gold_loss":0}],"is_beta":false,"boss_relics":[],"items_purged_floors":[],"is_endless":false,"potions_floor_spawned":[10,11,13],"killed_by":"Slime Boss","ascension_level":20}