{"gold_per_floor":[118,138,152,152,152,152,169,169,221,236,236,253,253,266,266,364,364,379,398,497,412,58,87,100,100,100,0,0,27,37,37],"floor_reached":31,"playtime":1538,"items_purged":["Pain","Strike_G"],"score":267,"play_id":"f6f132ae-3af9-4673-b6c2-7bc4a408c87a","local_time":"20190224012451","is_ascension_mode":false,"campfire_choices":[{"floor":6,"key":"REST"},{"data":"Cloak And Dagger","floor":8,"key":"SMITH"},{"data":"Cloak And Dagger","floor":11,"key":"SMITH"},{"data":"Accuracy","floor":15,"key":"SMITH"},{"data":"Accuracy","floor":25,"key":"SMITH"}],"neow_cost":"NONE","seed_source_timestamp":52988741352942,"circlet_count":0,"master_deck":["Defend_G+1","Defend_G","Defend_G+1","Defend_G","Defend_G+1","Strike_G","Strike_G","Strike_G","Strike_G+1","Survivor","Neutralize","Cloak And Dagger+1","Blur","Backstab","Dagger Spray","Cloak And Dagger+1","Accuracy+1","Distraction","Burst","Blade Dance","Accuracy+1","Concentrate","Caltrops","Cloak And Dagger"],"relics":["Ring of the Snake","Dream Catcher","War Paint","WarpedTongs","Runic Pyramid","Happy Flower","Lee\u0027s Waffle","PreservedInsect","Omamori"],"potions_floor_usage":[7,12,14,14,19,29,30],"damage_taken":[{"damage":0,"enemies":"2 Louse","floor":1,"turns":5},{"damage":0,"enemies":"Cultist","floor":2,"turns":5},{"damage":0,"enemies":"Small Slimes","floor":3,"turns":3},{"damage":13,"enemies":"Exordium Thugs","floor":7,"turns":3},{"damage":1,"enemies":"Looter","floor":10,"turns":3},{"damage":3,"enemies":"Large Slime","floor":12,"turns":6},{"damage":13,"enemies":"Exordium Wildlife","floor":14,"turns":4},{"damage":37,"enemies":"Hexaghost","floor":16,"turns":13},{"damage":32,"enemies":"Spheric Guardian","floor":18,"turns":6},{"damage":1,"enemies":"Chosen","floor":19,"turns":6},{"damage":20,"enemies":"Gremlin Leader","floor":23,"turns":6},{"damage":22,"enemies":"Snake Plant","floor":24,"turns":5},{"damage":6,"enemies":"Slavers","floor":29,"turns":5},{"damage":9,"enemies":"Centurion and Healer","floor":30,"turns":4},{"damage":23,"enemies":"Cultist and Chosen","floor":31,"turns":4}],"seed_played":"1023181963213440035","potions_obtained":[{"floor":2,"key":"Regen Potion"},{"floor":5,"key":"AttackPotion"},{"floor":5,"key":"Regen Potion"},{"floor":7,"key":"SkillPotion"},{"floor":16,"key":"FearPotion"},{"floor":18,"key":"EssenceOfSteel"},{"floor":29,"key":"Energy Potion"}],"is_trial":false,"path_per_floor":["M","M","M","?","?","R","M","R","T","M","R","M","?","M","R","B",null,"M","M","?","?","$","E","M","R","T","$","?","E","M","M"],"character_chosen":"THE_SILENT","items_purchased":["Accuracy","Lee\u0027s Waffle"],"campfire_rested":1,"item_purchase_floors":[22,22],"current_hp_per_floor":[70,70,70,56,56,70,57,57,57,56,56,68,68,64,64,27,70,38,37,37,37,77,57,35,35,35,35,35,29,20,0],"gold":37,"neow_bonus":"RANDOM_COMMON_RELIC","is_prod":false,"is_daily":false,"chose_seed":false,"campfire_upgraded":4,"win_rate":0,"timestamp":1550989491,"path_taken":["M","M","M","?","?","R","M","R","T","M","R","?","?","M","R","BOSS","M","M","?","?","$","E","M","R","T","$","?","E","M","M"],"build_version":"2019-01-23","purchased_purges":2,"victory":false,"max_hp_per_floor":[70,70,70,70,70,70,70,70,70,70,70,70,70,70,70,70,70,70,70,70,70,77,77,77,77,77,77,77,77,77,77],"card_choices":[{"not_picked":["Flying Knee","Dagger Throw"],"picked":"Cloak And Dagger","floor":1},{"not_picked":["Dagger Throw","Expertise"],"picked":"Blur","floor":2},{"not_picked":["Escape Plan","Dagger Throw"],"picked":"Backstab","floor":3},{"not_picked":["Poisoned Stab","Deadly Poison"],"picked":"Dagger Spray","floor":6},{"not_picked":["Slice","Endless Agony"],"picked":"Cloak And Dagger","floor":7},{"not_picked":["Deadly Poison","Backflip","Sucker Punch"],"picked":"SKIP","floor":10},{"not_picked":["Deflect","All Out Attack"],"picked":"Accuracy","floor":12},{"not_picked":["Wraith Form v2","Poisoned Stab"],"picked":"Distraction","floor":14},{"not_picked":["Storm of Steel","Glass Knife"],"picked":"Burst","floor":16},{"not_picked":["Prepared","PiercingWail","Underhanded Strike"],"picked":"SKIP","floor":18},{"not_picked":["All Out Attack","Outmaneuver"],"picked":"Blade Dance","floor":19},{"not_picked":["Outmaneuver","After Image","Deadly Poison"],"picked":"SKIP","floor":23},{"not_picked":["Finisher","PiercingWail+1"],"picked":"Concentrate","floor":24},{"not_picked":["Riddle With Holes","Finisher"],"picked":"Caltrops","floor":29},{"not_picked":["Dagger Throw","Dodge and Roll"],"picked":"Cloak And Dagger","floor":30}],"player_experience":604363,"relics_obtained":[{"floor":9,"key":"War Paint"},{"floor":23,"key":"PreservedInsect"},{"floor":29,"key":"Omamori"}],"event_choices":[{"damage_healed":0,"gold_gain":0,"player_choice":"Entered Light","damage_taken":14,"max_hp_gain":0,"max_hp_loss":0,"event_name":"Shining Light","floor":4,"gold_loss":0,"cards_upgraded":["Defend_G","Strike_G"]},{"damage_healed":0,"gold_gain":0,"player_choice":"Got Potions","damage_taken":0,"max_hp_gain":0,"max_hp_loss":0,"event_name":"Lab","floor":5,"gold_loss":0},{"damage_healed":0,"gold_gain":0,"player_choice":"Rummage","damage_taken":0,"relics_obtained":["WarpedTongs"],"max_hp_gain":0,"max_hp_loss":0,"event_name":"Accursed Blacksmith","floor":13,"gold_loss":0,"cards_obtained":["Pain"]},{"damage_healed":0,"gold_gain":99,"player_choice":"Stole From Cult","damage_taken":0,"max_hp_gain":0,"max_hp_loss":0,"event_name":"Nest","floor":20,"gold_loss":0},{"damage_healed":0,"gold_gain":0,"player_choice":"Obtained Relic","damage_taken":0,"relics_obtained":["Happy Flower"],"max_hp_gain":0,"max_hp_loss":0,"event_name":"Addict","floor":21,"gold_loss":85}],"is_beta":false,"boss_relics":[{"not_picked":["Coffee Dripper","Snecko Eye"],"picked":"Runic Pyramid"}],"items_purged_floors":[22,27],"is_endless":false,"potions_floor_spawned":[2,7,16,18,29],"killed_by":"Cultist and Chosen","ascension_level":0}