{"path_per_floor":["M","M","M","$","M","R","E","M","T","E","R","E","M","M","R","B",null,"M","?","?","M","?","E","R","M","T","M","$","M","E","M","R","B",null,"M","?","?","M","$","M","M","E","T","R","?","T","R","M","R","B"],"character_chosen":"THE_SILENT","items_purchased":["SteroidPotion","Bag of Preparation","Singing Bowl","SteroidPotion","AttackPotion","Vajra","Noxious Fumes"],"gold_per_floor":[116,135,148,97,107,107,133,149,174,235,235,264,281,299,299,398,398,418,341,341,357,282,316,316,332,383,397,3,20,51,64,64,166,196,215,215,215,226,44,62,77,103,103,103,103,103,103,123,123,123],"floor_reached":51,"campfire_rested":0,"playtime":3058,"item_purchase_floors":[4,28,28,28,28,39,39],"current_hp_per_floor":[70,69,62,62,60,60,58,56,56,50,50,46,46,44,44,7,70,66,66,49,47,47,49,49,45,45,38,38,37,32,33,33,3,62,64,56,64,64,64,53,51,44,44,44,44,44,44,49,49,43],"items_purged":[],"gold":123,"score":766,"play_id":"8b212fca-a714-49f7-91f0-63f9e42a422f","local_time":"20180615211006","is_prod":false,"is_daily":false,"chose_seed":false,"is_ascension_mode":false,"campfire_upgraded":6,"win_rate":0,"timestamp":1529111406,"campfire_choices":[{"data":"Malaise","floor":6,"key":"SMITH"},{"data":"Finisher","floor":11,"key":"SMITH"},{"data":"Neutralize","floor":15,"key":"SMITH"},{"data":"Burst","floor":24,"key":"SMITH"},{"data":"J.A.X.","floor":32,"key":"SMITH"},{"data":"Noxious Fumes","floor":44,"key":"SMITH"},{"floor":47,"key":"DIG"},{"floor":49,"key":"DIG"}],"path_taken":["M","M","M","$","M","R","E","M","T","E","R","E","?","M","R","BOSS","M","?","?","M","?","E","R","M","T","M","$","M","E","?","R","BOSS","M","?","?","?","$","M","M","E","T","R","?","?","R","M","R","BOSS"],"build_version":"2018-06-14v2","seed_source_timestamp":238386593728794,"purchased_purges":0,"victory":true,"master_deck":["Defend_G","Defend_G","Defend_G+1","Defend_G","Survivor+1","Neutralize+1","Backstab","Malaise+1","Endless Agony","Dagger Spray","Sucker Punch","Finisher+1","PiercingWail+1","Burst+1","Blur","J.A.X.+1","Bite","Bite","Bite","Bite","Blur","Poisoned Stab","Deadly Poison","Envenom","Madness","Catalyst+1","Noxious Fumes+1","Blur+1","Dodge and Roll+1","Pain","Blade Dance+1"],"max_hp_per_floor":[70,70,70,70,70,70,70,70,70,70,70,70,70,70,70,70,70,70,70,49,49,49,49,49,49,49,49,49,51,53,55,55,55,62,64,64,64,64,64,64,66,66,66,66,66,66,66,66,66,66],"relics":["Black Star","Happy Flower","Whetstone","Snake Skull","Tiny Chest","Pen Nib","Omamori","War Paint","Cursed Key","Shovel","The Specimen","Boot","Bag of Preparation","Singing Bowl","Bronze Scales","Ancient Tea Set","Tiny House","Vajra","Question Card","Mercury Hourglass","Pantograph","Meat on the Bone","Potion Belt","Blue Candle"],"card_choices":[{"not_picked":["Cloak And Dagger","PiercingWail"],"picked":"Backstab","floor":1},{"not_picked":["Expertise","Deadly Poison"],"picked":"Malaise","floor":2},{"not_picked":["Slice","Choke"],"picked":"Endless Agony","floor":3},{"not_picked":["Reflex","Dagger Throw"],"picked":"Dagger Spray","floor":5},{"not_picked":["Eviscerate","Bouncing Flask"],"picked":"Sucker Punch","floor":7},{"not_picked":["Dagger Spray","Heel Hook","Sucker Punch"],"picked":"SKIP","floor":8},{"not_picked":["PiercingWail","Sucker Punch"],"picked":"Finisher","floor":10},{"not_picked":["Deadly Poison","Poisoned Stab"],"picked":"PiercingWail","floor":12},{"not_picked":["Prepared","Calculated Gamble","Deadly Poison"],"picked":"SKIP","floor":13},{"not_picked":["Bullet Time","Prepared","Leg Sweep"],"picked":"SKIP","floor":14},{"not_picked":["Tools of the Trade","Phantasmal Killer"],"picked":"Burst","floor":16},{"not_picked":["Cloak And Dagger","Calculated Gamble"],"picked":"Blur","floor":18},{"not_picked":["Endless Agony+1","Bane"],"picked":"Blur","floor":21},{"not_picked":["Setup+1","Flying Knee"],"picked":"Poisoned Stab","floor":23},{"not_picked":["Blur","All Out Attack+1","Eviscerate"],"picked":"SKIP","floor":25},{"not_picked":["Concentrate","Sucker Punch"],"picked":"Deadly Poison","floor":27},{"not_picked":["Terror","Catalyst","Dagger Throw+1"],"picked":"Singing Bowl","floor":29},{"not_picked":["Bullet Time","Masterful Stab","Choke"],"picked":"Singing Bowl","floor":30},{"not_picked":["Dodge and Roll","Bane","Dagger Spray"],"picked":"Singing Bowl","floor":31},{"not_picked":["Wraith Form v2","Storm of Steel"],"picked":"Envenom","floor":33},{"not_picked":["Dagger Spray","Quick Slash","Acrobatics+1"],"picked":"Singing Bowl","floor":34},{"not_picked":["Acrobatics+1","Setup","Sucker Punch+1"],"picked":"Singing Bowl","floor":35},{"not_picked":["Prepared","Caltrops+1"],"picked":"Catalyst+1","floor":38},{"not_picked":["Riddle With Holes","Masterful Stab"],"picked":"Blur+1","floor":40},{"not_picked":["Backflip+1","A Thousand Cuts","PiercingWail"],"picked":"Singing Bowl","floor":41},{"not_picked":["Dagger Spray","Deadly Poison"],"picked":"Dodge and Roll+1","floor":42},{"not_picked":["Escape Plan","Quick Slash+1","Terror"],"picked":"Blade Dance+1","floor":48}],"player_experience":944306,"potions_floor_usage":[7,7,12,16,23,23,29,29,33,35,42,50,50],"damage_taken":[{"damage":0,"enemies":"Cultist","floor":1,"turns":5},{"damage":1,"enemies":"2 Louse","floor":2,"turns":3},{"damage":7,"enemies":"Small Slimes","floor":3,"turns":3},{"damage":2,"enemies":"Blue Slaver","floor":5,"turns":5},{"damage":2,"enemies":"Lagavulin","floor":7,"turns":5},{"damage":2,"enemies":"Looter","floor":8,"turns":2},{"damage":6,"enemies":"3 Sentries","floor":10,"turns":6},{"damage":4,"enemies":"Lagavulin","floor":12,"turns":5},{"damage":0,"enemies":"2 Fungi Beasts","floor":13,"turns":3},{"damage":2,"enemies":"3 Louse","floor":14,"turns":2},{"damage":37,"enemies":"The Guardian","floor":16,"turns":10},{"damage":4,"enemies":"Shell Parasite","floor":18,"turns":6},{"damage":6,"enemies":"3 Byrds","floor":21,"turns":4},{"damage":21,"enemies":"Gremlin Leader","floor":23,"turns":11},{"damage":14,"enemies":"Cultist and Chosen","floor":25,"turns":8},{"damage":17,"enemies":"Centurion and Healer","floor":27,"turns":7},{"damage":3,"enemies":"3 Cultists","floor":29,"turns":2},{"damage":15,"enemies":"Book of Stabbing","floor":30,"turns":4},{"damage":11,"enemies":"Cultist and Chosen","floor":31,"turns":4},{"damage":54,"enemies":"Automaton","floor":33,"turns":11},{"damage":3,"enemies":"3 Darklings","floor":35,"turns":5},{"damage":0,"enemies":"Orb Walker","floor":38,"turns":4},{"damage":17,"enemies":"Maw","floor":40,"turns":6},{"damage":12,"enemies":"Sphere and 2 Shapes","floor":41,"turns":6},{"damage":15,"enemies":"Giant Head","floor":42,"turns":6},{"damage":1,"enemies":"4 Shapes","floor":48,"turns":4},{"damage":35,"enemies":"Awakened One","floor":50,"turns":13}],"relics_obtained":[{"floor":7,"key":"Happy Flower"},{"floor":7,"key":"Whetstone"},{"floor":9,"key":"Snake Skull"},{"floor":10,"key":"Tiny Chest"},{"floor":10,"key":"Pen Nib"},{"floor":12,"key":"Omamori"},{"floor":12,"key":"War Paint"},{"floor":23,"key":"Shovel"},{"floor":23,"key":"The Specimen"},{"floor":26,"key":"Boot"},{"floor":30,"key":"Bronze Scales"},{"floor":30,"key":"Ancient Tea Set"},{"floor":42,"key":"Question Card"},{"floor":42,"key":"Mercury Hourglass"},{"floor":43,"key":"Pantograph"},{"floor":46,"key":"Meat on the Bone"},{"floor":47,"key":"Potion Belt"},{"floor":49,"key":"Blue Candle"}],"event_choices":[{"event_name":"Drug Dealer","player_choice":"Got JAXXED","floor":19,"damage_taken":0},{"event_name":"Vampires","player_choice":"Became a vampire","floor":20,"damage_taken":0},{"event_name":"Beggar","player_choice":"Gave Gold","floor":22,"damage_taken":0},{"event_name":"Winding Halls","player_choice":"Embrace Madness","floor":36,"damage_taken":0},{"event_name":"Bonfire Elementals","player_choice":"UNCOMMON","floor":37,"damage_taken":0},{"event_name":"Falling","player_choice":"Removed Attack","floor":45,"damage_taken":0}],"boss_relics":[{"not_picked":["Snecko Eye","Sozu"],"picked":"Cursed Key"},{"not_picked":["Busted Crown","Orrery"],"picked":"Tiny House"}],"items_purged_floors":[],"is_endless":false,"potions_floor_spawned":[3,5,14,18,21,30,33,40,41],"seed_played":"2208227834934182369","ascension_level":0,"potions_obtained":[{"floor":3,"key":"FearPotion"},{"floor":5,"key":"Strength Potion"},{"floor":14,"key":"SteroidPotion"},{"floor":18,"key":"SteroidPotion"},{"floor":21,"key":"GamblersBrew"},{"floor":30,"key":"SteroidPotion"},{"floor":33,"key":"Swift Potion"},{"floor":34,"key":"Poison Potion"},{"floor":40,"key":"Dexterity Potion"},{"floor":41,"key":"GamblersBrew"}],"is_trial":false}