{"path_per_floor":["M","?","?","M","?","R","E","$","T","R","T","M","R","E","R","B",null,"M","?","$","M","?","R","M","R","T","E","$","M","M","M","R","B",null,"M","$","?","M","?"],"character_chosen":"IRONCLAD","items_purchased":["Feel No Pain","Omamori"],"gold_per_floor":[111,61,61,77,77,77,117,42,42,42,42,55,55,94,94,219,219,239,239,139,154,69,69,83,83,83,108,37,52,70,84,84,185,185,204,54,54,64,64],"floor_reached":40,"campfire_rested":4,"playtime":2017,"current_hp_per_floor":[70,70,51,55,48,48,41,41,41,41,41,46,73,48,75,85,93,75,75,75,67,67,67,54,83,83,27,27,22,17,13,43,22,81,49,49,49,32,32],"items_purged":["Strike_R","Fire Breathing"],"gold":64,"score":664,"play_id":"8bc140bd-846a-4567-b414-66a2da348ad5","local_time":"20180318142732","is_prod":false,"is_daily":false,"is_ascension_mode":true,"campfire_upgraded":3,"timestamp":1521397652,"path_taken":["M","?","?","M","?","R","E","$","T","R","?","M","R","E","R","BOSS","M","?","$","?","?","R","M","R","T","E","?","M","?","M","R","BOSS","M","$","?","M","?","E"],"build_version":"2018-03-15v3","purchased_purges":2,"victory":false,"master_deck":["Strike_R+1","Defend_R","Defend_R","Defend_R","Bash+1","Juggernaut+1","True Grit+1","Pummel+1","Rampage+1","Shrug It Off+1","Metallicize+1","Feel No Pain+1","Body Slam","Impervious"],"max_hp_per_floor":[80,77,77,77,77,77,91,91,91,91,91,91,91,93,93,95,95,95,95,95,95,95,95,97,97,97,97,97,99,101,101,101,101,101,103,103,103,105,105],"relics":["Burning Blood","Bloody Idol","Mango","Whetstone","Mercury Hourglass","Singing Bowl","Astrolabe","Frozen Egg 2","Girya","Art of War","Philosopher\u0027s Stone","Omamori"],"card_choices":[{"not_picked":["Headbutt","Carnage"],"picked":"Armaments"},{"not_picked":["Heavy Blade","Clothesline"],"picked":"Rampage"},{"not_picked":["Fire Breathing","Sword Boomerang"],"picked":"Shrug It Off"},{"not_picked":["Ghostly Armor","Fiend Fire"],"picked":"Metallicize"},{"not_picked":["Wild Strike","True Grit"],"picked":"Body Slam"},{"not_picked":["Berserk","Feed"],"picked":"Impervious"}],"player_experience":552614,"potions_floor_usage":[16,16,18,27,31,33,33,38],"damage_taken":[{"damage":8,"enemies":"Jaw Worm","floor":1,"turns":5},{"damage":2,"enemies":"2 Louse","floor":4,"turns":5},{"damage":27,"enemies":"Lagavulin","floor":7,"turns":9},{"damage":1,"enemies":"Small Slimes","floor":12,"turns":4},{"damage":33,"enemies":"Gremlin Nob","floor":14,"turns":5},{"damage":10,"enemies":"The Guardian","floor":16,"turns":14},{"damage":24,"enemies":"2 Thieves","floor":18,"turns":4},{"damage":19,"enemies":"Spheric Guardian","floor":21,"turns":5},{"damage":26,"enemies":"Snake Plant","floor":24,"turns":5},{"damage":67,"enemies":"Book of Stabbing","floor":27,"turns":8},{"damage":18,"enemies":"Cultist and Chosen","floor":29,"turns":6},{"damage":18,"enemies":"Snecko","floor":30,"turns":6},{"damage":15,"enemies":"Centurion and Healer","floor":31,"turns":9},{"damage":32,"enemies":"Automaton","floor":33,"turns":10},{"damage":45,"enemies":"3 Darklings","floor":35,"turns":7},{"damage":30,"enemies":"3 Shapes","floor":38,"turns":4},{"damage":52,"enemies":"Giant Head","floor":40,"turns":8}],"event_choices":[{"event_name":"The Cleric","player_choice":"Card Removal","floor":2,"damage_taken":0},{"event_name":"Golden Idol","player_choice":"Take Damage","floor":3,"damage_taken":0},{"event_name":"Golden Wing","player_choice":"Card Removal","floor":5,"damage_taken":0},{"event_name":"Forgotten Altar","player_choice":"Gave Idol","floor":19,"damage_taken":0},{"event_name":"Addict","player_choice":"Obtained Relic","floor":22,"damage_taken":0},{"event_name":"Mysterious Sphere","player_choice":"Ignore","floor":37,"damage_taken":0}],"boss_relics":[{"not_picked":["Tiny House","Runic Pyramid"],"picked":"Astrolabe"},{"not_picked":["White Beast Statue","Mark of Pain"],"picked":"Philosopher\u0027s Stone"}],"potions_floor_spawned":[12,14,16,21,29,30,31,35,38],"seed_played":"-7572452917577779991","killed_by":"Giant Head","ascension_level":11,"is_trial":false}