{"gold_per_floor":[111,111,121,16,16,16,30,30,54,65,83,83,111,55,55,127,127,147,165,165,80,99,99,127,143,167,167,199,199,225,243,243,243],"floor_reached":33,"playtime":1484,"items_purged":[],"score":635,"play_id":"f23b3536-0658-4df3-8fbe-3e469802a3ad","local_time":"20190422233623","is_ascension_mode":true,"campfire_choices":[{"data":"Dagger Spray","floor":6,"key":"SMITH"},{"data":"Dagger Spray","floor":8,"key":"SMITH"},{"data":"Deadly Poison","floor":12,"key":"SMITH"},{"data":"Neutralize","floor":15,"key":"SMITH"},{"data":"Crippling Poison","floor":23,"key":"SMITH"},{"floor":27,"key":"REST"},{"data":"Noxious Fumes","floor":32,"key":"SMITH"}],"neow_cost":"NONE","seed_source_timestamp":19240772081784,"circlet_count":0,"master_deck":["AscendersBane","Defend_G","Defend_G","Defend_G","Defend_G","Defend_G","Strike_G","Strike_G","Strike_G","Strike_G+1","Strike_G+1","Survivor","Neutralize+1","Leg Sweep","Dagger Spray+1","Dagger Throw","Well Laid Plans","Dagger Spray+1","Deadly Poison+1","PiercingWail","Backstab","Adrenaline","Caltrops+1","Crippling Poison+1","After Image","Noxious Fumes+1","Blur","Distraction+1"],"relics":["Ring of the Snake","Snake Skull","Tingsha","Sozu","Mercury Hourglass","Regal Pillow","Ancient Tea Set","Bottled Lightning","FaceOfCleric","Mango"],"potions_floor_usage":[13,28],"damage_taken":[{"damage":3,"enemies":"Cultist","floor":1,"turns":6},{"damage":0,"enemies":"Jaw Worm","floor":3,"turns":5},{"damage":3,"enemies":"Small Slimes","floor":7,"turns":2},{"damage":0,"enemies":"2 Fungi Beasts","floor":10,"turns":3},{"damage":0,"enemies":"Blue Slaver","floor":11,"turns":3},{"damage":26,"enemies":"Gremlin Nob","floor":13,"turns":4},{"damage":2,"enemies":"The Guardian","floor":16,"turns":13},{"damage":11,"enemies":"2 Thieves","floor":18,"turns":4},{"damage":0,"enemies":"Chosen","floor":19,"turns":5},{"damage":0,"enemies":"Snake Plant","floor":22,"turns":3},{"damage":8,"enemies":"Gremlin Leader","floor":24,"turns":6},{"damage":9,"enemies":"Shelled Parasite and Fungi","floor":25,"turns":4},{"damage":32,"enemies":"Book of Stabbing","floor":28,"turns":5},{"damage":12,"enemies":"Gremlin Leader","floor":30,"turns":5},{"damage":3,"enemies":"Centurion and Healer","floor":31,"turns":5},{"damage":36,"enemies":"Collector","floor":33,"turns":5}],"seed_played":"2341412568275240895","potions_obtained":[{"floor":1,"key":"Dexterity Potion"},{"floor":3,"key":"AttackPotion"}],"is_trial":false,"path_per_floor":["M","?","M","$","?","R","M","R","T","M","M","R","E","?","R","B",null,"M","M","?","?","M","R","E","M","T","R","E","?","E","M","R","B"],"character_chosen":"THE_SILENT","items_purchased":["Dagger Throw","Well Laid Plans"],"campfire_rested":1,"item_purchase_floors":[4,4],"current_hp_per_floor":[62,40,40,40,40,40,37,37,37,37,37,37,11,11,11,9,56,45,45,45,45,45,45,37,28,28,64,32,32,35,33,33,0],"gold":243,"neow_bonus":"TEN_PERCENT_HP_BONUS","is_prod":false,"is_daily":false,"chose_seed":false,"campfire_upgraded":6,"win_rate":0,"timestamp":1555990583,"path_taken":["M","?","M","$","?","R","M","R","T","M","M","R","E","?","R","BOSS","M","M","?","?","?","R","E","M","T","R","E","?","E","M","R","BOSS"],"build_version":"2019-01-23","purchased_purges":0,"victory":false,"max_hp_per_floor":[72,72,72,72,72,72,72,72,72,72,72,72,72,72,72,72,72,72,72,72,72,72,72,72,72,72,72,72,72,87,88,88,88],"card_choices":[{"not_picked":["Underhanded Strike","Blur"],"picked":"Leg Sweep","floor":1},{"not_picked":["PiercingWail","Finisher"],"picked":"Dagger Spray","floor":3},{"not_picked":["Bullet Time","Prepared"],"picked":"Dagger Spray","floor":7},{"not_picked":["Dodge and Roll","Sucker Punch"],"picked":"Deadly Poison","floor":10},{"not_picked":["Prepared","Dagger Spray"],"picked":"PiercingWail","floor":11},{"not_picked":["Accuracy","Glass Knife"],"picked":"Backstab","floor":13},{"not_picked":["Bullet Time","Corpse Explosion"],"picked":"Adrenaline","floor":16},{"not_picked":["Flying Knee","Distraction","Bane"],"picked":"SKIP","floor":18},{"not_picked":["Flying Knee","Backflip"],"picked":"Caltrops+1","floor":19},{"not_picked":["PiercingWail","Slice+1"],"picked":"Crippling Poison","floor":22},{"not_picked":["Blade Dance","Dagger Throw"],"picked":"After Image","floor":24},{"not_picked":["Blade Dance+1","Prepared"],"picked":"Noxious Fumes","floor":25},{"not_picked":["Finisher","Eviscerate"],"picked":"Blur","floor":28},{"not_picked":["Dagger Spray","Accuracy","Terror"],"picked":"SKIP","floor":30},{"not_picked":["Choke","Sucker Punch"],"picked":"Distraction+1","floor":31}],"player_experience":1874453,"relics_obtained":[{"floor":9,"key":"Snake Skull"},{"floor":13,"key":"Tingsha"},{"floor":24,"key":"Regal Pillow"},{"floor":26,"key":"Ancient Tea Set"},{"floor":28,"key":"Bottled Lightning"},{"floor":30,"key":"Mango"}],"event_choices":[{"damage_healed":0,"gold_gain":0,"player_choice":"Entered Light","damage_taken":22,"max_hp_gain":0,"max_hp_loss":0,"event_name":"Shining Light","floor":2,"gold_loss":0,"cards_upgraded":["Strike_G","Strike_G"]},{"damage_healed":0,"gold_gain":0,"player_choice":"Leave","damage_taken":0,"max_hp_gain":0,"max_hp_loss":0,"event_name":"The Cleric","floor":5,"gold_loss":0},{"damage_healed":0,"gold_gain":0,"player_choice":"Left Gold","damage_taken":0,"max_hp_gain":0,"max_hp_loss":0,"event_name":"World of Goop","floor":14,"gold_loss":56},{"damage_healed":0,"gold_gain":0,"player_choice":"Ignored","damage_taken":0,"max_hp_gain":0,"max_hp_loss":0,"event_name":"The Mausoleum","floor":20,"gold_loss":0},{"damage_healed":0,"gold_gain":0,"player_choice":"Obtained Relic","damage_taken":0,"relics_obtained":["Mercury Hourglass"],"max_hp_gain":0,"max_hp_loss":0,"event_name":"Addict","floor":21,"gold_loss":85},{"damage_healed":0,"gold_gain":0,"player_choice":"Trade","damage_taken":0,"relics_obtained":["FaceOfCleric"],"max_hp_gain":0,"max_hp_loss":0,"event_name":"FaceTrader","floor":29,"gold_loss":0}],"is_beta":false,"boss_relics":[{"not_picked":["Ring of the Serpent","Philosopher\u0027s Stone"],"picked":"Sozu"}],"items_purged_floors":[],"is_endless":false,"potions_floor_spawned":[1,3,11,19,25,28],"killed_by":"Collector","ascension_level":20}