{"gold_per_floor":[118,43,58,73,123,123,133,165,192,192,216,247,257,269,269,343,343,360,37,52,52,52,52,80,19,43,43,68,118,147,157,157,157],"floor_reached":33,"playtime":1834,"items_purged":[],"score":586,"play_id":"6e4dc7d4-cfe1-4e03-97d7-5d36960a29ac","local_time":"20190505032133","is_ascension_mode":true,"campfire_choices":[{"data":"Neutralize","floor":6.0,"key":"SMITH"},{"data":"Predator","floor":10.0,"key":"SMITH"},{"floor":15.0,"key":"REST"},{"floor":23.0,"key":"REST"},{"floor":27.0,"key":"REST"},{"data":"After Image","floor":32.0,"key":"SMITH"}],"neow_cost":"TEN_PERCENT_HP_LOSS","seed_source_timestamp":1068940979889942,"circlet_count":0,"master_deck":["AscendersBane","Defend_G+1","Defend_G+1","Defend_G+1","Defend_G+1","Defend_G+1","Strike_G+1","Survivor","Neutralize+1","After Image","Predator+1","Dagger Throw","Dodge and Roll","Caltrops","Leg Sweep","Backflip","A Thousand Cuts","After Image+1","After Image+1","Bouncing Flask+1","Bouncing Flask+1","Backflip","Corpse Explosion","Noxious Fumes","Caltrops"],"special_seed":0,"relics":["Ring of the Snake","Bronze Scales","Lantern","Odd Mushroom","Anchor","Astrolabe","Membership Card","Bag of Preparation","Bag of Marbles","Red Mask","Ornamental Fan"],"potions_floor_usage":[33],"damage_taken":[{"damage":0.0,"enemies":"Cultist","floor":1.0,"turns":5.0},{"damage":0.0,"enemies":"Small Slimes","floor":3.0,"turns":3.0},{"damage":0.0,"enemies":"2 Louse","floor":4.0,"turns":2.0},{"damage":2.0,"enemies":"Large Slime","floor":7.0,"turns":6.0},{"damage":32.0,"enemies":"Lagavulin","floor":8.0,"turns":9.0},{"damage":12.0,"enemies":"The Mushroom Lair","floor":11.0,"turns":3.0},{"damage":21.0,"enemies":"Gremlin Nob","floor":12.0,"turns":5.0},{"damage":0.0,"enemies":"2 Fungi Beasts","floor":13.0,"turns":3.0},{"damage":0.0,"enemies":"Blue Slaver","floor":14.0,"turns":4.0},{"damage":9.0,"enemies":"Hexaghost","floor":16.0,"turns":11.0},{"damage":11.0,"enemies":"Spheric Guardian","floor":18.0,"turns":4.0},{"damage":3.0,"enemies":"Shell Parasite","floor":20.0,"turns":5.0},{"damage":33.0,"enemies":"Slavers","floor":24.0,"turns":7.0},{"damage":2.0,"enemies":"Masked Bandits","floor":28.0,"turns":2.0},{"damage":4.0,"enemies":"Book of Stabbing","floor":30.0,"turns":5.0},{"damage":5.0,"enemies":"Cultist and Chosen","floor":31.0,"turns":6.0},{"damage":14,"enemies":"Collector","floor":33,"turns":7}],"seed_played":"209080011668591214","potions_obtained":[{"floor":3.0,"key":"SteroidPotion"},{"floor":4.0,"key":"Regen Potion"},{"floor":11.0,"key":"PowerPotion"},{"floor":13.0,"key":"SteroidPotion"},{"floor":14.0,"key":"SkillPotion"},{"floor":24.0,"key":"Ancient Potion"},{"floor":31.0,"key":"Weak Potion"}],"is_trial":false,"path_per_floor":["M","?","M","M","?","R","M","E","T","R","?","E","M","M","R","B",null,"M","$","M","?","?","R","E","$","T","R","?","?","E","M","R","B"],"character_chosen":"THE_SILENT","items_purchased":["Membership Card","Bag of Preparation","PowerPotion","Noxious Fumes","EssenceOfSteel"],"campfire_rested":3,"item_purchase_floors":[19,19,19,25,25],"current_hp_per_floor":[59,59,59,59,53,53,51,34,34,34,22,1,1,1,19,10,48,37,37,34,34,18,37,4,4,4,23,21,21,17,12,12,0],"gold":157,"neow_bonus":"THREE_RARE_CARDS","is_prod":false,"is_daily":false,"chose_seed":false,"campfire_upgraded":3,"win_rate":0,"timestamp":1557040893,"path_taken":["M","?","M","M","?","R","?","E","T","R","?","E","M","M","R","BOSS","M","$","M","?","?","R","E","$","T","R","?","?","E","M","R","BOSS"],"build_version":"2019-01-23","purchased_purges":0,"victory":false,"max_hp_per_floor":[60,60,60,60,60,60,60,60,60,60,60,60,60,60,60,60,60,60,60,60,60,65,65,65,65,65,65,65,65,65,65,65,65],"card_choices":[{"not_picked":["Unload","Night Terror"],"picked":"After Image","floor":0.0},{"not_picked":["Prepared","Skewer"],"picked":"Predator","floor":1.0},{"not_picked":["Sucker Punch","Expertise"],"picked":"Dagger Throw","floor":3.0},{"not_picked":["Concentrate","Heel Hook"],"picked":"Dodge and Roll","floor":4.0},{"not_picked":["Sucker Punch","Heel Hook","Blade Dance"],"picked":"SKIP","floor":7.0},{"not_picked":["PiercingWail","Dagger Throw"],"picked":"Caltrops","floor":8.0},{"not_picked":["Masterful Stab","Blade Dance"],"picked":"Leg Sweep","floor":12.0},{"not_picked":["Quick Slash","Bane"],"picked":"Backflip","floor":13.0},{"not_picked":["Dagger Throw","Dagger Spray"],"picked":"A Thousand Cuts","floor":14.0},{"not_picked":["Envenom","Burst"],"picked":"After Image","floor":16.0},{"not_picked":["Dagger Throw","Expertise","Deadly Poison"],"picked":"SKIP","floor":18.0},{"not_picked":["Quick Slash","Flying Knee"],"picked":"Backflip","floor":20.0},{"not_picked":["Bane","Acrobatics"],"picked":"Corpse Explosion","floor":24.0},{"not_picked":["Accuracy","Blade Dance"],"picked":"Caltrops","floor":30.0},{"not_picked":["Predator","Terror","Endless Agony"],"picked":"SKIP","floor":31.0}],"player_experience":2373773,"relics_obtained":[{"floor":8.0,"key":"Bronze Scales"},{"floor":9.0,"key":"Lantern"},{"floor":11.0,"key":"Odd Mushroom"},{"floor":12.0,"key":"Anchor"},{"floor":24.0,"key":"Bag of Marbles"},{"floor":28.0,"key":"Red Mask"},{"floor":30.0,"key":"Ornamental Fan"}],"event_choices":[{"cards_removed":["Strike_G"],"damage_healed":0.0,"max_hp_gain":0.0,"max_hp_loss":0.0,"gold_gain":0.0,"event_name":"The Cleric","player_choice":"Card Removal","floor":2.0,"gold_loss":75.0,"damage_taken":0.0},{"damage_healed":0.0,"max_hp_gain":0.0,"max_hp_loss":0.0,"gold_gain":50.0,"event_name":"FaceTrader","player_choice":"Touch","floor":5.0,"gold_loss":0.0,"damage_taken":6.0},{"damage_healed":0.0,"max_hp_gain":0.0,"max_hp_loss":0.0,"gold_gain":0.0,"event_name":"Mushrooms","player_choice":"Fought Mushrooms","floor":11.0,"gold_loss":0.0,"damage_taken":0.0},{"damage_healed":0.0,"max_hp_gain":0.0,"max_hp_loss":0.0,"gold_gain":0.0,"event_name":"Back to Basics","player_choice":"Simplicity","floor":21.0,"gold_loss":0.0,"damage_taken":0.0,"cards_upgraded":["Defend_G","Defend_G","Defend_G","Defend_G","Defend_G","Strike_G"]},{"damage_healed":0.0,"max_hp_gain":5.0,"max_hp_loss":0.0,"gold_gain":0.0,"event_name":"Forgotten Altar","player_choice":"Shed Blood","floor":22.0,"gold_loss":0.0,"damage_taken":21.0},{"damage_healed":0.0,"max_hp_gain":0.0,"max_hp_loss":0.0,"gold_gain":0.0,"event_name":"Masked Bandits","player_choice":"Fought Bandits","floor":28.0,"gold_loss":0.0,"damage_taken":0.0},{"damage_healed":0.0,"max_hp_gain":0.0,"max_hp_loss":0.0,"gold_gain":50.0,"event_name":"Nest","player_choice":"Stole From Cult","floor":29.0,"gold_loss":0.0,"damage_taken":0.0}],"is_beta":false,"boss_relics":[{"not_picked":["White Beast Statue","Empty Cage"],"picked":"Astrolabe"}],"items_purged_floors":[],"is_endless":false,"potions_floor_spawned":[3,4,11,13,14,24,28,31],"killed_by":"Collector","ascension_level":20}