{"gold_per_floor":[114,389,399,51,62,87,87,112,112,112,126,153,153,183,183,183],"floor_reached":16,"playtime":787,"items_purged":["Regret"],"score":256,"play_id":"d7d2f5eb-57f9-4ea3-9b7c-086fb84fc503","local_time":"20190424165114","is_ascension_mode":true,"campfire_choices":[{"data":"Bash","floor":7,"key":"SMITH"},{"floor":10,"key":"REST"},{"data":"Carnage","floor":13,"key":"SMITH"},{"data":"Flame Barrier","floor":15,"key":"SMITH"}],"neow_cost":"NONE","seed_source_timestamp":168449856057053,"circlet_count":0,"master_deck":["AscendersBane","Strike_R","Strike_R","Strike_R","Strike_R","Strike_R","Defend_R","Defend_R","Defend_R","Defend_R","Bash+1","Carnage+1","Flame Barrier+1","Pommel Strike+1","Metallicize","Spot Weakness","Heavy Blade+1","Body Slam+1"],"relics":["Burning Blood","Lantern","Molten Egg 2","Ancient Tea Set","Letter Opener","Art of War","Mercury Hourglass","The Courier"],"potions_floor_usage":[6,8,14,16],"damage_taken":[{"damage":0,"enemies":"2 Louse","floor":1,"turns":3},{"damage":3,"enemies":"Cultist","floor":3,"turns":3},{"damage":4,"enemies":"Jaw Worm","floor":5,"turns":3},{"damage":30,"enemies":"3 Sentries","floor":6,"turns":9},{"damage":28,"enemies":"Lagavulin","floor":8,"turns":7},{"damage":4,"enemies":"Lots of Slimes","floor":11,"turns":4},{"damage":28,"enemies":"3 Sentries","floor":12,"turns":10},{"damage":2,"enemies":"Gremlin Nob","floor":14,"turns":3},{"damage":40,"enemies":"Hexaghost","floor":16,"turns":9}],"seed_played":"8261387257914059526","potions_obtained":[{"floor":3,"key":"Weak Potion"},{"floor":5,"key":"Block Potion"},{"floor":8,"key":"Weak Potion"},{"floor":11,"key":"Weak Potion"},{"floor":12,"key":"PowerPotion"}],"is_trial":false,"path_per_floor":["M","?","M","$","M","E","R","E","T","R","M","E","R","E","R","B"],"character_chosen":"IRONCLAD","items_purchased":["Molten Egg 2"],"campfire_rested":1,"item_purchase_floors":[4],"current_hp_per_floor":[74,74,75,75,75,51,51,29,29,51,53,31,31,35,35,0],"gold":183,"neow_bonus":"RANDOM_COMMON_RELIC","is_prod":false,"is_daily":false,"chose_seed":false,"campfire_upgraded":3,"win_rate":0,"timestamp":1556139074,"path_taken":["M","?","M","$","M","E","R","E","T","R","M","E","R","E","R","BOSS"],"build_version":"2019-01-23","purchased_purges":1,"victory":false,"max_hp_per_floor":[75,75,75,75,75,75,75,75,75,75,75,75,75,75,75,75],"card_choices":[{"not_picked":["Cleave","Clash"],"picked":"Carnage","floor":1},{"not_picked":["Wild Strike","Burning Pact"],"picked":"Flame Barrier","floor":3},{"not_picked":["Flex","Havoc"],"picked":"Pommel Strike+1","floor":5},{"not_picked":["Havoc","Armaments"],"picked":"Metallicize","floor":6},{"not_picked":["Impervious","Flex"],"picked":"Spot Weakness","floor":8},{"not_picked":["Evolve","Shockwave"],"picked":"Heavy Blade+1","floor":11},{"not_picked":["Entrench","Fire Breathing","Warcry"],"picked":"SKIP","floor":12},{"not_picked":["Perfected Strike+1","Rupture"],"picked":"Body Slam+1","floor":14}],"player_experience":1905024,"relics_obtained":[{"floor":6,"key":"Ancient Tea Set"},{"floor":8,"key":"Letter Opener"},{"floor":9,"key":"Art of War"},{"floor":12,"key":"Mercury Hourglass"},{"floor":14,"key":"The Courier"}],"event_choices":[{"damage_healed":0,"gold_gain":275,"player_choice":"Desecrate","damage_taken":0,"max_hp_gain":0,"max_hp_loss":0,"event_name":"Golden Shrine","floor":2,"gold_loss":0,"cards_obtained":["Regret"]}],"is_beta":false,"boss_relics":[],"items_purged_floors":[4],"is_endless":false,"potions_floor_spawned":[3,5,8,11,12],"killed_by":"Hexaghost","ascension_level":20}