{"gold_per_floor":[111,124,274,25,25,25,54,54,135,135],"floor_reached":10,"playtime":1202,"items_purged":["Doubt"],"score":128,"play_id":"efc69f7a-a8d2-4d4b-9ccf-4399940351e3","local_time":"20190428011202","is_ascension_mode":true,"campfire_choices":[{"data":"Dagger Spray","floor":6,"key":"SMITH"},{"data":"Neutralize","floor":8,"key":"SMITH"}],"neow_cost":"NONE","seed_source_timestamp":457296367568893,"circlet_count":0,"master_deck":["AscendersBane","Defend_G","Defend_G","Defend_G","Defend_G","Defend_G","Strike_G","Strike_G","Strike_G","Strike_G","Survivor","Neutralize+1","Deadly Poison","Dagger Spray+1","Caltrops","Corpse Explosion"],"relics":["Ring of the Snake","Bag of Preparation","Juzu Bracelet","Shuriken"],"potions_floor_usage":[7],"damage_taken":[{"damage":0,"enemies":"2 Louse","floor":1,"turns":2},{"damage":7,"enemies":"Jaw Worm","floor":2,"turns":4},{"damage":14,"enemies":"3 Sentries","floor":7,"turns":9},{"damage":33,"enemies":"Lagavulin","floor":10,"turns":6}],"seed_played":"2412704735807869007","potions_obtained":[],"is_trial":false,"path_per_floor":["M","M","?","$","?","R","E","R","T","E"],"character_chosen":"THE_SILENT","items_purchased":["Caltrops","Fire Potion","LiquidBronze"],"campfire_rested":0,"item_purchase_floors":[4,4,4],"current_hp_per_floor":[59,52,52,52,45,45,31,31,31,0],"gold":135,"neow_bonus":"RANDOM_COMMON_RELIC","is_prod":false,"is_daily":false,"chose_seed":false,"campfire_upgraded":2,"win_rate":0,"timestamp":1556428322,"path_taken":["M","M","?","$","?","R","E","R","T","E"],"build_version":"2019-01-23","purchased_purges":1,"victory":false,"max_hp_per_floor":[66,66,66,66,66,66,66,66,66,66],"card_choices":[{"not_picked":["Blade Dance","Slice"],"picked":"Deadly Poison","floor":1},{"not_picked":["Dagger Throw","Deflect"],"picked":"Dagger Spray","floor":2},{"not_picked":["Sucker Punch","Dagger Throw"],"picked":"Corpse Explosion","floor":7}],"player_experience":2017966,"relics_obtained":[{"floor":7,"key":"Juzu Bracelet"},{"floor":9,"key":"Shuriken"}],"event_choices":[{"damage_healed":0,"gold_gain":150,"player_choice":"AGREE","damage_taken":0,"max_hp_gain":0,"max_hp_loss":0,"event_name":"Liars Game","floor":3,"gold_loss":0,"cards_obtained":["Doubt"]},{"cards_removed":["Strike_G"],"damage_healed":0,"gold_gain":0,"player_choice":"Card Removal","damage_taken":7,"max_hp_gain":0,"max_hp_loss":0,"event_name":"Golden Wing","floor":5,"gold_loss":0}],"is_beta":false,"boss_relics":[],"items_purged_floors":[4],"is_endless":false,"potions_floor_spawned":[],"killed_by":"Lagavulin","ascension_level":20}