{"gold_per_floor":[109,122,122,122,135,176,176,212,236,236,250,250,274,308,308,397,397,412,21,40,40,60,60,99,99,171,205,228,228],"floor_reached":29,"playtime":1827,"items_purged":["Strike_B"],"score":616,"play_id":"3a965595-b699-4921-9d25-132e9caf6be0","local_time":"20190509112829","is_ascension_mode":true,"campfire_choices":[{"floor":7.0,"key":"REST"},{"floor":10.0,"key":"REST"},{"data":"Go for the Eyes","floor":12.0,"key":"SMITH"},{"floor":15,"key":"REST"},{"floor":23,"key":"REST"},{"data":"Defragment","floor":25,"key":"SMITH"}],"neow_cost":"TEN_PERCENT_HP_LOSS","seed_source_timestamp":1444138454048392,"circlet_count":0,"master_deck":["AscendersBane","Strike_B+1","Strike_B+1","Defend_B+1","Defend_B+1","Defend_B+1","Defend_B+1","Zap","Dualcast","Echo Form","Streamline","Steam","White Noise","Leap","Chill","Go for the Eyes+1","Compile Driver","Compile Driver","Biased Cognition","Hologram","Doom and Gloom","Seek","Cold Snap+1","Hologram","Defragment+1"],"special_seed":0,"relics":["Cracked Core","Golden Idol","Oddly Smooth Stone","Regal Pillow","Bronze Scales","Ice Cream","Snecko Eye","Vajra","Art of War","Kunai","Emotion Chip"],"potions_floor_usage":[24,28,29],"damage_taken":[{"damage":6.0,"enemies":"Cultist","floor":1.0,"turns":3.0},{"damage":2.0,"enemies":"Jaw Worm","floor":2.0,"turns":3.0},{"damage":8.0,"enemies":"2 Louse","floor":5.0,"turns":3.0},{"damage":36.0,"enemies":"Gremlin Nob","floor":6.0,"turns":4.0},{"damage":20.0,"enemies":"3 Sentries","floor":8.0,"turns":8.0},{"damage":5.0,"enemies":"Lots of Slimes","floor":11.0,"turns":4.0},{"damage":4.0,"enemies":"3 Louse","floor":13.0,"turns":3.0},{"damage":0,"enemies":"Lagavulin","floor":14,"turns":6},{"damage":35,"enemies":"Slime Boss","floor":16,"turns":10},{"damage":6,"enemies":"3 Byrds","floor":18,"turns":3},{"damage":0,"enemies":"Chosen","floor":20,"turns":3},{"damage":17,"enemies":"Centurion and Healer","floor":22,"turns":5},{"damage":14,"enemies":"Book of Stabbing","floor":24,"turns":4},{"damage":13,"enemies":"Gremlin Leader","floor":27,"turns":7},{"damage":16,"enemies":"Shelled Parasite and Fungi","floor":28,"turns":4},{"damage":18,"enemies":"3 Cultists","floor":29,"turns":4}],"seed_played":"-5218087627480734648","potions_obtained":[{"floor":1.0,"key":"FocusPotion"},{"floor":5.0,"key":"SteroidPotion"},{"floor":8.0,"key":"SmokeBomb"},{"floor":13.0,"key":"EssenceOfSteel"},{"floor":14,"key":"Dexterity Potion"},{"floor":18,"key":"Weak Potion"},{"floor":27,"key":"SkillPotion"}],"is_trial":false,"path_per_floor":["M","M","?","?","M","E","R","E","T","R","M","R","M","E","R","B",null,"M","$","M","?","M","R","E","R","T","E","M","M"],"character_chosen":"DEFECT","items_purchased":["Doom and Gloom","Seek","Vajra"],"campfire_rested":4,"item_purchase_floors":[19,19,19],"current_hp_per_floor":[58,56,56,56,48,12,29,9,9,41,36,36,32,32,58,23,49,43,43,43,43,26,58,44,44,44,31,15,0],"gold":228,"neow_bonus":"THREE_RARE_CARDS","is_prod":false,"is_daily":false,"chose_seed":false,"campfire_upgraded":2,"win_rate":0,"timestamp":1557415709,"path_taken":["M","?","?","?","M","E","R","E","T","R","M","R","?","E","R","BOSS","M","$","M","?","M","R","E","R","T","E","M","M"],"build_version":"2019-01-23","purchased_purges":1,"victory":false,"max_hp_per_floor":[64,64,58,58,58,58,58,58,58,58,58,58,58,58,58,58,58,58,58,58,58,58,58,58,58,58,58,58,58],"card_choices":[{"not_picked":["Reboot","Seek"],"picked":"Echo Form","floor":0.0},{"not_picked":["Sweeping Beam","Melter"],"picked":"Streamline","floor":1.0},{"not_picked":["Turbo","Stack"],"picked":"Steam","floor":2.0},{"not_picked":["Meteor Strike","Coolheaded"],"picked":"White Noise","floor":5.0},{"not_picked":["Tempest","Streamline"],"picked":"Leap","floor":6.0},{"not_picked":["Sweeping Beam","Hello World"],"picked":"Chill","floor":8.0},{"not_picked":["Force Field","Chill"],"picked":"Go for the Eyes","floor":11.0},{"not_picked":["Tempest","Stack"],"picked":"Compile Driver","floor":13.0},{"not_picked":["Beam Cell","Tempest"],"picked":"Compile Driver","floor":14},{"not_picked":["Multi-Cast","Hyperbeam"],"picked":"Biased Cognition","floor":16},{"not_picked":["Go for the Eyes","Fusion+1"],"picked":"Hologram","floor":18},{"not_picked":["Sweeping Beam","Streamline"],"picked":"Cold Snap+1","floor":20},{"not_picked":["Leap","Redo"],"picked":"Hologram","floor":22},{"not_picked":["Hologram","Rip and Tear"],"picked":"Defragment","floor":24},{"not_picked":["Scrape","Sweeping Beam","Steam"],"picked":"SKIP","floor":27},{"not_picked":["Conserve Battery","Consume","Cold Snap+1"],"picked":"SKIP","floor":28}],"player_experience":2494705,"relics_obtained":[{"floor":6.0,"key":"Oddly Smooth Stone"},{"floor":8.0,"key":"Regal Pillow"},{"floor":9.0,"key":"Bronze Scales"},{"floor":14,"key":"Ice Cream"},{"floor":24,"key":"Art of War"},{"floor":26,"key":"Kunai"},{"floor":27,"key":"Emotion Chip"}],"event_choices":[{"damage_healed":0.0,"max_hp_gain":0.0,"max_hp_loss":6.0,"gold_gain":0.0,"event_name":"Golden Idol","player_choice":"Lose Max HP","floor":3.0,"gold_loss":0.0,"damage_taken":0.0,"relics_obtained":["Golden Idol"]},{"cards_removed":["Strike_B"],"damage_healed":0.0,"max_hp_gain":0.0,"max_hp_loss":0.0,"gold_gain":0.0,"event_name":"Purifier","player_choice":"Purged","floor":4.0,"gold_loss":0.0,"damage_taken":0.0},{"damage_healed":0,"gold_gain":0,"player_choice":"Simplicity","damage_taken":0,"max_hp_gain":0,"max_hp_loss":0,"event_name":"Back to Basics","floor":21,"gold_loss":0,"cards_upgraded":["Strike_B","Strike_B","Defend_B","Defend_B","Defend_B","Defend_B"]}],"is_beta":false,"boss_relics":[{"not_picked":["Runic Dome","Empty Cage"],"picked":"Snecko Eye"}],"items_purged_floors":[19],"is_endless":false,"potions_floor_spawned":[1,5,8,13,14,18,20,27],"killed_by":"3 Cultists","ascension_level":20}