{"path_per_floor":["M","M","?","$","M","E","M","E","T","$","M","R","E","?","R","B",null,"M","?","M","$","M","R","E","R","T"],"character_chosen":"THE_SILENT","items_purchased":["Apotheosis","Strength Potion","Poison Potion","Blood Vial","Regen Potion"],"gold_per_floor":[12,29,29,29,43,82,98,133,159,16,35,35,66,140,140,269,269,293,343,364,115,139,139,178,178,178],"floor_reached":27,"campfire_rested":1,"playtime":2496,"current_hp_per_floor":[84,81,78,78,77,56,45,28,28,28,27,50,48,48,48,48,71,69,69,33,33,35,43,47,55,55],"items_purged":[],"gold":178,"score":401,"play_id":"78acedc6-59a0-4473-94db-a43d8673f2d1","is_prod":false,"is_daily":false,"is_ascension_mode":true,"campfire_upgraded":3,"path_taken":["M","M","?","?","M","E","M","E","T","$","M","R","E","?","R","BOSS","M","?","M","?","M","R","E","R","T","E"],"build_version":"2018-02-15-PROD1","purchased_purges":1,"victory":false,"master_deck":["Defend_G","Defend_G","Defend_G+1","Defend_G","Defend_G","Strike_G","Strike_G","Strike_G","Strike_G","Strike_G","Survivor","Neutralize","Leg Sweep","Outmaneuver+1","Bouncing Flask","Dagger Spray","Well Laid Plans","Doppelganger","Apotheosis+1","Dash","Malaise","A Thousand Cuts+1","Corpse Explosion+1","PiercingWail+1"],"max_hp_per_floor":[84,84,78,78,78,78,78,78,78,78,78,78,78,78,78,78,78,78,78,78,78,78,78,88,88,88],"relics":["Ring of the Snake","Golden Idol","Gremlin Horn","The Courier","War Paint","Centennial Puzzle","Eternal Feather","Blood Vial","Pear","Omamori"],"card_choices":[{"not_picked":["Accuracy","Underhanded Strike"],"picked":"Leg Sweep"},{"not_picked":["Slice","Blade Dance"],"picked":"Outmaneuver"},{"not_picked":["PiercingWail","Heel Hook"],"picked":"Bouncing Flask"},{"not_picked":["Quick Slash","Cloak And Dagger"],"picked":"Dagger Spray"},{"not_picked":["Deflect","Slice"],"picked":"Well Laid Plans"},{"not_picked":["Blade Dance","Deadly Poison"],"picked":"Doppelganger"},{"not_picked":["Finisher","Slice"],"picked":"Dash"},{"not_picked":["Acrobatics","Sucker Punch"],"picked":"Malaise"},{"not_picked":["Wraith Form","Adrenaline"],"picked":"A Thousand Cuts"},{"not_picked":["Flying Knee","Sucker Punch"],"picked":"Corpse Explosion"},{"not_picked":["Finisher","Outmaneuver"],"picked":"PiercingWail"}],"player_experience":317612,"potions_floor_usage":[5,8,18,22,22,24,27,27],"damage_taken":[{"damage":0,"enemies":"Jaw Worm","floor":1,"turns":6},{"damage":3,"enemies":"2 Louse","floor":2,"turns":4},{"damage":1,"enemies":"Cultist","floor":5,"turns":3},{"damage":21,"enemies":"Gremlin Nob","floor":6,"turns":5},{"damage":11,"enemies":"3 Louse","floor":7,"turns":2},{"damage":17,"enemies":"Lagavulin","floor":8,"turns":8},{"damage":1,"enemies":"Large Slime","floor":11,"turns":6},{"damage":2,"enemies":"Gremlin Nob","floor":13,"turns":4},{"damage":0,"enemies":"Hexaghost","floor":16,"turns":9},{"damage":2,"enemies":"Shell Parasite","floor":18,"turns":6},{"damage":36,"enemies":"3 Byrds","floor":20,"turns":5},{"damage":0,"enemies":"3 Cultists","floor":22,"turns":4},{"damage":23,"enemies":"Book of Stabbing","floor":24,"turns":8},{"damage":60,"enemies":"Slavers","floor":27,"turns":4}],"event_choices":[{"event_name":"Golden Idol","player_choice":"Lose Max HP","floor":3,"damage_taken":0},{"event_name":"Golden Wing","player_choice":"Gained Gold","floor":14,"damage_taken":0},{"event_name":"The Joust","player_choice":"Bet on Murderer","floor":19,"damage_taken":0}],"boss_relics":[{"not_picked":["Tiny House","Orrery"],"picked":"Eternal Feather"}],"potions_floor_spawned":[1,2,16,22,24],"seed_played":"3005621508925862502","killed_by":"Slavers","ascension_level":5,"is_trial":false}