{"gold_per_floor":[113,132,145,165,49,49,78,78,78,93,8,8,8,27,27,99,99,99,99,99,99,2,2,2,2,2,2,2,2,2,2,2,2,2,2,2,2,2,2,2,2,2,2,2,2,2,2,2,2,2],"floor_reached":51,"playtime":2186,"items_purged":[],"score":1235,"play_id":"cf8b6cd1-c5d0-4cf7-86b3-6bd039930abf","local_time":"20180808210923","is_ascension_mode":true,"campfire_choices":[{"data":"Neutralize","floor":6.0,"key":"SMITH"},{"data":"Footwork","floor":12.0,"key":"SMITH"},{"data":"Footwork","floor":15.0,"key":"SMITH"},{"data":"A Thousand Cuts","floor":23.0,"key":"SMITH"},{"data":"Adrenaline","floor":29,"key":"SMITH"},{"floor":32,"key":"REST"},{"floor":40,"key":"REST"},{"floor":42,"key":"REST"},{"floor":49,"key":"REST"}],"neow_cost":"NONE","seed_source_timestamp":277004771300944,"circlet_count":0,"master_deck":["Defend_G","Defend_G","Defend_G","Defend_G","Defend_G","Strike_G","Strike_G","Survivor","Neutralize+1","AscendersBane","PiercingWail","Dagger Throw","Poisoned Stab","Backstab","Infinite Blades","Sucker Punch","A Thousand Cuts+1","Footwork+1","Dodge and Roll","Footwork+1","Adrenaline+1","Cloak And Dagger","Backflip","Deflect","Sucker Punch","Dodge and Roll","After Image","Backflip","After Image","Deadly Poison","Defend_R","Envenom","Caltrops+1","Dodge and Roll","After Image"],"special_seed":0,"relics":["Ring of the Snake","Happy Flower","The Courier","Boot","Ectoplasm","Bronze Scales","Tiny Chest","MawBank","Fusion Hammer","Peace Pipe","Dead Branch","Regal Pillow"],"potions_floor_usage":[50,50],"damage_taken":[{"damage":0.0,"enemies":"Jaw Worm","floor":1.0,"turns":8.0},{"damage":4.0,"enemies":"Cultist","floor":2.0,"turns":6.0},{"damage":0.0,"enemies":"2 Louse","floor":3.0,"turns":3.0},{"damage":5.0,"enemies":"Large Slime","floor":4.0,"turns":7.0},{"damage":23.0,"enemies":"3 Sentries","floor":7.0,"turns":8.0},{"damage":4.0,"enemies":"3 Louse","floor":10.0,"turns":2.0},{"damage":3.0,"enemies":"Lots of Slimes","floor":14.0,"turns":3.0},{"damage":11.0,"enemies":"The Guardian","floor":16.0,"turns":16.0},{"damage":10.0,"enemies":"3 Byrds","floor":18.0,"turns":4.0},{"damage":0.0,"enemies":"Shell Parasite","floor":21.0,"turns":6.0},{"damage":7,"enemies":"Gremlin Leader","floor":24,"turns":8},{"damage":0,"enemies":"Centurion and Healer","floor":27,"turns":5},{"damage":23,"enemies":"Chosen and Byrds","floor":30,"turns":6},{"damage":2,"enemies":"Book of Stabbing","floor":31,"turns":7},{"damage":27,"enemies":"Champ","floor":33,"turns":19},{"damage":1,"enemies":"3 Shapes","floor":35,"turns":6},{"damage":0,"enemies":"Flame Bruiser 1 Orb","floor":36,"turns":6},{"damage":0,"floor":39,"turns":9},{"damage":21,"enemies":"3 Darklings","floor":41,"turns":5},{"damage":10,"enemies":"2 Orb Walkers","floor":44,"turns":4},{"damage":23,"enemies":"Snecko and Mystics","floor":45,"turns":8},{"damage":7,"enemies":"Time Eater","floor":50,"turns":14}],"seed_played":"-2406511256057467008","potions_obtained":[{"floor":1.0,"key":"Dexterity Potion"},{"floor":7.0,"key":"Weak Potion"},{"floor":16.0,"key":"SpeedPotion"},{"floor":18.0,"key":"Fruit Juice"},{"floor":24,"key":"AttackPotion"},{"floor":30,"key":"Dexterity Potion"}],"is_trial":false,"path_per_floor":["M","M","M","M","$","R","E","?","T","M","$","R","$","M","R","B",null,"M","?","?","M","$","R","E","$","T","M","?","R","M","E","R","B",null,"M","M","?","?","?","R","M","R","T","E","M","$","?","$","R","B"],"character_chosen":"THE_SILENT","items_purchased":["Infinite Blades","Sucker Punch","Footwork","Dodge and Roll","Backflip","Deflect","Sucker Punch"],"campfire_rested":4,"item_purchase_floors":[5,5,11,11,22,22,22],"current_hp_per_floor":[59,55,55,50,50,50,27,27,27,23,23,23,23,20,20,9,52,42,42,42,47,47,47,40,40,40,40,40,40,17,15,36,9,56,55,55,55,55,55,71,50,71,71,61,38,38,38,38,71,64],"gold":2,"neow_bonus":"REMOVE_CARD","is_prod":false,"is_daily":false,"chose_seed":false,"campfire_upgraded":5,"win_rate":0,"timestamp":1533787763,"path_taken":["M","M","M","M","$","R","E","?","T","M","$","R","?","M","R","BOSS","M","?","?","M","$","R","E","$","T","M","?","R","M","E","R","BOSS","M","M","?","?","?","R","M","R","T","E","M","$","?","?","R","BOSS"],"build_version":"2018-08-07v3","purchased_purges":0,"victory":true,"max_hp_per_floor":[66,66,66,66,66,66,66,66,66,66,66,66,66,66,66,66,66,66,66,66,71,71,71,71,71,71,71,71,71,71,71,71,71,71,71,71,71,71,71,71,71,71,71,71,71,71,71,71,71,71],"card_choices":[{"not_picked":["Reflex","Riddle With Holes"],"picked":"PiercingWail","floor":1.0},{"not_picked":["Well Laid Plans","Heel Hook"],"picked":"Dagger Throw","floor":2.0},{"not_picked":["Sucker Punch","Eviscerate"],"picked":"Poisoned Stab","floor":3.0},{"not_picked":["Dagger Throw","Bouncing Flask"],"picked":"Backstab","floor":4.0},{"not_picked":["Flechettes","Concentrate"],"picked":"A Thousand Cuts","floor":7.0},{"not_picked":["Sucker Punch","Outmaneuver","Masterful Stab"],"picked":"SKIP","floor":10.0},{"not_picked":["Terror","Dagger Spray"],"picked":"Footwork","floor":14.0},{"not_picked":["Bullet Time","Venomology"],"picked":"Adrenaline","floor":16.0},{"not_picked":["Catalyst","Underhanded Strike"],"picked":"Dagger Spray","floor":18.0},{"not_picked":["Dagger Throw","Bane"],"picked":"Cloak And Dagger","floor":21.0},{"not_picked":["Slice","Catalyst"],"picked":"Dodge and Roll","floor":24},{"not_picked":["Bane","Dagger Spray","Acrobatics+1"],"picked":"SKIP","floor":27},{"not_picked":["Accuracy","Dash"],"picked":"After Image","floor":30},{"not_picked":["Terror","Skewer+1"],"picked":"Backflip","floor":31},{"not_picked":["Night Terror","Burst"],"picked":"After Image","floor":33},{"not_picked":["Flying Knee","Outmaneuver+1","Caltrops"],"picked":"SKIP","floor":35},{"not_picked":["Caltrops","Dagger Throw"],"picked":"Deadly Poison","floor":36},{"not_picked":["Dodge and Roll","Slice"],"picked":"Envenom","floor":41},{"not_picked":["Burst","Quick Slash+1"],"picked":"Caltrops+1","floor":44},{"not_picked":["Flechettes","Blur"],"picked":"Dodge and Roll","floor":45}],"player_experience":859172,"relics_obtained":[{"floor":7.0,"key":"Happy Flower"},{"floor":9.0,"key":"Boot"},{"floor":24,"key":"Bronze Scales"},{"floor":26,"key":"Tiny Chest"},{"floor":31,"key":"MawBank"},{"floor":39,"key":"Peace Pipe"},{"floor":43,"key":"Dead Branch"},{"floor":44,"key":"Regal Pillow"}],"event_choices":[{"event_name":"WeMeetAgain","player_choice":"Potion","floor":8.0,"damage_taken":0.0},{"event_name":"The Mausoleum","player_choice":"No","floor":19.0,"damage_taken":0.0},{"event_name":"Purifier","player_choice":"One Purge","floor":20.0,"damage_taken":0.0},{"event_name":"Ghosts","player_choice":"Ignored","floor":28,"damage_taken":0},{"event_name":"Purifier","player_choice":"One Purge","floor":37,"damage_taken":0},{"event_name":"NoteForYourself","player_choice":"Took Card","floor":38,"damage_taken":0},{"event_name":"MindBloom","player_choice":"Fight","floor":39,"damage_taken":0},{"event_name":"Duplicator","player_choice":"One dupe","floor":47,"damage_taken":0}],"is_beta":true,"boss_relics":[{"not_picked":["White Beast Statue","Philosopher\u0027s Stone"],"picked":"Ectoplasm"},{"not_picked":["Empty Cage","Tiny House"],"picked":"Fusion Hammer"}],"items_purged_floors":[],"is_endless":false,"potions_floor_spawned":[1,7,16,18,24,30,31,35,36,41,44],"ascension_level":15}