{"gold_per_floor":[13,32,32,46,46,46,76,95,119,154,170,201,201,220,220,220],"floor_reached":16,"playtime":578,"items_purged":[],"score":244,"play_id":"660ae1dd-d9a2-4bdc-8406-4dcaf9d01f34","local_time":"20190428062824","is_ascension_mode":true,"campfire_choices":[{"data":"Uppercut","floor":6,"key":"SMITH"},{"data":"Bash","floor":13,"key":"SMITH"},{"data":"Disarm","floor":15,"key":"SMITH"}],"neow_cost":"NO_GOLD","seed_source_timestamp":476902076747880,"circlet_count":0,"master_deck":["AscendersBane","Strike_R","Strike_R","Strike_R","Strike_R","Strike_R","Defend_R","Defend_R","Defend_R","Defend_R","Bash+1","Disarm+1","Perfected Strike+1","Uppercut+1","Twin Strike","Flame Barrier","Ghostly Armor","Pommel Strike","Feel No Pain"],"relics":["Burning Blood","Regal Pillow","Centennial Puzzle","Anchor","Orichalcum"],"potions_floor_usage":[7],"damage_taken":[{"damage":7,"enemies":"Small Slimes","floor":1,"turns":4},{"damage":4,"enemies":"Cultist","floor":2,"turns":4},{"damage":2,"enemies":"Jaw Worm","floor":4,"turns":4},{"damage":41,"enemies":"Lagavulin","floor":7,"turns":6},{"damage":0,"enemies":"2 Fungi Beasts","floor":8,"turns":3},{"damage":19,"enemies":"Gremlin Nob","floor":10,"turns":4},{"damage":11,"enemies":"Blue Slaver","floor":11,"turns":3},{"damage":24,"enemies":"Lagavulin","floor":12,"turns":8},{"damage":11,"enemies":"Large Slime","floor":14,"turns":6},{"damage":27,"enemies":"The Guardian","floor":16,"turns":2}],"seed_played":"648641738282592985","potions_obtained":[{"floor":1,"key":"SpeedPotion"},{"floor":2,"key":"Poison Potion"},{"floor":14,"key":"Ancient Potion"}],"is_trial":false,"path_per_floor":["M","M","?","M","$","R","E","M","T","E","M","E","R","M","R","B"],"character_chosen":"IRONCLAD","items_purchased":[],"campfire_rested":0,"item_purchase_floors":[],"current_hp_per_floor":[81,83,83,87,87,87,52,58,58,45,40,22,22,17,17,0],"gold":220,"neow_bonus":"TWENTY_PERCENT_HP_BONUS","is_prod":false,"is_daily":false,"chose_seed":false,"campfire_upgraded":3,"win_rate":0,"timestamp":1556447304,"path_taken":["M","M","?","M","?","R","E","M","T","E","M","E","R","M","R","BOSS"],"build_version":"2019-01-23","purchased_purges":0,"victory":false,"max_hp_per_floor":[89,89,89,89,89,89,89,89,89,89,89,89,89,89,89,89],"card_choices":[{"not_picked":["Headbutt","Spot Weakness"],"picked":"Disarm","floor":1},{"not_picked":["Pommel Strike","Dropkick"],"picked":"Perfected Strike","floor":2},{"not_picked":["Headbutt","Battle Trance"],"picked":"Uppercut","floor":4},{"not_picked":["Warcry","Rage"],"picked":"Twin Strike","floor":7},{"not_picked":["Clash","Rupture","Thunderclap"],"picked":"SKIP","floor":8},{"not_picked":["Bludgeon","Whirlwind"],"picked":"Flame Barrier","floor":10},{"not_picked":["Clash","Warcry"],"picked":"Ghostly Armor","floor":11},{"not_picked":["Dropkick","Berserk"],"picked":"Pommel Strike","floor":12},{"not_picked":["Ghostly Armor","Twin Strike"],"picked":"Feel No Pain","floor":14}],"player_experience":2037120,"relics_obtained":[{"floor":7,"key":"Regal Pillow"},{"floor":9,"key":"Centennial Puzzle"},{"floor":10,"key":"Anchor"},{"floor":12,"key":"Orichalcum"}],"event_choices":[{"damage_healed":0,"gold_gain":0,"player_choice":"Upgraded","damage_taken":0,"max_hp_gain":0,"max_hp_loss":0,"event_name":"Upgrade Shrine","floor":3,"gold_loss":0,"cards_upgraded":["Perfected Strike"]}],"is_beta":false,"boss_relics":[],"items_purged_floors":[],"is_endless":false,"potions_floor_spawned":[1,2,14],"killed_by":"The Guardian","ascension_level":20}