{"gold_per_floor":[111,128,128,146,57,57,88,13,90,111,111],"floor_reached":11,"playtime":270,"items_purged":["Strike_R"],"score":126,"play_id":"a1a3ed22-cdab-4f37-8ad2-5e7cacd960fc","local_time":"20190506135026","is_ascension_mode":true,"campfire_choices":[{"data":"Uppercut","floor":6.0,"key":"SMITH"}],"neow_cost":"TEN_PERCENT_HP_LOSS","seed_source_timestamp":452936330719415,"circlet_count":0,"master_deck":["AscendersBane","Strike_R","Strike_R","Defend_R","Defend_R","Defend_R","Defend_R","Bash","Rampage","Brutality","Shrug It Off","Uppercut+1","Disarm","Inflame","Armaments"],"special_seed":0,"relics":["Burning Blood","Golden Idol","Odd Mushroom"],"potions_floor_usage":[11],"damage_taken":[{"damage":9.0,"enemies":"Jaw Worm","floor":1.0,"turns":3.0},{"damage":1.0,"enemies":"Cultist","floor":2.0,"turns":3.0},{"damage":4.0,"enemies":"Small Slimes","floor":4.0,"turns":3.0},{"damage":37.0,"enemies":"The Mushroom Lair","floor":7.0,"turns":6.0},{"damage":8.0,"enemies":"Looter","floor":10.0,"turns":4.0},{"damage":48,"enemies":"Gremlin Nob","floor":11,"turns":4}],"seed_played":"5424653064124631974","potions_obtained":[{"floor":7.0,"key":"Regen Potion"}],"is_trial":false,"path_per_floor":["M","M","?","M","$","R","?","$","T","M","E"],"character_chosen":"IRONCLAD","items_purchased":["Inflame"],"campfire_rested":0,"item_purchase_floors":[5],"current_hp_per_floor":[65,68,45,47,47,47,16,16,16,14,0],"gold":111,"neow_bonus":"TRANSFORM_TWO_CARDS","is_prod":false,"is_daily":false,"chose_seed":false,"campfire_upgraded":1,"win_rate":0,"timestamp":1557175826,"path_taken":["M","M","?","M","$","R","?","?","T","M","E"],"build_version":"2019-04-23","purchased_purges":1,"victory":false,"max_hp_per_floor":[68,68,68,68,68,68,68,68,68,68,68],"card_choices":[{"not_picked":["Havoc","Heavy Blade"],"picked":"Shrug It Off","floor":1.0},{"not_picked":["Clash","Ghostly Armor"],"picked":"Uppercut","floor":2.0},{"not_picked":["Whirlwind","Flame Barrier"],"picked":"Disarm","floor":4.0},{"not_picked":["Wild Strike","Pommel Strike"],"picked":"Armaments","floor":7.0},{"not_picked":["Uppercut","Body Slam","Armaments"],"picked":"SKIP","floor":10.0}],"player_experience":1227253,"relics_obtained":[{"floor":7.0,"key":"Odd Mushroom"}],"event_choices":[{"damage_healed":0.0,"max_hp_gain":0.0,"max_hp_loss":0.0,"gold_gain":0.0,"event_name":"Golden Idol","player_choice":"Take Damage","floor":3.0,"gold_loss":0.0,"damage_taken":23.0,"relics_obtained":["Golden Idol"]},{"damage_healed":0.0,"max_hp_gain":0.0,"max_hp_loss":0.0,"gold_gain":0.0,"event_name":"Mushrooms","player_choice":"Fought Mushrooms","floor":7.0,"gold_loss":0.0,"damage_taken":0.0}],"is_beta":true,"boss_relics":[],"items_purged_floors":[8],"is_endless":false,"potions_floor_spawned":[7],"killed_by":"Gremlin Nob","ascension_level":20}