{"gold_per_floor":[117,117,130,150,150,150,180,197,197,207,9,0,0,0,0,74,74,94,19,37,37,51,51,51,51,75,106,122,148,148,148,148,148],"floor_reached":33,"playtime":1114,"items_purged":["Strike_R"],"score":495,"play_id":"a789b6d6-ecf7-4dc5-833c-aa99849ba8b4","local_time":"20190408185427","is_ascension_mode":true,"campfire_choices":[{"data":"Perfected Strike","floor":6,"key":"SMITH"},{"data":"Armaments","floor":13,"key":"SMITH"},{"data":"Metallicize","floor":15,"key":"SMITH"},{"data":"True Grit","floor":23,"key":"SMITH"},{"floor":25,"key":"REST"},{"floor":32,"key":"REST"}],"neow_cost":"NONE","seed_source_timestamp":2273824733032603,"circlet_count":0,"master_deck":["AscendersBane","Strike_R+1","Strike_R","Strike_R","Defend_R","Defend_R","Defend_R","Defend_R+1","Bash","Perfected Strike+1","Armaments+1","Headbutt","Perfected Strike","Metallicize+1","Juggernaut","Shrug It Off","Offering","Warcry+1","True Grit+1","Shrug It Off","Disarm","True Grit+1","Pummel","Writhe","Decay"],"relics":["Burning Blood","Juzu Bracelet","Bag of Marbles","Bag of Preparation","Runic Pyramid","Vajra","Darkstone Periapt","Mummified Hand","Self Forming Clay"],"potions_floor_usage":[7,22,29,29],"damage_taken":[{"damage":11,"enemies":"Jaw Worm","floor":1,"turns":4},{"damage":9,"enemies":"2 Louse","floor":3,"turns":2},{"damage":0,"enemies":"Small Slimes","floor":4,"turns":3},{"damage":34,"enemies":"3 Sentries","floor":7,"turns":9},{"damage":0,"enemies":"3 Louse","floor":8,"turns":3},{"damage":9,"enemies":"Red Slaver","floor":10,"turns":3},{"damage":11,"enemies":"Hexaghost","floor":16,"turns":9},{"damage":8,"enemies":"Spheric Guardian","floor":18,"turns":6},{"damage":13,"enemies":"Chosen","floor":20,"turns":4},{"damage":21,"enemies":"Snake Plant","floor":22,"turns":4},{"damage":22,"enemies":"Book of Stabbing","floor":27,"turns":8},{"damage":6,"enemies":"Centurion and Healer","floor":28,"turns":10},{"damage":30,"enemies":"Slavers","floor":29,"turns":7},{"damage":67,"enemies":"Collector","floor":33,"turns":12}],"seed_played":"-486992579687918862","potions_obtained":[{"floor":4,"key":"Energy Potion"},{"floor":7,"key":"FearPotion"},{"floor":10,"key":"Block Potion"},{"floor":22,"key":"Swift Potion"}],"is_trial":false,"path_per_floor":["M","?","M","M","?","R","E","M","T","M","$","?","R","?","R","B",null,"M","$","M","?","M","R","?","R","T","E","M","E","?","?","R","B"],"character_chosen":"IRONCLAD","items_purchased":["Bag of Preparation","Shrug It Off"],"campfire_rested":2,"item_purchase_floors":[11,11],"current_hp_per_floor":[63,40,37,43,43,43,15,21,21,18,18,18,18,18,18,13,60,58,58,51,51,36,36,36,58,58,42,42,18,24,30,56,0],"gold":148,"neow_bonus":"RANDOM_COMMON_RELIC","is_prod":false,"is_daily":false,"chose_seed":false,"campfire_upgraded":4,"win_rate":0,"timestamp":1554764067,"path_taken":["M","?","M","M","?","R","E","M","T","M","$","?","R","?","R","BOSS","M","$","M","?","M","R","?","R","T","E","M","E","?","?","R","BOSS"],"build_version":"2019-04-04","purchased_purges":1,"victory":false,"max_hp_per_floor":[75,75,75,75,75,75,75,75,75,75,75,75,75,75,75,75,75,75,75,75,75,75,75,75,75,75,75,75,75,81,87,87,87],"card_choices":[{"not_picked":["Cleave","Thunderclap"],"picked":"Perfected Strike","floor":1},{"not_picked":["Infernal Blade","Evolve"],"picked":"Armaments","floor":3},{"not_picked":["Armaments","Body Slam"],"picked":"Headbutt","floor":4},{"not_picked":["Burning Pact","Seeing Red"],"picked":"Perfected Strike","floor":7},{"not_picked":["Spot Weakness","Clothesline"],"picked":"Metallicize","floor":8},{"not_picked":["Body Slam","Armaments"],"picked":"Juggernaut","floor":10},{"not_picked":["Bloodletting","Headbutt"],"picked":"Warcry+1","floor":18},{"not_picked":["Second Wind","Headbutt"],"picked":"True Grit","floor":20},{"not_picked":["Bloodletting","Ghostly Armor"],"picked":"Shrug It Off","floor":22},{"not_picked":["Wild Strike","Double Tap"],"picked":"True Grit+1","floor":27},{"not_picked":["True Grit","Twin Strike"],"picked":"Pummel","floor":28},{"not_picked":["Armaments","Clash","Brutality"],"picked":"SKIP","floor":29}],"player_experience":2376184,"relics_obtained":[{"floor":7,"key":"Bag of Marbles"},{"floor":26,"key":"Vajra"},{"floor":27,"key":"Darkstone Periapt"},{"floor":29,"key":"Mummified Hand"}],"event_choices":[{"damage_healed":0,"gold_gain":0,"player_choice":"Entered Light","damage_taken":23,"max_hp_gain":0,"max_hp_loss":0,"event_name":"Shining Light","floor":2,"gold_loss":0,"cards_upgraded":["Defend_R","Strike_R"]},{"damage_healed":0,"gold_gain":0,"player_choice":"Ignored","damage_taken":0,"max_hp_gain":0,"max_hp_loss":0,"event_name":"Liars Game","floor":5,"gold_loss":0},{"damage_healed":0,"gold_gain":0,"player_choice":"Left Gold","damage_taken":0,"max_hp_gain":0,"max_hp_loss":0,"event_name":"World of Goop","floor":12,"gold_loss":9},{"damage_healed":0,"gold_gain":0,"cards_transformed":["Strike_R"],"player_choice":"Transformed","damage_taken":0,"max_hp_gain":0,"max_hp_loss":0,"event_name":"Transmorgrifier","floor":14,"gold_loss":0,"cards_obtained":["Offering"]},{"damage_healed":0,"gold_gain":0,"player_choice":"Ignored","damage_taken":0,"max_hp_gain":0,"max_hp_loss":0,"event_name":"Vampires","floor":21,"gold_loss":0},{"damage_healed":0,"gold_gain":0,"player_choice":"Read","damage_taken":0,"max_hp_gain":0,"max_hp_loss":0,"event_name":"The Library","floor":24,"gold_loss":0,"cards_obtained":["Disarm"]},{"damage_healed":0,"gold_gain":0,"player_choice":"Opened","damage_taken":0,"relics_obtained":["Self Forming Clay"],"max_hp_gain":0,"max_hp_loss":0,"event_name":"The Mausoleum","floor":30,"gold_loss":0,"cards_obtained":["Writhe"]},{"damage_healed":0,"gold_gain":0,"player_choice":"Smashed Altar","damage_taken":0,"max_hp_gain":0,"max_hp_loss":0,"event_name":"Forgotten Altar","floor":31,"gold_loss":0,"cards_obtained":["Decay"]}],"is_beta":true,"boss_relics":[{"not_picked":["Pandora\u0027s Box","Black Blood"],"picked":"Runic Pyramid"}],"items_purged_floors":[19],"is_endless":false,"potions_floor_spawned":[4,7,10,18,20,22],"killed_by":"Collector","ascension_level":15}