{"path_per_floor":["M","M","$","M","M","R","?","R","T","?","R","M","?","M","R","B",null,"M","?","?","?","?","E","T","R","T","M","$","$","M","M","R"],"character_chosen":"THE_SILENT","items_purchased":["Bandage Up","Regal Pillow","Dream Catcher"],"gold_per_floor":[109,119,20,38,58,58,158,158,158,158,158,169,226,239,239,316,316,335,260,260,260,260,292,292,292,292,310,13,13,25,41,41,41],"floor_reached":33,"campfire_rested":2,"playtime":1395,"current_hp_per_floor":[57,48,48,47,42,42,42,42,42,42,42,45,34,24,24,14,49,45,45,45,29,29,8,8,26,26,24,24,24,28,13,46,0],"items_purged":[],"gold":41,"score":434,"play_id":"20f09f6a-b2f7-4f14-9b4f-bb1dc5bdfb3b","local_time":"20180407100513","is_prod":false,"is_daily":false,"is_ascension_mode":true,"campfire_upgraded":4,"timestamp":1523109913,"path_taken":["M","M","$","M","?","R","?","R","T","?","R","?","?","M","R","BOSS","M","?","?","?","?","E","?","R","T","M","?","$","M","?","R","BOSS"],"build_version":"2018-04-05v2","purchased_purges":0,"victory":false,"master_deck":["Defend_G","Defend_G","Defend_G","Defend_G","Defend_G","Strike_G","Strike_G","Strike_G","Survivor+1","Neutralize+1","AscendersBane","Noxious Fumes+1","Riddle With Holes","Bandage Up","Deadly Poison","Flying Knee","Catalyst+1","PiercingWail","Flying Knee","Bouncing Flask","Crippling Poison+1","Backflip+1"],"max_hp_per_floor":[60,60,60,60,60,60,60,60,60,60,60,60,60,60,60,60,60,60,60,60,60,60,60,60,60,60,60,60,60,60,60,60,60],"relics":["Ring of the Snake","Ice Cream","Pen Nib","Toolbox","White Beast Statue","Enchiridion","Art of War","Girya","Anchor","Regal Pillow","Dream Catcher"],"card_choices":[{"not_picked":["Distraction","Dagger Spray"],"picked":"Noxious Fumes","floor":1},{"not_picked":["Acrobatics","Cloak And Dagger"],"picked":"Riddle With Holes","floor":2},{"not_picked":["Deflect","Outmaneuver"],"picked":"Deadly Poison","floor":4},{"not_picked":["Wraith Form","Backflip"],"picked":"Flying Knee","floor":5},{"not_picked":["Cloak And Dagger","Malaise"],"picked":"Catalyst","floor":12},{"not_picked":["Skewer","Accuracy"],"picked":"PiercingWail","floor":13},{"not_picked":["Accuracy","Blade Dance"],"picked":"Flying Knee","floor":14},{"not_picked":["Setup","Flying Knee"],"picked":"Bouncing Flask","floor":23},{"not_picked":["Setup","Bane"],"picked":"Crippling Poison","floor":30},{"not_picked":["Poisoned Stab","Well Laid Plans"],"picked":"Backflip","floor":32}],"player_experience":709016,"potions_floor_usage":[16,16,23,23,27,30,30,31,33],"damage_taken":[{"damage":2,"enemies":"Cultist","floor":1,"turns":5},{"damage":9,"enemies":"Small Slimes","floor":2,"turns":4},{"damage":5,"enemies":"Jaw Worm","floor":4,"turns":4},{"damage":9,"enemies":"Blue Slaver","floor":5,"turns":4},{"damage":1,"enemies":"Looter","floor":12,"turns":4},{"damage":15,"enemies":"3 Sentries","floor":13,"turns":7},{"damage":14,"enemies":"Red Slaver","floor":14,"turns":3},{"damage":16,"enemies":"The Guardian","floor":16,"turns":7},{"damage":8,"enemies":"Chosen","floor":18,"turns":4},{"damage":25,"enemies":"Book of Stabbing","floor":23,"turns":6},{"damage":6,"enemies":"Spheric Guardian","floor":27,"turns":4},{"damage":0,"enemies":"Chosen and Byrds","floor":30,"turns":5},{"damage":19,"enemies":"Centurion and Healer","floor":31,"turns":5},{"damage":76,"enemies":"Collector","floor":33,"turns":6}],"event_choices":[{"event_name":"Golden Shrine","player_choice":"Pray","floor":7,"damage_taken":0},{"event_name":"Liars Game","player_choice":"disagreed","floor":10,"damage_taken":0},{"event_name":"Dead Adventurer","player_choice":"Searched \u00271\u0027 times","floor":13,"damage_taken":0},{"event_name":"Beggar","player_choice":"Gave Gold","floor":19,"damage_taken":0},{"event_name":"Back to Basics","player_choice":"Elegance","floor":20,"damage_taken":0},{"event_name":"Cursed Tome","player_choice":"Obtained Book","floor":21,"damage_taken":0},{"event_name":"The Lab","player_choice":"Got Potions","floor":22,"damage_taken":0}],"boss_relics":[{"not_picked":["Runic Pyramid","Snecko Eye"],"picked":"White Beast Statue"}],"potions_floor_spawned":[1,4,13,18,23,27,30,31],"seed_played":"-8144151401108036984","killed_by":"Collector","ascension_level":14,"is_trial":false}