{"gold_per_floor":[111,111,36,54,70,70,97,107,131,131,166,166,166,191,191,289,289,302,302,323,46,46,46,46,69,69,69,410,428,446,62,62,156,219,235,20,20,43,68,68,107,142,154,209,346,1,1,24,24,24],"floor_reached":51,"playtime":3343,"items_purged":["Strike_R","Strike_R"],"score":1447,"play_id":"a708ba8e-9c10-4333-933b-d5c6cb9b27a3","local_time":"20190201132130","is_ascension_mode":true,"campfire_choices":[{"data":"Bash","floor":6.0,"key":"SMITH"},{"data":"Metallicize","floor":10.0,"key":"SMITH"},{"data":"Disarm","floor":15.0,"key":"SMITH"},{"data":"Metallicize","floor":23.0,"key":"SMITH"},{"data":"Offering","floor":27.0,"key":"SMITH"},{"data":"Clothesline","floor":32.0,"key":"SMITH"},{"floor":40.0,"key":"REST"},{"floor":49.0,"key":"REST"}],"neow_cost":"NONE","seed_source_timestamp":184611175518916,"circlet_count":0,"master_deck":["AscendersBane","Defend_R","Defend_R","Defend_R","Defend_R","Bash+1","Clothesline+1","Shrug It Off","Havoc","Disarm+1","Metallicize+1","Corruption","Flame Barrier","Offering+1","Carnage","Inflame+1","Panache","Metallicize+1","Spot Weakness","Power Through","Shrug It Off","Offering+1","All For One","Panache","Inflame+1","Backflip","PiercingWail+1","Feel No Pain"],"special_seed":0,"relics":["Burning Blood","NeowsBlessing","PreservedInsect","Boot","Potion Belt","Golden Idol","Snecko Eye","Anchor","Old Coin","PrismaticShard","Tiny House","MawBank","Toxic Egg 2","Centennial Puzzle","Incense Burner"],"potions_floor_usage":[50,50,50,50],"damage_taken":[{"damage":0.0,"enemies":"Jaw Worm","floor":1.0,"turns":1.0},{"damage":0.0,"enemies":"Cultist","floor":4.0,"turns":1.0},{"damage":0.0,"enemies":"Small Slimes","floor":5.0,"turns":1.0},{"damage":44.0,"enemies":"Gremlin Nob","floor":7.0,"turns":5.0},{"damage":9.0,"enemies":"Blue Slaver","floor":8.0,"turns":5.0},{"damage":22.0,"enemies":"3 Sentries","floor":11.0,"turns":12.0},{"damage":24.0,"enemies":"Large Slime","floor":14.0,"turns":9.0},{"damage":22.0,"enemies":"The Guardian","floor":16.0,"turns":18.0},{"damage":6.0,"enemies":"Chosen","floor":18.0,"turns":6.0},{"damage":8.0,"enemies":"2 Thieves","floor":20.0,"turns":3.0},{"damage":6.0,"enemies":"Centurion and Healer","floor":25.0,"turns":5.0},{"damage":6.0,"enemies":"Gremlin Leader","floor":28.0,"turns":5.0},{"damage":0.0,"enemies":"Chosen and Byrds","floor":29.0,"turns":6.0},{"damage":8.0,"enemies":"Shelled Parasite and Fungi","floor":30.0,"turns":5.0},{"damage":61.0,"enemies":"Collector","floor":33.0,"turns":9.0},{"damage":12.0,"enemies":"3 Darklings","floor":35.0,"turns":5.0},{"damage":6.0,"enemies":"Orb Walker","floor":38.0,"turns":4.0},{"damage":16.0,"enemies":"Transient","floor":39.0,"turns":6.0},{"damage":19.0,"enemies":"Nemesis","floor":41.0,"turns":7.0},{"damage":10.0,"enemies":"Maw","floor":42.0,"turns":8.0},{"damage":12.0,"enemies":"Reptomancer","floor":44.0,"turns":5.0},{"damage":6.0,"enemies":"Mind Bloom Boss Battle","floor":45.0,"turns":5.0},{"damage":3.0,"enemies":"Jaw Worm Horde","floor":48.0,"turns":5.0},{"damage":65,"enemies":"Awakened One","floor":50,"turns":15}],"seed_played":"-2691457084849086311","potions_obtained":[{"floor":1.0,"key":"Weak Potion"},{"floor":2.0,"key":"Regen Potion"},{"floor":14.0,"key":"Regen Potion"},{"floor":16.0,"key":"Explosive Potion"},{"floor":20.0,"key":"SteroidPotion"},{"floor":25.0,"key":"Energy Potion"},{"floor":30.0,"key":"Poison Potion"},{"floor":33.0,"key":"Block Potion"},{"floor":34.0,"key":"Poison Potion"},{"floor":35.0,"key":"EssenceOfSteel"},{"floor":39.0,"key":"LiquidBronze"},{"floor":44.0,"key":"SpeedPotion"},{"floor":48.0,"key":"Swift Potion"}],"is_trial":false,"path_per_floor":["M","?","$","M","M","R","E","M","T","R","E","?","?","M","R","B",null,"M","?","M","$","?","R","?","M","T","R","E","M","M","$","R","B",null,"M","$","?","M","M","R","E","M","T","E","?","$","?","M","R","B",null],"character_chosen":"IRONCLAD","items_purchased":["Panache","Metallicize","Offering","PrismaticShard","Panache","Feel No Pain","BloodPotion","Ancient Potion"],"campfire_rested":2,"item_purchase_floors":[21,21,31,31,36,46,46,46],"current_hp_per_floor":[74,74,74,75,75,75,37,34,34,34,33,58,58,40,40,39,61,61,61,59,59,59,59,59,59,59,59,59,65,63,63,63,8,58,52,52,52,52,42,63,50,46,46,40,40,40,40,50,71,12],"gold":24,"neow_bonus":"THREE_ENEMY_KILL","is_prod":false,"is_daily":false,"chose_seed":false,"campfire_upgraded":6,"win_rate":0,"timestamp":1549052490,"path_taken":["M","?","$","?","M","R","E","M","T","R","E","?","?","M","R","BOSS","M","?","M","$","?","R","?","M","T","R","E","M","?","$","R","BOSS","M","$","?","M","M","R","E","?","T","E","?","$","?","M","R","BOSS"],"build_version":"2019-01-23","purchased_purges":2,"victory":true,"max_hp_per_floor":[75,75,75,75,75,75,75,75,75,75,75,75,68,68,68,68,68,68,68,68,68,68,68,68,68,68,68,68,68,68,68,68,68,73,73,73,73,73,73,73,73,73,73,73,73,73,73,73,73,73],"card_choices":[{"not_picked":["Entrench","Hemokinesis"],"picked":"Clothesline","floor":1.0},{"not_picked":["Spot Weakness","Body Slam"],"picked":"Shrug It Off","floor":4.0},{"not_picked":["Sword Boomerang","Searing Blow"],"picked":"Havoc","floor":5.0},{"not_picked":["Perfected Strike","Bloodletting"],"picked":"Disarm","floor":7.0},{"not_picked":["Disarm","Rupture"],"picked":"Metallicize","floor":8.0},{"not_picked":["Pummel","Second Wind"],"picked":"Corruption","floor":11.0},{"not_picked":["Corruption","Warcry"],"picked":"Flame Barrier","floor":14.0},{"not_picked":["Feed","Brutality"],"picked":"Offering","floor":16.0},{"not_picked":["Wild Strike","Reckless Charge","Spot Weakness"],"picked":"SKIP","floor":18.0},{"not_picked":["Reckless Charge","Heavy Blade"],"picked":"Inflame+1","floor":20.0},{"not_picked":["Hemokinesis","Flex","Perfected Strike"],"picked":"SKIP","floor":25.0},{"not_picked":["Headbutt","Flex","Iron Wave"],"picked":"SKIP","floor":28.0},{"not_picked":["Armaments","Burning Pact","Heavy Blade"],"picked":"SKIP","floor":29.0},{"not_picked":["Wild Strike","Perfected Strike"],"picked":"Shrug It Off","floor":30.0},{"not_picked":["Phantasmal Killer","Seek"],"picked":"All For One","floor":33.0},{"not_picked":["Redo","Turbo","Genetic Algorithm"],"picked":"SKIP","floor":35.0},{"not_picked":["Sweeping Beam","Poisoned Stab"],"picked":"Backflip","floor":38.0},{"not_picked":["Gash+1","Darkness+1","Rebound"],"picked":"SKIP","floor":39.0},{"not_picked":["Warcry","Dodge and Roll+1","Bane+1"],"picked":"SKIP","floor":41.0},{"not_picked":["Sucker Punch+1","Static Discharge"],"picked":"PiercingWail+1","floor":42.0},{"not_picked":["Steam Power+1","Pommel Strike","Reinforced Body+1"],"picked":"SKIP","floor":44.0},{"not_picked":["Blade Dance+1","Heatsinks","Dagger Throw"],"picked":"SKIP","floor":48.0}],"player_experience":1055330,"relics_obtained":[{"floor":7.0,"key":"PreservedInsect"},{"floor":9.0,"key":"Boot"},{"floor":11.0,"key":"Potion Belt"},{"floor":26.0,"key":"Anchor"},{"floor":28.0,"key":"Old Coin"},{"floor":41.0,"key":"MawBank"},{"floor":43.0,"key":"Toxic Egg 2"},{"floor":44.0,"key":"Centennial Puzzle"},{"floor":45.0,"key":"Incense Burner"}],"event_choices":[{"damage_healed":0.0,"max_hp_gain":0.0,"max_hp_loss":0.0,"gold_gain":0.0,"event_name":"Lab","player_choice":"Got Potions","floor":2.0,"gold_loss":0.0,"damage_taken":0.0},{"damage_healed":25.0,"max_hp_gain":0.0,"max_hp_loss":0.0,"gold_gain":0.0,"event_name":"Big Fish","player_choice":"Banana","floor":12.0,"gold_loss":0.0,"damage_taken":0.0},{"damage_healed":0.0,"max_hp_gain":0.0,"max_hp_loss":7.0,"gold_gain":0.0,"event_name":"Golden Idol","player_choice":"Lose Max HP","floor":13.0,"gold_loss":0.0,"damage_taken":0.0,"relics_obtained":["Golden Idol"]},{"damage_healed":0.0,"max_hp_gain":0.0,"max_hp_loss":0.0,"gold_gain":0.0,"event_name":"The Library","player_choice":"Read","floor":19.0,"gold_loss":0.0,"damage_taken":0.0,"cards_obtained":["Carnage"]},{"damage_healed":0.0,"max_hp_gain":0.0,"max_hp_loss":0.0,"gold_gain":0.0,"cards_transformed":["Strike_R","Strike_R"],"event_name":"Drug Dealer","player_choice":"Became Test Subject","floor":22.0,"gold_loss":0.0,"damage_taken":0.0,"cards_obtained":["Spot Weakness","Power Through"]},{"damage_healed":0.0,"max_hp_gain":0.0,"max_hp_loss":0.0,"gold_gain":0.0,"event_name":"Vampires","player_choice":"Ignored","floor":24.0,"gold_loss":0.0,"damage_taken":0.0},{"damage_healed":0.0,"max_hp_gain":0.0,"max_hp_loss":0.0,"gold_gain":0.0,"event_name":"Duplicator","player_choice":"Copied","floor":37.0,"gold_loss":0.0,"damage_taken":0.0,"cards_obtained":["Inflame"]},{"damage_healed":0.0,"max_hp_gain":0.0,"max_hp_loss":0.0,"gold_gain":0.0,"event_name":"MindBloom","player_choice":"Fight","floor":45.0,"gold_loss":0.0,"damage_taken":0.0},{"cards_removed":["Strike_R"],"damage_healed":0.0,"max_hp_gain":0.0,"max_hp_loss":0.0,"gold_gain":0.0,"event_name":"Falling","player_choice":"Removed Attack","floor":47.0,"gold_loss":0.0,"damage_taken":0.0}],"is_beta":true,"boss_relics":[{"not_picked":["Mark of Pain","Black Blood"],"picked":"Snecko Eye"},{"not_picked":["Velvet Choker","Eternal Feather"],"picked":"Tiny House"}],"items_purged_floors":[3,46],"is_endless":false,"potions_floor_spawned":[1,14,16,20,25,30,33,35,39,44,48],"ascension_level":18}