{"gold_per_floor":[110,160,177,177,88,88,113,113,166,166,189,71,71,91,91,180,180,200,7,21,21],"floor_reached":21,"playtime":1303,"items_purged":["Strike_G","Strike_G"],"score":330,"play_id":"65124fe5-f760-4ae7-9823-53aaedb5d5d1","local_time":"20180826223025","is_ascension_mode":true,"campfire_choices":[{"data":"Neutralize","floor":6,"key":"SMITH"},{"data":"Dash","floor":8,"key":"SMITH"},{"data":"Defend_G","floor":13,"key":"SMITH"},{"data":"Backflip","floor":15,"key":"SMITH"}],"neow_cost":"NONE","seed_source_timestamp":995392671761939,"circlet_count":0,"master_deck":["Defend_G","Defend_G","Defend_G","Defend_G+1","Defend_G","Strike_G","Strike_G","Strike_G","Survivor","Neutralize+1","AscendersBane","Quick Slash","Backflip+1","Dash+1","Crippling Poison","Poisoned Stab","Backstab","Tools of the Trade","Sucker Punch+1","Infinite Blades"],"relics":["Ring of the Snake","Golden Idol","Art of War","Eternal Feather"],"potions_floor_usage":[],"damage_taken":[{"damage":0,"enemies":"2 Louse","floor":1,"turns":2},{"damage":1,"enemies":"Cultist","floor":3,"turns":5},{"damage":4,"enemies":"Small Slimes","floor":7,"turns":3},{"damage":6,"enemies":"3 Louse","floor":11,"turns":5},{"damage":4,"enemies":"Large Slime","floor":14,"turns":7},{"damage":40,"enemies":"The Guardian","floor":16,"turns":17},{"damage":10,"enemies":"Shell Parasite","floor":18,"turns":10},{"damage":19,"enemies":"Spheric Guardian","floor":20,"turns":7},{"damage":33,"enemies":"Snecko","floor":21,"turns":6}],"seed_played":"3580669081541624296","potions_obtained":[{"floor":11,"key":"AttackPotion"},{"floor":16,"key":"Explosive Potion"}],"is_trial":false,"path_per_floor":["M","?","M","?","$","R","M","R","T","?","M","$","R","M","R","B",null,"M","$","M"],"character_chosen":"THE_SILENT","items_purchased":["Dash","Backstab","Infinite Blades"],"campfire_rested":0,"item_purchase_floors":[5,12,19],"current_hp_per_floor":[59,59,58,58,58,58,54,54,54,54,48,48,48,44,44,4,46,36,36,17,0],"gold":21,"neow_bonus":"THREE_CARDS","is_prod":false,"is_daily":false,"chose_seed":false,"campfire_upgraded":4,"win_rate":0,"timestamp":1535347825,"path_taken":["M","?","?","?","?","R","M","R","T","?","M","$","R","?","R","BOSS","M","?","M","M"],"build_version":"2018-08-23v2","purchased_purges":2,"victory":false,"max_hp_per_floor":[66,66,66,60,60,60,60,60,60,60,60,60,60,60,60,60,60,60,60,60,60],"card_choices":[{"not_picked":["Caltrops","Accuracy"],"picked":"Quick Slash","floor":0},{"not_picked":["Dagger Spray","Expertise"],"picked":"Backflip","floor":1},{"not_picked":["Accuracy","Deflect","Underhanded Strike"],"picked":"SKIP","floor":3},{"not_picked":["Prepared","Deflect"],"picked":"Crippling Poison","floor":7},{"not_picked":["Outmaneuver","Bullet Time"],"picked":"Poisoned Stab","floor":11},{"not_picked":["Prepared","Underhanded Strike","Masterful Stab"],"picked":"SKIP","floor":14},{"not_picked":["Storm of Steel","Venomology"],"picked":"Tools of the Trade","floor":16},{"not_picked":["Acrobatics","Deflect+1"],"picked":"Sucker Punch+1","floor":18},{"not_picked":["Deflect","Reflex+1","Dagger Throw"],"picked":"SKIP","floor":20}],"player_experience":904820,"relics_obtained":[{"floor":9,"key":"Art of War"}],"event_choices":[{"event_name":"Golden Shrine","player_choice":"Pray","floor":2,"damage_taken":0},{"event_name":"Golden Idol","player_choice":"Lose Max HP","floor":4,"damage_taken":0},{"event_name":"Liars Game","player_choice":"disagreed","floor":10,"damage_taken":0}],"is_beta":true,"boss_relics":[{"not_picked":["Philosopher\u0027s Stone","Pandora\u0027s Box"],"picked":"Eternal Feather"}],"items_purged_floors":[12,19],"is_endless":false,"potions_floor_spawned":[11,16,18,20],"killed_by":"Snecko","ascension_level":19}