{"gold_per_floor":[211,226,242,167,182,209,209,238,264,264,264,27,27,27,27,120,120,145,163,163,11,11,11,24,24,24,24,42,76,88,100,112,214,226,263,0,33,45,75,87,113,125,137,149,180,192,204],"floor_reached":47,"playtime":2093,"items_purged":["Injury","Strike_R"],"score":902,"play_id":"33305a25-2876-4a34-91a9-553448c764f3","local_time":"20190425234458","is_ascension_mode":true,"campfire_choices":[{"data":"Carnage","floor":7,"key":"SMITH"},{"data":"True Grit","floor":10,"key":"SMITH"},{"data":"Juggernaut","floor":13,"key":"SMITH"},{"data":"Clothesline","floor":15,"key":"SMITH"},{"data":"Bash","floor":23,"key":"SMITH"},{"data":"Armaments","floor":27,"key":"SMITH"},{"data":"Juggernaut","floor":30,"key":"SMITH"},{"data":"Metallicize","floor":32,"key":"SMITH"},{"floor":40,"key":"REST"},{"floor":44,"key":"REST"},{"data":"Barricade","floor":46,"key":"SMITH"}],"neow_cost":"NONE","seed_source_timestamp":278363052292304,"circlet_count":0,"master_deck":["AscendersBane","Strike_R+1","Strike_R+1","Defend_R+1","Defend_R+1","Defend_R","Defend_R","Bash+1","Iron Wave","True Grit+1","Carnage+1","Clothesline+1","Juggernaut+1","Evolve","Juggernaut+1","Metallicize+1","Armaments+1","Disarm","Second Wind","Barricade+1","Flame Barrier+1","Body Slam","Pommel Strike+1","Disarm+1","Panacea","Flame Barrier+1"],"relics":["Burning Blood","Gremlin Horn","Bag of Marbles","War Paint","Golden Idol","Whetstone","Orichalcum","Mark of Pain","Bronze Scales","MawBank","Dream Catcher","Empty Cage","Red Mask"],"potions_floor_usage":[6,8,29,33,39,45,47],"damage_taken":[{"damage":4,"enemies":"2 Louse","floor":1,"turns":3},{"damage":2,"enemies":"Small Slimes","floor":2,"turns":5},{"damage":0,"enemies":"Cultist","floor":3,"turns":4},{"damage":13,"enemies":"3 Louse","floor":5,"turns":4},{"damage":23,"enemies":"3 Sentries","floor":6,"turns":10},{"damage":27,"enemies":"Gremlin Nob","floor":8,"turns":4},{"damage":8,"enemies":"The Guardian","floor":16,"turns":13},{"damage":5,"enemies":"2 Thieves","floor":18,"turns":4},{"damage":0,"enemies":"Spheric Guardian","floor":19,"turns":3},{"damage":0,"enemies":"Chosen and Byrds","floor":24,"turns":5},{"damage":2,"enemies":"Centurion and Healer","floor":28,"turns":5},{"damage":17,"enemies":"Book of Stabbing","floor":29,"turns":5},{"damage":13,"enemies":"Champ","floor":33,"turns":12},{"damage":15,"enemies":"3 Shapes","floor":35,"turns":4},{"damage":16,"enemies":"Orb Walker","floor":37,"turns":5},{"damage":47,"enemies":"3 Darklings","floor":39,"turns":5},{"damage":19,"enemies":"Transient","floor":41,"turns":6},{"damage":18,"enemies":"Writhing Mass","floor":45,"turns":6},{"damage":65,"enemies":"Reptomancer","floor":47,"turns":2}],"seed_played":"-1846605347216803961","potions_obtained":[{"floor":2,"key":"PowerPotion"},{"floor":5,"key":"Fire Potion"},{"floor":6,"key":"SpeedPotion"},{"floor":18,"key":"Poison Potion"},{"floor":19,"key":"Swift Potion"},{"floor":29,"key":"LiquidBronze"},{"floor":37,"key":"FairyPotion"},{"floor":39,"key":"Block Potion"},{"floor":45,"key":"SteroidPotion"}],"is_trial":false,"path_per_floor":["M","M","M","?","M","E","R","E","T","R","?","$","R","?","R","B",null,"M","M","?","$","?","R","M","?","T","R","M","E","R","?","R","B",null,"M","?","M","?","M","R","M","?","T","R","M","R","E"],"character_chosen":"IRONCLAD","items_purchased":["Whetstone","Armaments"],"campfire_rested":2,"item_purchase_floors":[12,21],"current_hp_per_floor":[70,74,75,75,68,51,51,30,30,30,30,30,30,19,19,17,61,62,68,68,68,68,68,74,74,74,74,75,64,64,64,64,57,71,62,62,52,52,11,32,19,19,19,40,28,28,0],"gold":204,"neow_bonus":"HUNDRED_GOLD","is_prod":false,"is_daily":false,"chose_seed":false,"campfire_upgraded":9,"win_rate":0,"timestamp":1556250298,"path_taken":["M","M","M","?","M","E","R","E","T","R","?","$","R","?","R","BOSS","M","M","?","$","?","R","M","?","T","R","?","E","R","?","R","BOSS","M","?","M","?","M","R","M","?","T","R","M","R","E"],"build_version":"2019-01-23","purchased_purges":2,"victory":false,"max_hp_per_floor":[75,75,75,75,75,75,75,75,75,75,75,75,75,75,75,75,75,75,75,75,75,75,75,75,75,75,75,75,75,75,75,75,75,75,75,75,75,71,71,71,71,71,71,71,71,71,71],"card_choices":[{"not_picked":["Warcry","True Grit"],"picked":"Iron Wave","floor":1},{"not_picked":["Seeing Red","Fire Breathing"],"picked":"True Grit","floor":2},{"not_picked":["Clash","Cleave"],"picked":"Carnage","floor":3},{"not_picked":["Wild Strike","Armaments"],"picked":"Clothesline","floor":5},{"not_picked":["Twin Strike","Disarm"],"picked":"Juggernaut","floor":6},{"not_picked":["Dropkick","Wild Strike"],"picked":"Evolve","floor":8},{"not_picked":["Impervious","Fiend Fire"],"picked":"Juggernaut","floor":16},{"not_picked":["Twin Strike","Thunderclap","Rampage+1"],"picked":"SKIP","floor":18},{"not_picked":["Heavy Blade","Headbutt","Intimidate"],"picked":"SKIP","floor":19},{"not_picked":["Second Wind","Demon Form"],"picked":"Disarm","floor":24},{"not_picked":["Thunderclap","Clash","Flex"],"picked":"SKIP","floor":28},{"not_picked":["Evolve","Perfected Strike","Warcry"],"picked":"SKIP","floor":29},{"not_picked":["Offering","Impervious"],"picked":"Barricade","floor":33},{"not_picked":["Warcry","Perfected Strike"],"picked":"Flame Barrier+1","floor":35},{"not_picked":["Wild Strike","Clothesline"],"picked":"Body Slam","floor":37},{"not_picked":["Twin Strike","True Grit"],"picked":"Pommel Strike+1","floor":39},{"not_picked":["Anger+1","Cleave"],"picked":"Disarm+1","floor":40},{"not_picked":["Thunderclap+1","Anger","Searing Blow"],"picked":"SKIP","floor":41},{"not_picked":["HandOfGreed","Dramatic Entrance"],"picked":"Panacea","floor":42},{"not_picked":["Power Through","Evolve"],"picked":"Flame Barrier+1","floor":44},{"not_picked":["Thunderclap","Pommel Strike","Perfected Strike"],"picked":"SKIP","floor":45}],"player_experience":1931926,"relics_obtained":[{"floor":6,"key":"Gremlin Horn"},{"floor":8,"key":"Bag of Marbles"},{"floor":9,"key":"War Paint"},{"floor":26,"key":"Bronze Scales"},{"floor":29,"key":"MawBank"}],"event_choices":[{"cards_removed":["Strike_R"],"damage_healed":0,"gold_gain":0,"player_choice":"Card Removal","damage_taken":0,"max_hp_gain":0,"max_hp_loss":0,"event_name":"The Cleric","floor":4,"gold_loss":75},{"damage_healed":0,"gold_gain":0,"player_choice":"Take Wound","damage_taken":0,"relics_obtained":["Golden Idol"],"max_hp_gain":0,"max_hp_loss":0,"event_name":"Golden Idol","floor":11,"gold_loss":0,"cards_obtained":["Injury"]},{"damage_healed":0,"gold_gain":0,"player_choice":"Success","damage_taken":11,"relics_obtained":["Orichalcum"],"max_hp_gain":0,"max_hp_loss":0,"event_name":"Scrap Ooze","floor":14,"gold_loss":0},{"damage_healed":0,"gold_gain":0,"player_choice":"Read","damage_taken":0,"max_hp_gain":0,"max_hp_loss":0,"event_name":"The Library","floor":20,"gold_loss":0,"cards_obtained":["Metallicize"]},{"damage_healed":0,"gold_gain":0,"player_choice":"Ignored","damage_taken":0,"max_hp_gain":0,"max_hp_loss":0,"event_name":"Vampires","floor":22,"gold_loss":0},{"damage_healed":0,"gold_gain":0,"player_choice":"1 cards matched","damage_taken":0,"max_hp_gain":0,"max_hp_loss":0,"event_name":"Match and Keep!","floor":25,"gold_loss":0,"cards_obtained":["Second Wind"]},{"damage_healed":0,"gold_gain":0,"player_choice":"Opened","damage_taken":0,"relics_obtained":["Dream Catcher"],"max_hp_gain":0,"max_hp_loss":0,"event_name":"The Mausoleum","floor":31,"gold_loss":0,"cards_obtained":["Writhe"]},{"damage_healed":0,"gold_gain":0,"player_choice":"Paid","damage_taken":0,"relics_obtained":["Red Mask"],"max_hp_gain":0,"max_hp_loss":0,"event_name":"Tomb of Lord Red Mask","floor":36,"gold_loss":275},{"damage_healed":0,"gold_gain":0,"player_choice":"Max HP","damage_taken":0,"max_hp_gain":0,"max_hp_loss":4,"event_name":"Winding Halls","floor":38,"gold_loss":0},{"damage_healed":0,"gold_gain":0,"player_choice":"Memory 1","damage_taken":0,"max_hp_gain":0,"max_hp_loss":0,"event_name":"SensoryStone","floor":42,"gold_loss":0}],"is_beta":false,"boss_relics":[{"not_picked":["Black Blood","Runic Pyramid"],"picked":"Mark of Pain"},{"not_picked":["Black Star","Astrolabe"],"picked":"Empty Cage"}],"items_purged_floors":[12,21],"is_endless":false,"potions_floor_spawned":[2,5,6,18,19,24,29,37,39,45],"killed_by":"Reptomancer","ascension_level":20}