{"gold_per_floor":[211,211,227,237,11,36,36,62,130,130,130,141,141,159,159,258,258,270,270,63,89,89,123,123,157,213,213,223,258,272,286,286,389,389,401,421,46,65,83,83,117,151,151,170,198,86,86],"floor_reached":47,"playtime":5616,"items_purged":["Streamline"],"score":785,"play_id":"21ac0d5a-8c22-44f2-a98d-e4e7579ad0b7","local_time":"20190420125317","is_ascension_mode":true,"campfire_choices":[{"data":"Go for the Eyes","floor":7.0,"key":"SMITH"},{"floor":10.0,"key":"REST"},{"data":"Magnetism","floor":13.0,"key":"SMITH"},{"floor":15.0,"key":"REST"},{"floor":24.0,"key":"REST"},{"floor":27.0,"key":"RECALL"},{"floor":32.0,"key":"REST"},{"floor":40.0,"key":"REST"}],"neow_cost":"NONE","seed_source_timestamp":0,"circlet_count":0,"master_deck":["Strike_B+1","Strike_B+1","Defend_B","Defend_B","Defend_B+1","Defend_B","Zap","Dualcast","Go for the Eyes+1","Consume","Sweeping Beam","Self Repair","Magnetism+1","Conserve Battery","Reprogram+1","Reinforced Body","Chill","Creative AI","Cold Snap","Pain","Defragment","Force Field","Genetic Algorithm+1","Consume","FTL","Electrodynamics","Clumsy","Injury","Normality","Redo+1","Turbo+1","Reprogram+1","Glacier+1","Doom and Gloom","Hologram+1"],"special_seed":0,"relics":["Cracked Core","StoneCalendar","Orichalcum","Cables","Fusion Hammer","Runic Capacitor","WarpedTongs","Du-Vu Doll","Anchor","Tiny Chest","WingedGreaves","Calling Bell","Dream Catcher","Blue Candle","Bird Faced Urn","Bronze Scales","Whetstone","Gremlin Horn","War Paint","Shuriken","Pen Nib","Boot"],"potions_floor_usage":[47,47],"damage_taken":[{"damage":0.0,"enemies":"2 Louse","floor":1.0,"turns":3.0},{"damage":1.0,"enemies":"Cultist","floor":3.0,"turns":4.0},{"damage":2.0,"enemies":"Jaw Worm","floor":4.0,"turns":4.0},{"damage":38.0,"enemies":"Lagavulin","floor":6.0,"turns":8.0},{"damage":11.0,"enemies":"Gremlin Nob","floor":8.0,"turns":4.0},{"damage":15.0,"enemies":"Exordium Thugs","floor":12.0,"turns":4.0},{"damage":12.0,"enemies":"3 Louse","floor":14.0,"turns":4.0},{"damage":8.0,"enemies":"Slime Boss","floor":16.0,"turns":7.0},{"damage":16.0,"enemies":"Spheric Guardian","floor":18.0,"turns":4.0},{"damage":24.0,"enemies":"Slavers","floor":23.0,"turns":7.0},{"damage":24.0,"enemies":"Book of Stabbing","floor":25.0,"turns":7.0},{"damage":3.0,"enemies":"3 Byrds","floor":28.0,"turns":6.0},{"damage":3.0,"enemies":"Gremlin Leader","floor":29.0,"turns":7.0},{"damage":9.0,"enemies":"Snecko","floor":30.0,"turns":6.0},{"damage":12.0,"enemies":"Chosen and Byrds","floor":31.0,"turns":7.0},{"damage":17.0,"enemies":"Automaton","floor":33.0,"turns":10.0},{"damage":0.0,"enemies":"Orb Walker","floor":35.0,"turns":2.0},{"damage":25.0,"enemies":"3 Darklings","floor":36.0,"turns":4.0},{"damage":21.0,"enemies":"Transient","floor":38.0,"turns":5.0},{"damage":17.0,"enemies":"Maw","floor":39.0,"turns":7.0},{"damage":10.0,"enemies":"Giant Head","floor":41.0,"turns":9.0},{"damage":13.0,"enemies":"Reptomancer","floor":42.0,"turns":7.0},{"damage":1.0,"enemies":"3 Darklings","floor":44.0,"turns":5.0},{"damage":42.0,"enemies":"Giant Head","floor":45.0,"turns":9.0},{"damage":66,"enemies":"Reptomancer","floor":47,"turns":2}],"seed_played":"-639464664514242181","potions_obtained":[{"floor":1.0,"key":"Ancient Potion"},{"floor":3.0,"key":"Strength Potion"},{"floor":4.0,"key":"Ancient Potion"},{"floor":25.0,"key":"Swift Potion"},{"floor":28.0,"key":"Ancient Potion"},{"floor":33.0,"key":"Block Potion"},{"floor":38.0,"key":"PowerPotion"},{"floor":41.0,"key":"AttackPotion"},{"floor":44.0,"key":"LiquidBronze"}],"is_trial":false,"path_per_floor":["M","?","M","M","$","E","R","E","T","R","$","M","R","M","R","B",null,"M","?","$","T","?","E","R","E","T","R","M","E","M","M","R","B",null,"M","M","$","M","M","R","E","E","T","M","E","?","E"],"character_chosen":"DEFECT","items_purchased":["Self Repair","Magnetism","Runic Capacitor","Bronze Scales","Whetstone"],"campfire_rested":5,"item_purchase_floors":[5,5,20,37,37],"current_hp_per_floor":[75,75,74,72,72,41,41,37,37,59,59,51,51,46,68,67,75,66,66,66,66,66,49,71,57,57,57,64,68,66,64,75,65,75,75,58,58,50,54,75,75,75,75,75,45,45,0],"gold":86,"neow_bonus":"HUNDRED_GOLD","is_prod":false,"is_daily":false,"chose_seed":false,"campfire_upgraded":2,"win_rate":0,"timestamp":1555761197,"path_taken":["M","?","?","M","$","E","R","E","T","R","$","M","R","M","R","BOSS","M","?","$","?","?","E","R","E","T","R","M","E","M","M","R","BOSS","M","?","$","M","M","R","E","E","T","M","E","?","E"],"build_version":"2019-01-23","purchased_purges":1,"victory":false,"max_hp_per_floor":[75,75,75,75,75,75,75,75,75,75,75,75,75,75,75,75,75,75,75,75,75,75,75,75,75,75,75,75,75,75,75,75,75,75,75,75,75,75,75,75,75,75,75,75,75,75,75],"card_choices":[{"not_picked":["Tempest","Turbo"],"picked":"Go for the Eyes","floor":1.0},{"not_picked":["Go for the Eyes","Force Field"],"picked":"Consume","floor":3.0},{"not_picked":["Go for the Eyes","Compile Driver"],"picked":"Sweeping Beam","floor":4.0},{"not_picked":["Go for the Eyes","Consume"],"picked":"Conserve Battery","floor":6.0},{"not_picked":["Barrage","Stack"],"picked":"Reprogram","floor":8.0},{"not_picked":["Ball Lightning","Gash"],"picked":"Reinforced Body","floor":12.0},{"not_picked":["BootSequence","Lockon"],"picked":"Chill","floor":14.0},{"not_picked":["All For One","Meteor Strike"],"picked":"Creative AI","floor":16.0},{"not_picked":["Self Repair","Hologram"],"picked":"Cold Snap","floor":18.0},{"not_picked":["Hologram","All For One"],"picked":"Defragment","floor":23.0},{"not_picked":["Blizzard","Meteor Strike"],"picked":"Force Field","floor":25.0},{"not_picked":["Gash","Streamline"],"picked":"Genetic Algorithm+1","floor":28.0},{"not_picked":["Darkness","Double Energy"],"picked":"Consume","floor":29.0},{"not_picked":["Hologram+1","Blizzard"],"picked":"FTL","floor":30.0},{"not_picked":["Ball Lightning","Gash","Barrage"],"picked":"SKIP","floor":31.0},{"not_picked":["Biased Cognition","All For One"],"picked":"Electrodynamics","floor":33.0},{"not_picked":["Consume","Darkness+1"],"picked":"Redo+1","floor":35.0},{"not_picked":["Double Energy+1","Tempest"],"picked":"Turbo+1","floor":36.0},{"not_picked":["Gash+1","Redo"],"picked":"Reprogram+1","floor":38.0},{"not_picked":["Turbo+1","Stack+1"],"picked":"Glacier+1","floor":39.0},{"not_picked":["Double Energy+1","Rebound"],"picked":"Doom and Gloom","floor":40.0},{"not_picked":["Double Energy","Hyperbeam","Darkness"],"picked":"SKIP","floor":41.0},{"not_picked":["Sweeping Beam","Blizzard+1","Tempest+1"],"picked":"SKIP","floor":42.0},{"not_picked":["Stack","Ball Lightning+1","Sweeping Beam+1"],"picked":"SKIP","floor":44.0},{"not_picked":["Genetic Algorithm+1","Streamline+1"],"picked":"Hologram+1","floor":45.0}],"player_experience":164197,"relics_obtained":[{"floor":6.0,"key":"StoneCalendar"},{"floor":8.0,"key":"Orichalcum"},{"floor":9.0,"key":"Cables"},{"floor":23.0,"key":"Du-Vu Doll"},{"floor":25.0,"key":"Anchor"},{"floor":26.0,"key":"Tiny Chest"},{"floor":29.0,"key":"WingedGreaves"},{"floor":34.0,"key":"Dream Catcher"},{"floor":34.0,"key":"Blue Candle"},{"floor":34.0,"key":"Bird Faced Urn"},{"floor":41.0,"key":"Gremlin Horn"},{"floor":42.0,"key":"War Paint"},{"floor":43.0,"key":"Shuriken"},{"floor":45.0,"key":"Pen Nib"}],"event_choices":[{"cards_removed":["Strike_B"],"damage_healed":0.0,"max_hp_gain":0.0,"max_hp_loss":0.0,"gold_gain":0.0,"event_name":"Bonfire Elementals","player_choice":"Offered Basic","floor":2.0,"gold_loss":0.0,"damage_taken":0.0},{"damage_healed":0.0,"max_hp_gain":0.0,"max_hp_loss":0.0,"gold_gain":0.0,"cards_transformed":["Strike_B"],"event_name":"Transmorgrifier","player_choice":"Transformed","floor":19.0,"gold_loss":0.0,"damage_taken":0.0,"cards_obtained":["Streamline"]},{"damage_healed":0.0,"max_hp_gain":0.0,"max_hp_loss":0.0,"gold_gain":0.0,"event_name":"Accursed Blacksmith","player_choice":"Rummage","floor":22.0,"gold_loss":0.0,"damage_taken":0.0,"relics_obtained":["WarpedTongs"],"cards_obtained":["Pain"]},{"damage_healed":0.0,"max_hp_gain":0.0,"max_hp_loss":0.0,"gold_gain":0.0,"event_name":"WeMeetAgain","player_choice":"Paid Gold","floor":46.0,"gold_loss":112.0,"damage_taken":0.0,"relics_obtained":["Boot"]}],"is_beta":false,"boss_relics":[{"not_picked":["White Beast Statue","Empty Cage"],"picked":"Fusion Hammer"},{"not_picked":["Snecko Eye","Astrolabe"],"picked":"Calling Bell"}],"items_purged_floors":[37],"is_endless":false,"potions_floor_spawned":[1,3,4,25,28,33,35,38,41,44],"killed_by":"Reptomancer","ascension_level":4}