{"gold_per_floor":[111,123,123,48,58,86,86,14,64,64,97,112,123,123,123,253,253,272,197,210,210,3,3,37,37,92,92],"floor_reached":27,"playtime":1122,"items_purged":[],"score":349,"play_id":"b220bdfe-6dac-49ea-8f1e-58e06e1b1296","local_time":"20180916155741","is_ascension_mode":true,"campfire_choices":[{"data":"Electrodynamics","floor":7,"key":"SMITH"},{"data":"Hello World","floor":10,"key":"SMITH"},{"data":"Capacitor","floor":15,"key":"SMITH"},{"data":"Creative AI","floor":23,"key":"SMITH"}],"neow_cost":"","seed_source_timestamp":151883620714637,"circlet_count":0,"master_deck":["Strike_B","Strike_B","Strike_B","Strike_B","Defend_B","Defend_B","Defend_B","Zap","Dualcast","Chill","Capacitor+1","Blizzard","Hello World+1","Cold Snap","Electrodynamics+1","Melter","Buffer","Rebound","Creative AI+1","Stack+1","Conserve Battery+1","Static Discharge"],"relics":["Cracked Core","Smiling Mask","Strawberry","Omamori","Golden Idol","Inserter","PrismaticShard","Boot","Tiny Chest"],"potions_floor_usage":[6,18,20,21,24],"damage_taken":[{"damage":0,"enemies":"Small Slimes","floor":1,"turns":3},{"damage":0,"enemies":"Cultist","floor":2,"turns":3},{"damage":0,"enemies":"2 Louse","floor":5,"turns":2},{"damage":14,"enemies":"Gremlin Nob","floor":6,"turns":4},{"damage":8,"enemies":"Lagavulin","floor":11,"turns":5},{"damage":19,"enemies":"Exordium Thugs","floor":12,"turns":2},{"damage":1,"enemies":"Looter","floor":13,"turns":4},{"damage":0,"enemies":"Slime Boss","floor":16,"turns":7},{"damage":0,"enemies":"Spheric Guardian","floor":18,"turns":2},{"damage":10,"enemies":"Chosen","floor":20,"turns":6},{"damage":0,"enemies":"Centurion and Healer","floor":21,"turns":1},{"damage":36,"enemies":"Slavers","floor":24,"turns":3},{"damage":22,"enemies":"Colosseum Slavers","floor":25,"turns":4},{"damage":26,"enemies":"Snake Plant","floor":27,"turns":2}],"seed_played":"3154772655870492477","potions_obtained":[{"floor":1,"key":"SmokeBomb"},{"floor":5,"key":"PowerPotion"},{"floor":6,"key":"FearPotion"},{"floor":12,"key":"GamblersBrew"},{"floor":13,"key":"AttackPotion"},{"floor":16,"key":"FocusPotion"},{"floor":18,"key":"SkillPotion"},{"floor":24,"key":"FairyPotion"}],"is_trial":false,"path_per_floor":["M","M","?","$","M","E","R","$","T","R","E","M","M","?","R","B",null,"M","?","M","M","$","R","E","?","T"],"character_chosen":"DEFECT","items_purchased":["Hello World","FocusPotion","PrismaticShard"],"campfire_rested":0,"item_purchase_floors":[4,8,22],"current_hp_per_floor":[75,75,75,75,75,61,61,61,68,68,60,41,40,20,20,20,82,82,82,72,72,72,72,36,14,14,0],"gold":92,"neow_bonus":"","is_prod":false,"is_daily":false,"chose_seed":false,"campfire_upgraded":4,"win_rate":0,"timestamp":1537127861,"path_taken":["M","M","?","?","M","E","R","$","T","R","E","M","M","?","R","BOSS","M","?","M","M","$","R","E","?","T","?"],"build_version":"2018-09-06","purchased_purges":0,"victory":false,"max_hp_per_floor":[75,75,75,75,75,75,75,75,82,82,82,82,82,82,82,82,82,82,82,82,82,82,82,82,82,82,82],"card_choices":[{"not_picked":["BootSequence","Beam Cell"],"picked":"Chill","floor":1},{"not_picked":["Streamline","Leap"],"picked":"Capacitor","floor":2},{"not_picked":["Coolheaded","Steam Power"],"picked":"Cold Snap","floor":5},{"not_picked":["Gash","Stack"],"picked":"Electrodynamics","floor":6},{"not_picked":["Streamline","Double Energy"],"picked":"Melter","floor":11},{"not_picked":["Ball Lightning","Barrage"],"picked":"Buffer","floor":12},{"not_picked":["Hologram","Compile Driver"],"picked":"Rebound","floor":13},{"not_picked":["Multi-Cast","Electrodynamics"],"picked":"Creative AI","floor":16},{"not_picked":["Redo","Sweeping Beam"],"picked":"Stack+1","floor":18},{"not_picked":["Compile Driver","Gash+1"],"picked":"Conserve Battery+1","floor":20},{"not_picked":["Leap","Sucker Punch"],"picked":"Static Discharge","floor":24}],"player_experience":1009269,"relics_obtained":[{"floor":6,"key":"Smiling Mask"},{"floor":9,"key":"Strawberry"},{"floor":11,"key":"Omamori"},{"floor":24,"key":"Boot"},{"floor":26,"key":"Tiny Chest"}],"event_choices":[{"event_name":"Match and Keep!","player_choice":"1 cards matched","floor":3,"damage_taken":0},{"event_name":"Golden Idol","player_choice":"Take Damage","floor":14,"damage_taken":0},{"event_name":"Beggar","player_choice":"Gave Gold","floor":19,"damage_taken":0},{"event_name":"Colosseum","player_choice":"Fight","floor":25,"damage_taken":0},{"event_name":"Colosseum","player_choice":"Fled From Nobs","floor":25,"damage_taken":0}],"is_beta":false,"boss_relics":[{"not_picked":["Lizard Tail","White Beast Statue"],"picked":"Inserter"}],"items_purged_floors":[],"is_endless":false,"potions_floor_spawned":[1,5,6,12,13,16,18,24,25],"killed_by":"Snake Plant","ascension_level":4}