{"gold_per_floor":[113,113,113,113,86,96,123,143,168,201,201,213,213,233,233,333,333,350,110,126,126,126,126,154,154,154,167,167,177,194,208,208,208],"floor_reached":33,"playtime":1235,"items_purged":[],"score":302,"play_id":"31dcc365-10b8-43f3-94b8-94c6f4891662","local_time":"20190314120114","is_ascension_mode":false,"campfire_choices":[{"floor":13.0,"key":"REST"},{"floor":15.0,"key":"REST"},{"data":"Burst","floor":23,"key":"SMITH"},{"floor":28,"key":"REST"},{"floor":32,"key":"REST"}],"neow_cost":"NONE","seed_source_timestamp":117288833971579,"circlet_count":0,"master_deck":["Defend_G","Defend_G","Defend_G","Defend_G","Defend_G","Strike_G","Strike_G","Strike_G","Strike_G","Survivor+1","Neutralize","Noxious Fumes+1","Crippling Poison","Deadly Poison","Flying Knee","Poisoned Stab","All Out Attack","Parasite","Outmaneuver","Malaise","Dagger Spray+1","Burst+1","Caltrops","Deadly Poison","Writhe"],"special_seed":0,"relics":["Ring of the Snake","NeowsBlessing","Anchor","Centennial Puzzle","Oddly Smooth Stone","Ancient Tea Set","Busted Crown","Pen Nib","Bronze Scales","Bottled Flame"],"potions_floor_usage":[24,33],"damage_taken":[{"damage":0.0,"enemies":"Small Slimes","floor":1.0,"turns":1.0},{"damage":0.0,"enemies":"Jaw Worm","floor":6.0,"turns":1.0},{"damage":0.0,"enemies":"3 Sentries","floor":7.0,"turns":1.0},{"damage":0.0,"enemies":"Cultist","floor":8.0,"turns":3.0},{"damage":18.0,"enemies":"Gremlin Nob","floor":10.0,"turns":4.0},{"damage":0.0,"enemies":"Lots of Slimes","floor":12.0,"turns":2.0},{"damage":6.0,"enemies":"Blue Slaver","floor":14.0,"turns":3.0},{"damage":30.0,"enemies":"Hexaghost","floor":16.0,"turns":7.0},{"damage":0.0,"enemies":"3 Byrds","floor":18.0,"turns":4.0},{"damage":14.0,"enemies":"2 Thieves","floor":20.0,"turns":4.0},{"damage":24,"enemies":"Gremlin Leader","floor":24,"turns":6},{"damage":11,"enemies":"Shelled Parasite and Fungi","floor":27,"turns":4},{"damage":6,"enemies":"Centurion and Healer","floor":29,"turns":4},{"damage":14,"enemies":"Snecko","floor":30,"turns":5},{"damage":12,"enemies":"Shelled Parasite and Fungi","floor":31,"turns":5},{"damage":46,"enemies":"Collector","floor":33,"turns":7}],"seed_played":"-6560786904121480536","potions_obtained":[{"floor":6.0,"key":"Energy Potion"},{"floor":12.0,"key":"SteroidPotion"},{"floor":14.0,"key":"AttackPotion"},{"floor":20.0,"key":"LiquidBronze"},{"floor":24,"key":"Dexterity Potion"},{"floor":27,"key":"Fire Potion"}],"is_trial":false,"path_per_floor":["M","?","?","?","$","M","E","M","T","E","?","M","R","M","R","B",null,"M","$","M","?","?","R","E","T","T","M","R","M","M","M","R","B"],"character_chosen":"THE_SILENT","items_purchased":["Deadly Poison","Burst","Caltrops"],"campfire_rested":4,"item_purchase_floors":[5,19,19],"current_hp_per_floor":[70,56,38,38,38,38,38,38,38,20,37,37,58,52,70,40,70,70,70,56,56,70,70,46,46,46,35,56,50,36,24,45,0],"gold":208,"neow_bonus":"THREE_ENEMY_KILL","is_prod":false,"is_daily":false,"chose_seed":false,"campfire_upgraded":1,"win_rate":0,"timestamp":1552579274,"path_taken":["M","?","?","?","$","M","E","M","T","E","?","M","R","M","R","BOSS","M","$","M","?","?","R","E","?","T","M","R","?","M","M","R","BOSS"],"build_version":"2019-01-23","purchased_purges":0,"victory":false,"max_hp_per_floor":[70,70,70,70,70,70,70,70,70,70,70,70,70,70,70,70,70,70,70,70,70,70,70,70,70,70,70,70,70,70,70,70,70],"card_choices":[{"not_picked":["Underhanded Strike","Flying Knee"],"picked":"Noxious Fumes","floor":1.0},{"not_picked":["Quick Slash","Deflect"],"picked":"Flying Knee","floor":6.0},{"not_picked":["Expertise","Eviscerate"],"picked":"Poisoned Stab","floor":7.0},{"not_picked":["Crippling Poison","Skewer","Predator"],"picked":"SKIP","floor":8.0},{"not_picked":["Deflect","Underhanded Strike"],"picked":"All Out Attack","floor":10.0},{"not_picked":["Quick Slash","Underhanded Strike"],"picked":"Outmaneuver","floor":12.0},{"not_picked":["Masterful Stab","Prepared","Underhanded Strike"],"picked":"SKIP","floor":14.0},{"not_picked":["Unload","Venomology"],"picked":"Malaise","floor":16.0},{"not_picked":[],"picked":"Dagger Spray+1","floor":18.0},{"not_picked":[],"picked":"Deadly Poison","floor":20.0},{"not_picked":["Slice"],"picked":"SKIP","floor":24},{"not_picked":["Flying Knee"],"picked":"SKIP","floor":27},{"not_picked":["Crippling Poison"],"picked":"SKIP","floor":29},{"not_picked":["Poisoned Stab"],"picked":"SKIP","floor":30},{"not_picked":["Dagger Throw"],"picked":"SKIP","floor":31}],"player_experience":663213,"relics_obtained":[{"floor":7.0,"key":"Centennial Puzzle"},{"floor":9.0,"key":"Oddly Smooth Stone"},{"floor":10.0,"key":"Ancient Tea Set"},{"floor":24,"key":"Bronze Scales"},{"floor":26,"key":"Bottled Flame"}],"event_choices":[{"damage_healed":0.0,"max_hp_gain":0.0,"max_hp_loss":0.0,"gold_gain":0.0,"event_name":"Shining Light","player_choice":"Entered Light","floor":2.0,"gold_loss":0.0,"damage_taken":14.0,"cards_upgraded":["Survivor","Noxious Fumes"]},{"damage_healed":0.0,"max_hp_gain":0.0,"max_hp_loss":0.0,"gold_gain":0.0,"event_name":"Scrap Ooze","player_choice":"Success","floor":3.0,"gold_loss":0.0,"damage_taken":18.0,"relics_obtained":["Anchor"]},{"damage_healed":0.0,"max_hp_gain":0.0,"max_hp_loss":0.0,"gold_gain":0.0,"cards_transformed":["Strike_G"],"event_name":"Living Wall","player_choice":"Change","floor":4.0,"gold_loss":0.0,"damage_taken":0.0,"cards_obtained":["Crippling Poison"]},{"damage_healed":17.0,"max_hp_gain":0.0,"max_hp_loss":0.0,"gold_gain":0.0,"event_name":"Mushrooms","player_choice":"Healed and dodged fight","floor":11.0,"gold_loss":0.0,"damage_taken":0.0,"cards_obtained":["Parasite"]},{"damage_healed":0.0,"max_hp_gain":0.0,"max_hp_loss":0.0,"gold_gain":0.0,"event_name":"The Mausoleum","player_choice":"Opened","floor":21.0,"gold_loss":0.0,"damage_taken":0.0,"relics_obtained":["Pen Nib"],"cards_obtained":["Writhe"]},{"damage_healed":23,"gold_gain":0,"player_choice":"Heal","damage_taken":0,"max_hp_gain":0,"max_hp_loss":0,"event_name":"The Library","floor":22,"gold_loss":0}],"is_beta":false,"boss_relics":[{"not_picked":["Velvet Choker","WristBlade"],"picked":"Busted Crown"}],"items_purged_floors":[],"is_endless":false,"potions_floor_spawned":[6,12,14,20,24,27],"killed_by":"Collector","ascension_level":0}