{"path_per_floor":["M","?","?","M","?","R","E","R","T","E","R","T","M","M","R","B",null,"M","?","$","M","M","E","R","?","T","R","?","M","E","M","R","B",null,"M","M","M","$","?","E","R","E","T","M","$","M","M","M","R","B"],"character_chosen":"IRONCLAD","items_purchased":["Clothesline","War Paint","Molten Egg 2","Heavy Blade","Bandage Up","Headbutt","Inflame","Pommel Strike","Body Slam"],"gold_per_floor":[114,114,166,180,180,180,215,215,238,273,273,299,318,334,334,432,432,416,416,240,252,265,295,295,220,220,220,220,235,269,288,288,389,389,405,420,437,27,27,62,62,91,166,185,48,68,80,90,90,90],"floor_reached":51,"campfire_rested":0,"playtime":3955,"current_hp_per_floor":[80,80,80,80,64,64,56,56,56,58,58,58,64,67,67,48,80,77,77,77,80,77,49,49,49,49,49,49,31,45,54,54,51,97,96,97,97,97,87,54,54,54,54,66,66,78,77,73,73,39],"items_purged":[],"gold":90,"play_id":"ff966ac3-17e9-4aa7-be74-00626a1ed9dc","is_prod":false,"is_daily":false,"is_ascension_mode":true,"campfire_upgraded":6,"path_taken":["M","?","?","M","?","R","E","R","T","E","R","?","?","M","R","BOSS","M","?","$","?","M","E","R","?","T","R","?","?","E","M","R","BOSS","M","M","?","$","?","E","R","E","T","M","?","M","?","M","R","BOSS"],"build_version":"2018-02-01-PROD3","purchased_purges":2,"victory":true,"master_deck":["Strike_R","Strike_R","Strike_R+1","Defend_R","Defend_R+1","Defend_R+1","Defend_R","Bash+1","Bludgeon+1","Demon Form+1","Shrug It Off+1","Inflame+1","Shockwave+1","Body Slam+1","Clothesline+1","Pommel Strike+1","Spot Weakness+1","Searing Blow+1","Hemokinesis+1","Sword Boomerang+1","Limit Break+1","Pummel+1","Thunderclap+1","Heavy Blade+1","Bandage Up","Headbutt+1","Madness","Madness","Heavy Blade+1","Feed+1","Inflame","Pommel Strike+1","Body Slam+1","Cleave+1","Dual Wield+1"],"max_hp_per_floor":[80,80,80,80,80,80,80,80,80,80,80,80,80,80,80,80,80,80,80,80,80,80,90,90,90,90,90,90,90,97,97,97,97,97,97,97,97,97,97,97,97,97,97,97,97,97,101,101,101,105],"relics":["Burning Blood","Centennial Puzzle","Bag of Preparation","Girya","Dream Catcher","Black Star","Pen Nib","War Paint","Pear","Gremlin Horn","Magic Flower","Bronze Scales","Strawberry","Mark of Pain","Molten Egg 2","Ginger","Dead Branch","Blood Vial","Regal Pillow","Bottled Lightning"],"card_choices":[{"not_picked":["Infernal Blade","Sword Boomerang"],"picked":"Demon Form"},{"not_picked":["Perfected Strike","Dark Embrace"],"picked":"Shrug It Off"},{"not_picked":["Seeing Red","Body Slam"],"picked":"Inflame"},{"not_picked":["Infernal Blade","Cleave"],"picked":"Shockwave"},{"not_picked":["Pommel Strike","Wild Strike"],"picked":"Body Slam"},{"not_picked":["Sword Boomerang","Havoc"],"picked":"Pommel Strike"},{"not_picked":["Havoc","Clothesline"],"picked":"Spot Weakness"},{"not_picked":["Burning Pact","Pommel Strike"],"picked":"Searing Blow"},{"not_picked":["Dual Wield","Rage"],"picked":"Hemokinesis"},{"not_picked":["Wild Strike","Disarm"],"picked":"Sword Boomerang"},{"not_picked":["Reaper","Berserk"],"picked":"Limit Break"},{"not_picked":["Perfected Strike","Clothesline"],"picked":"Pummel"},{"not_picked":["Warcry","Pommel Strike"],"picked":"Thunderclap"},{"not_picked":["Spot Weakness","Sever Soul"],"picked":"Heavy Blade"},{"not_picked":["Warcry","Burning Pact"],"picked":"Feed"},{"not_picked":["Perfected Strike","Combust"],"picked":"Cleave"},{"not_picked":["Fiend Fire","Iron Wave"],"picked":"Dual Wield"}],"player_experience":112361,"potions_floor_usage":[10,22,22,22,36,50,50,50],"damage_taken":[{"damage":4,"enemies":"Jaw Worm","floor":1,"turns":4},{"damage":4,"enemies":"2 Louse","floor":4,"turns":3},{"damage":14,"enemies":"Gremlin Nob","floor":7,"turns":3},{"damage":4,"enemies":"3 Sentries","floor":10,"turns":5},{"damage":0,"enemies":"Small Slimes","floor":13,"turns":2},{"damage":3,"enemies":"Exordium Wildlife","floor":14,"turns":4},{"damage":25,"enemies":"The Guardian","floor":16,"turns":8},{"damage":9,"enemies":"2 Thieves","floor":18,"turns":4},{"damage":2,"enemies":"Shell Parasite","floor":21,"turns":6},{"damage":9,"enemies":"Chosen and Byrds","floor":22,"turns":5},{"damage":44,"enemies":"Book of Stabbing","floor":23,"turns":6},{"damage":27,"enemies":"Cultist and Chosen","floor":29,"turns":5},{"damage":2,"enemies":"Gremlin Leader","floor":30,"turns":4},{"damage":0,"enemies":"Snecko","floor":31,"turns":3},{"damage":12,"enemies":"Automaton","floor":33,"turns":6},{"damage":10,"enemies":"3 Darklings","floor":35,"turns":3},{"damage":4,"enemies":"3 Shapes","floor":36,"turns":2},{"damage":3,"enemies":"Sphere and 2 Shapes","floor":37,"turns":1},{"damage":48,"enemies":"Nemesis","floor":40,"turns":7},{"damage":9,"enemies":"Giant Head","floor":42,"turns":4},{"damage":6,"enemies":"4 Shapes","floor":44,"turns":2},{"damage":0,"enemies":"3 Darklings","floor":46,"turns":1},{"damage":19,"enemies":"Maw","floor":47,"turns":3},{"damage":22,"enemies":"Sphere and 2 Shapes","floor":48,"turns":3},{"damage":58,"enemies":"Donu and Deca","floor":50,"turns":4}],"event_choices":[{"event_name":"Living Wall","player_choice":"Change","floor":2,"damage_taken":0},{"event_name":"Golden Wing","player_choice":"Gained Gold","floor":3,"damage_taken":0},{"event_name":"Shining Light","player_choice":"Entered Light","floor":5,"damage_taken":0},{"event_name":"The Mausoleum","player_choice":"Yes","floor":19,"damage_taken":0},{"event_name":"Beggar","player_choice":"Gave Gold","floor":25,"damage_taken":0},{"event_name":"Upgrade Shrine","player_choice":"Upgraded","floor":28,"damage_taken":0},{"event_name":"Winding Halls","player_choice":"Embrace Madness","floor":39,"damage_taken":0}],"boss_relics":[{"not_picked":["Tiny House","Velvet Choker"],"picked":"Black Star"},{"not_picked":["Snecko Eye","Philosopher\u0027s Stone"],"picked":"Mark of Pain"}],"potions_floor_spawned":[1,7,14,16,18,21,29,35,36,40,42,46],"seed_played":"-3694246227266124739","ascension_level":1,"is_trial":false}