{"gold_per_floor":[115,115,131,206,206,206,234,251,251,251,283,13,45,63,63,142,142,160,170,170,196,59,59,89,89,112,126,1,29,29,46,46,117,117,133,355,373,373,390,390,405,405,405,421,451,465,28,38,38,38],"floor_reached":50,"playtime":2244,"items_purged":["Eviscerate","Writhe","Decay"],"score":1210,"play_id":"df40cd4b-c198-4e39-8f2f-5586dcd0b912","local_time":"20190219155500","is_ascension_mode":true,"campfire_choices":[{"data":"Footwork","floor":6.0,"key":"SMITH"},{"floor":10.0,"key":"REST"},{"floor":15.0,"key":"REST"},{"data":"Footwork","floor":23.0,"key":"SMITH"},{"floor":25.0,"key":"REST"},{"data":"Noxious Fumes","floor":32.0,"key":"SMITH"},{"data":"Well Laid Plans","floor":40.0,"key":"SMITH"},{"floor":42.0,"key":"RECALL"},{"floor":49,"key":"REST"}],"neow_cost":"NONE","seed_source_timestamp":108679104147542,"circlet_count":0,"master_deck":["AscendersBane","Defend_G","Defend_G","Defend_G","Defend_G","Defend_G","Survivor","Neutralize","Footwork+1","Crippling Poison","Cloak And Dagger","Doppelganger+1","Apotheosis+1","Well Laid Plans+1","Noxious Fumes+1","A Thousand Cuts","Deflect+1","Malaise+1","Footwork+1","Doppelganger+1","Dash","Blur+1","Cloak And Dagger+1","Burst+1","Deflect+1","Cloak And Dagger+1","Caltrops+1","PiercingWail+1","Caltrops","Backflip+1","PiercingWail+1","Dodge and Roll+1"],"special_seed":0,"relics":["Ring of the Snake","NeowsBlessing","Blue Candle","Orichalcum","Toxic Egg 2","Smiling Mask","Art of War","Cursed Key","Red Mask","Boot","Blood Vial","Turnip","Astrolabe","Regal Pillow","Pantograph"],"potions_floor_usage":[46],"damage_taken":[{"damage":0.0,"enemies":"Small Slimes","floor":1.0,"turns":1.0},{"damage":0.0,"enemies":"Jaw Worm","floor":3.0,"turns":1.0},{"damage":0.0,"enemies":"3 Sentries","floor":7.0,"turns":1.0},{"damage":5.0,"enemies":"2 Louse","floor":8.0,"turns":3.0},{"damage":12.0,"enemies":"Gremlin Nob","floor":11.0,"turns":4.0},{"damage":4.0,"enemies":"3 Sentries","floor":13.0,"turns":9.0},{"damage":3.0,"enemies":"Blue Slaver","floor":14.0,"turns":5.0},{"damage":2.0,"enemies":"Slime Boss","floor":16.0,"turns":9.0},{"damage":4.0,"enemies":"Spheric Guardian","floor":18.0,"turns":6.0},{"damage":10.0,"enemies":"Chosen","floor":19.0,"turns":5.0},{"damage":0.0,"enemies":"Masked Bandits","floor":21.0,"turns":2.0},{"damage":20.0,"enemies":"Gremlin Leader","floor":24.0,"turns":8.0},{"damage":2.0,"enemies":"Snecko","floor":27.0,"turns":6.0},{"damage":19.0,"enemies":"Slavers","floor":29.0,"turns":5.0},{"damage":0.0,"enemies":"Centurion and Healer","floor":31.0,"turns":6.0},{"damage":0.0,"enemies":"Automaton","floor":33.0,"turns":9.0},{"damage":0.0,"enemies":"3 Darklings","floor":35.0,"turns":6.0},{"damage":0.0,"enemies":"3 Shapes","floor":37.0,"turns":5.0},{"damage":0.0,"enemies":"3 Darklings","floor":39.0,"turns":4.0},{"damage":1.0,"enemies":"Maw","floor":41.0,"turns":10.0},{"damage":11.0,"enemies":"4 Shapes","floor":44.0,"turns":6.0},{"damage":42,"enemies":"Reptomancer","floor":45,"turns":8},{"damage":1,"enemies":"Sphere and 2 Shapes","floor":46,"turns":6},{"damage":0,"enemies":"Maw","floor":48,"turns":8},{"damage":73,"enemies":"Awakened One","floor":50,"turns":6}],"seed_played":"345186365537209411","potions_obtained":[{"floor":1.0,"key":"Strength Potion"},{"floor":8.0,"key":"Strength Potion"},{"floor":14.0,"key":"Block Potion"},{"floor":16.0,"key":"FearPotion"},{"floor":18.0,"key":"PowerPotion"},{"floor":24.0,"key":"SteroidPotion"},{"floor":31.0,"key":"Strength Potion"},{"floor":37.0,"key":"Weak Potion"},{"floor":41.0,"key":"PowerPotion"}],"is_trial":false,"path_per_floor":["M","?","M","?","?","R","E","M","T","R","E","$","E","M","R","B",null,"M","M","?","?","$","R","E","R","T","M","$","E","?","M","R","B",null,"M","?","M","?","M","R","M","R","T","M","E","M","$","M","R","B"],"character_chosen":"THE_SILENT","items_purchased":["Apotheosis+1","Well Laid Plans","Footwork","Infinite Blades","Pantograph","PiercingWail+1","Dexterity Potion"],"campfire_rested":4,"item_purchase_floors":[12,12,22,28,47,47,47],"current_hp_per_floor":[59,52,52,41,36,36,36,31,31,50,38,38,34,31,50,48,62,58,48,48,48,48,48,28,47,47,47,47,30,30,32,32,34,58,60,60,62,62,64,64,65,65,65,55,15,16,16,18,52,0],"gold":38,"neow_bonus":"THREE_ENEMY_KILL","is_prod":false,"is_daily":false,"chose_seed":false,"campfire_upgraded":4,"win_rate":0,"timestamp":1550616900,"path_taken":["M","?","M","?","?","R","E","M","T","R","E","$","E","M","R","BOSS","M","M","?","?","$","R","E","R","T","M","$","E","?","?","R","BOSS","M","?","M","?","M","R","M","R","T","M","E","M","$","?","R","BOSS"],"build_version":"2019-02-06","purchased_purges":3,"victory":false,"max_hp_per_floor":[66,66,66,66,66,66,66,66,66,66,66,66,66,66,66,66,66,66,66,66,66,66,66,66,66,66,66,66,66,66,66,66,66,66,66,66,66,66,66,66,66,66,66,66,66,66,66,66,66,66],"card_choices":[{"not_picked":["Accuracy","Blade Dance"],"picked":"Dagger Spray","floor":1.0},{"not_picked":["Crippling Poison","Blur"],"picked":"Footwork","floor":3.0},{"not_picked":["Distraction","Bane"],"picked":"Crippling Poison","floor":7.0},{"not_picked":["Dagger Spray","Crippling Poison"],"picked":"Cloak And Dagger","floor":8.0},{"not_picked":["Concentrate+1","Deflect+1"],"picked":"Doppelganger+1","floor":11.0},{"not_picked":["A Thousand Cuts","Dagger Throw"],"picked":"Noxious Fumes","floor":13.0},{"not_picked":["Blade Dance+1","Dagger Throw"],"picked":"Terror+1","floor":14.0},{"not_picked":["Grand Finale","Wraith Form v2"],"picked":"A Thousand Cuts","floor":16.0},{"not_picked":["Outmaneuver+1","Acrobatics+1","Poisoned Stab"],"picked":"SKIP","floor":18.0},{"not_picked":["Setup+1","Caltrops"],"picked":"Deflect+1","floor":19.0},{"not_picked":["Bane","Dagger Throw"],"picked":"Doppelganger+1","floor":24.0},{"not_picked":["Quick Slash","Outmaneuver+1"],"picked":"Dash","floor":27.0},{"not_picked":["Deadly Poison+1","Bullet Time+1"],"picked":"Blur+1","floor":29.0},{"not_picked":["Accuracy","Heel Hook+1"],"picked":"Cloak And Dagger+1","floor":31.0},{"not_picked":["Envenom","Night Terror+1"],"picked":"Burst+1","floor":33.0},{"not_picked":["Dodge and Roll+1","Backstab"],"picked":"PiercingWail+1","floor":35.0},{"not_picked":["Quick Slash","Outmaneuver+1","Bane"],"picked":"SKIP","floor":37.0},{"not_picked":["Outmaneuver+1","Deadly Poison+1","Flechettes"],"picked":"SKIP","floor":39.0},{"not_picked":["Outmaneuver+1","Dagger Throw","Dagger Spray"],"picked":"SKIP","floor":41.0},{"not_picked":["Prepared+1","PiercingWail+1"],"picked":"Backflip+1","floor":44},{"not_picked":["A Thousand Cuts","Deflect+1","Quick Slash"],"picked":"SKIP","floor":45},{"not_picked":["Crippling Poison+1","Blade Dance+1","Setup+1"],"picked":"SKIP","floor":46},{"not_picked":["Calculated Gamble+1","Dagger Spray"],"picked":"Dodge and Roll+1","floor":48}],"player_experience":1118360,"relics_obtained":[{"floor":7.0,"key":"Orichalcum"},{"floor":9.0,"key":"Toxic Egg 2"},{"floor":11.0,"key":"Smiling Mask"},{"floor":13.0,"key":"Art of War"},{"floor":21.0,"key":"Red Mask"},{"floor":24.0,"key":"Boot"},{"floor":26.0,"key":"Blood Vial"},{"floor":29.0,"key":"Turnip"},{"floor":45,"key":"Regal Pillow"}],"event_choices":[{"cards_removed":["Strike_G"],"damage_healed":0.0,"max_hp_gain":0.0,"max_hp_loss":0.0,"gold_gain":0.0,"event_name":"Golden Wing","player_choice":"Card Removal","floor":2.0,"gold_loss":0.0,"damage_taken":7.0},{"damage_healed":0.0,"max_hp_gain":0.0,"max_hp_loss":0.0,"gold_gain":75.0,"event_name":"World of Goop","player_choice":"Gather Gold","floor":4.0,"gold_loss":0.0,"damage_taken":11.0},{"damage_healed":0.0,"max_hp_gain":0.0,"max_hp_loss":0.0,"gold_gain":0.0,"event_name":"Scrap Ooze","player_choice":"Success","floor":5.0,"gold_loss":0.0,"damage_taken":5.0,"relics_obtained":["Blue Candle"]},{"damage_healed":0.0,"max_hp_gain":0.0,"max_hp_loss":0.0,"gold_gain":0.0,"cards_transformed":["Strike_G","Strike_G"],"event_name":"Drug Dealer","player_choice":"Became Test Subject","floor":20.0,"gold_loss":0.0,"damage_taken":0.0,"cards_obtained":["Eviscerate","Malaise"]},{"damage_healed":0.0,"max_hp_gain":0.0,"max_hp_loss":0.0,"gold_gain":0.0,"event_name":"Masked Bandits","player_choice":"Fought Bandits","floor":21.0,"gold_loss":0.0,"damage_taken":0.0},{"cards_removed":["Strike_G"],"damage_healed":0.0,"max_hp_gain":0.0,"max_hp_loss":0.0,"gold_gain":0.0,"event_name":"Wheel of Change","player_choice":"Card Removal","floor":30.0,"gold_loss":0.0,"damage_taken":0.0},{"damage_healed":0.0,"max_hp_gain":0.0,"max_hp_loss":0.0,"gold_gain":222.0,"event_name":"Tomb of Lord Red Mask","player_choice":"Wore Mask","floor":36.0,"gold_loss":0.0,"damage_taken":0.0},{"damage_healed":0.0,"max_hp_gain":0.0,"max_hp_loss":0.0,"gold_gain":0.0,"cards_transformed":["Dagger Spray"],"event_name":"Transmorgrifier","player_choice":"Transformed","floor":38.0,"gold_loss":0.0,"damage_taken":0.0,"cards_obtained":["Caltrops"]}],"is_beta":true,"boss_relics":[{"not_picked":["Pandora\u0027s Box","Velvet Choker"],"picked":"Cursed Key"},{"not_picked":["Empty Cage","White Beast Statue"],"picked":"Astrolabe"}],"items_purged_floors":[22,28,47],"is_endless":false,"potions_floor_spawned":[1,8,14,16,18,19,24,31,37,41,45],"killed_by":"Awakened One","ascension_level":20}