{"gold_per_floor":[113,188,188,27,40,71,71,103,152,178,188,203,203,203,203,278,278,292,292,306,324,8,8,25,55,137,137,137,137,153,165,165,239,239,258,258,303,321,370,370,395,295,318,149,168,168,168,194,194,194,194,194,194,74,74],"floor_reached":55,"playtime":3611,"items_purged":["Strike_R","Strike_R","Strike_R","Strike_R"],"score":1872,"play_id":"695a7808-8a2f-4965-9c20-74ff84943cef","local_time":"20190509000253","is_ascension_mode":true,"campfire_choices":[{"data":"Bash","floor":7,"key":"SMITH"},{"data":"Whirlwind","floor":13,"key":"SMITH"},{"floor":15,"key":"REST"},{"data":"Inflame","floor":23,"key":"SMITH"},{"data":"Fiend Fire","floor":27,"key":"SMITH"},{"floor":29,"key":"REST"},{"data":"Armaments","floor":32,"key":"SMITH"},{"floor":40,"key":"REST"},{"floor":46,"key":"RECALL"},{"data":"True Grit","floor":49,"key":"SMITH"},{"floor":53,"key":"REST"}],"neow_cost":"NONE","seed_source_timestamp":137652898357835,"circlet_count":0,"master_deck":["AscendersBane","Strike_R","Defend_R","Defend_R","Defend_R","Defend_R","Bash+1","Whirlwind+1","Fiend Fire+1","Twin Strike","Armaments+1","Clothesline","Metallicize","Sword Boomerang","Reaper","Shockwave","Anger","Dual Wield","Inflame+1","Shrug It Off","Feel No Pain","RitualDagger","Flex+1","Feel No Pain","Disarm+1","Flame Barrier","Warcry+1","Battle Trance+1","Flex","Finesse","True Grit+1"],"relics":["Burning Blood","NeowsBlessing","Regal Pillow","Gremlin Horn","Bronze Scales","Juzu Bracelet","The Courier","Runic Pyramid","Art of War","Happy Flower","Tiny Chest","Sozu","Turnip","Ancient Tea Set","PreservedInsect","OrangePellets","Red Skull"],"potions_floor_usage":[12,16,20,22,33,37],"damage_taken":[{"damage":0,"enemies":"Cultist","floor":1,"turns":1},{"damage":0,"enemies":"2 Louse","floor":5,"turns":1},{"damage":0,"enemies":"Lagavulin","floor":6,"turns":1},{"damage":31,"enemies":"Gremlin Nob","floor":8,"turns":4},{"damage":25,"enemies":"Lagavulin","floor":10,"turns":6},{"damage":7,"enemies":"Jaw Worm","floor":11,"turns":2},{"damage":15,"enemies":"Large Slime","floor":12,"turns":5},{"damage":34,"enemies":"The Guardian","floor":16,"turns":12},{"damage":7,"enemies":"Chosen","floor":18,"turns":3},{"damage":1,"enemies":"Spheric Guardian","floor":20,"turns":3},{"damage":43,"enemies":"Shelled Parasite and Fungi","floor":21,"turns":4},{"damage":13,"enemies":"Snake Plant","floor":24,"turns":3},{"damage":19,"enemies":"Slavers","floor":25,"turns":3},{"damage":35,"enemies":"Snecko","floor":30,"turns":6},{"damage":17,"enemies":"Cultist and Chosen","floor":31,"turns":6},{"damage":49,"enemies":"Champ","floor":33,"turns":27},{"damage":41,"enemies":"3 Shapes","floor":35,"turns":6},{"damage":74,"enemies":"2 Orb Walkers","floor":37,"turns":6},{"damage":0,"enemies":"Orb Walker","floor":38,"turns":2},{"damage":21,"enemies":"Reptomancer","floor":41,"turns":5},{"damage":5,"enemies":"3 Darklings","floor":45,"turns":5},{"damage":32,"enemies":"Nemesis","floor":48,"turns":6},{"damage":94,"enemies":"Awakened One","floor":50,"turns":13},{"damage":64,"enemies":"Time Eater","floor":51,"turns":6},{"damage":81,"enemies":"Shield and Spear","floor":55,"turns":3}],"seed_played":"-2694051148147688549","potions_obtained":[{"floor":1,"key":"LiquidBronze"},{"floor":5,"key":"BloodPotion"},{"floor":6,"key":"Explosive Potion"},{"floor":12,"key":"Strength Potion"},{"floor":16,"key":"Strength Potion"},{"floor":21,"key":"Fruit Juice"},{"floor":33,"key":"Fire Potion"}],"is_trial":false,"path_per_floor":["M","?","?","$","M","E","R","E","T","E","M","M","R","?","R","B",null,"M","?","M","M","$","R","M","E","T","R","?","R","M","M","R","B",null,"M","?","?","M","T","R","E","$","T","$","M","R","?","E","R","B","B",null,"R","$","E"],"character_chosen":"IRONCLAD","items_purchased":["Fiend Fire","Inflame","Art of War","Strength Potion","OrangePellets"],"campfire_rested":4,"item_purchase_floors":[4,22,22,22,44],"current_hp_per_floor":[74,63,59,59,65,71,71,46,46,27,26,17,17,17,54,26,63,62,62,67,44,49,49,45,32,32,32,26,65,36,73,73,30,68,80,80,28,34,34,73,80,80,80,80,80,80,70,80,80,80,22,66,80,80,0],"gold":74,"neow_bonus":"THREE_ENEMY_KILL","is_prod":false,"is_daily":false,"chose_seed":false,"campfire_upgraded":6,"win_rate":0,"timestamp":1557385373,"path_taken":["M","?","?","$","M","E","R","E","T","E","M","M","R","?","R","BOSS","M","?","M","M","$","R","M","E","T","R","?","R","M","M","R","BOSS","M","?","?","M","?","R","E","?","T","$","M","R","?","E","R","BOSS","BOSS","R","$","E"],"build_version":"2019-05-07","purchased_purges":4,"victory":false,"max_hp_per_floor":[75,75,75,75,75,75,75,75,75,75,75,75,75,75,75,75,75,75,75,75,75,80,80,80,80,80,80,80,80,80,80,80,80,80,80,80,80,80,80,80,80,80,80,80,80,80,80,80,80,80,80,80,80,80,80],"card_choices":[{"not_picked":["Burning Pact","Wild Strike"],"picked":"Whirlwind","floor":1},{"not_picked":["Second Wind","Wild Strike"],"picked":"Twin Strike","floor":5},{"not_picked":["Pummel","Twin Strike"],"picked":"Armaments","floor":6},{"not_picked":["Perfected Strike","Rupture"],"picked":"Clothesline","floor":8},{"not_picked":["Warcry","Iron Wave","Ghostly Armor"],"picked":"SKIP","floor":10},{"not_picked":["Fire Breathing","Clash"],"picked":"Metallicize","floor":11},{"not_picked":["Warcry","Brutality"],"picked":"Sword Boomerang","floor":12},{"not_picked":["Double Tap","Brutality"],"picked":"Reaper","floor":16},{"not_picked":["Cleave","Perfected Strike"],"picked":"Shockwave","floor":18},{"not_picked":["Cleave","Battle Trance"],"picked":"Anger","floor":20},{"not_picked":["Twin Strike","Rupture"],"picked":"Dual Wield","floor":21},{"not_picked":["Carnage","Perfected Strike"],"picked":"Shrug It Off","floor":24},{"not_picked":["Sever Soul","Heavy Blade"],"picked":"Feel No Pain","floor":25},{"not_picked":["Clash+1","Combust"],"picked":"Flex+1","floor":30},{"not_picked":["Body Slam","Havoc"],"picked":"Feel No Pain","floor":31},{"not_picked":["Armaments","Twin Strike"],"picked":"Disarm+1","floor":35},{"not_picked":["Sever Soul","Clothesline"],"picked":"Flame Barrier","floor":37},{"not_picked":["Twin Strike","Shrug It Off"],"picked":"Warcry+1","floor":38},{"not_picked":["Searing Blow","Iron Wave"],"picked":"Battle Trance+1","floor":41},{"not_picked":["Cleave","Sever Soul"],"picked":"Flex","floor":45},{"not_picked":["Chrysalis","Blind"],"picked":"Finesse","floor":47},{"not_picked":["Reckless Charge","Evolve"],"picked":"True Grit","floor":48}],"player_experience":6293824,"relics_obtained":[{"floor":6,"key":"Regal Pillow"},{"floor":8,"key":"Gremlin Horn"},{"floor":9,"key":"Bronze Scales"},{"floor":10,"key":"Juzu Bracelet"},{"floor":25,"key":"Happy Flower"},{"floor":26,"key":"Tiny Chest"},{"floor":37,"key":"Turnip"},{"floor":41,"key":"Ancient Tea Set"},{"floor":43,"key":"PreservedInsect"},{"floor":48,"key":"Red Skull"}],"event_choices":[{"damage_healed":0,"gold_gain":75,"player_choice":"Gather Gold","damage_taken":11,"max_hp_gain":0,"max_hp_loss":0,"event_name":"World of Goop","floor":2,"gold_loss":0},{"damage_healed":0,"gold_gain":0,"player_choice":"Bought 0 Potions","damage_taken":0,"max_hp_gain":0,"max_hp_loss":0,"event_name":"The Woman in Blue","floor":3,"gold_loss":0},{"damage_healed":0,"gold_gain":0,"player_choice":"Searched \u00271\u0027 times","damage_taken":0,"relics_obtained":["The Courier"],"max_hp_gain":0,"max_hp_loss":0,"event_name":"Dead Adventurer","floor":14,"gold_loss":0},{"damage_healed":0,"gold_gain":0,"player_choice":"Ignored","damage_taken":0,"max_hp_gain":0,"max_hp_loss":0,"event_name":"The Mausoleum","floor":19,"gold_loss":0},{"damage_healed":0,"gold_gain":0,"player_choice":"Joined the Cult","damage_taken":6,"max_hp_gain":0,"max_hp_loss":0,"event_name":"Nest","floor":28,"gold_loss":0,"cards_obtained":["RitualDagger"]},{"damage_healed":0,"gold_gain":0,"player_choice":"Ignored","damage_taken":0,"max_hp_gain":0,"max_hp_loss":0,"event_name":"Tomb of Lord Red Mask","floor":36,"gold_loss":0},{"damage_healed":0,"gold_gain":0,"player_choice":"Fight","damage_taken":0,"max_hp_gain":0,"max_hp_loss":0,"event_name":"Mysterious Sphere","floor":37,"gold_loss":0},{"damage_healed":0,"gold_gain":0,"player_choice":"Memory 3","damage_taken":10,"max_hp_gain":0,"max_hp_loss":0,"event_name":"SensoryStone","floor":47,"gold_loss":0}],"is_beta":true,"boss_relics":[{"not_picked":["White Beast Statue","Eternal Feather"],"picked":"Runic Pyramid"},{"not_picked":["Astrolabe","Runic Cube"],"picked":"Sozu"}],"items_purged_floors":[4,22,42,54],"is_endless":false,"potions_floor_spawned":[1,5,6,12,16,21,31,33,35,45],"killed_by":"Shield and Spear","ascension_level":20}