{"gold_per_floor":[114,114,114,35,46,46,78,97,97,13,28,28,42,70,70,148,148,164,177,177,10,10,41,58,58],"floor_reached":25,"playtime":1052,"items_purged":[],"score":461,"play_id":"9e0884b5-9896-4cfa-b9d9-1a19615ffeee","local_time":"20180909103429","is_ascension_mode":true,"campfire_choices":[{"data":"Noxious Fumes","floor":6,"key":"SMITH"},{"data":"Footwork","floor":15,"key":"SMITH"}],"neow_cost":"NONE","seed_source_timestamp":576074782902665,"circlet_count":0,"master_deck":["Defend_G","Defend_G","Defend_G","Defend_G","Defend_G","Strike_G","Strike_G","Strike_G","Strike_G","Survivor","Neutralize+1","AscendersBane","Backstab","Noxious Fumes+1","Finisher","Dodge and Roll","Noxious Fumes","Infinite Blades","Footwork+1","Blade Dance","Envenom","Die Die Die","Infinite Blades","Dagger Spray"],"relics":["Ring of the Snake","NeowsBlessing","Ornamental Fan","Dodecahedron","Potion Belt","Busted Crown","Boot","MutagenicStrength","Omamori"],"potions_floor_usage":[14,16,23,23,25],"damage_taken":[{"damage":0,"enemies":"2 Louse","floor":1,"turns":1},{"damage":0,"enemies":"Small Slimes","floor":5,"turns":1},{"damage":0,"enemies":"Lagavulin","floor":7,"turns":1},{"damage":0,"enemies":"Cultist","floor":8,"turns":3},{"damage":17,"enemies":"Large Slime","floor":11,"turns":6},{"damage":0,"enemies":"Red Slaver","floor":13,"turns":4},{"damage":16,"enemies":"Gremlin Nob","floor":14,"turns":4},{"damage":19,"enemies":"The Guardian","floor":16,"turns":11},{"damage":19,"enemies":"Spheric Guardian","floor":18,"turns":6},{"damage":0,"enemies":"Chosen","floor":19,"turns":5},{"damage":12,"enemies":"Slavers","floor":23,"turns":5},{"damage":22,"enemies":"Snecko","floor":24,"turns":5},{"damage":28,"enemies":"Book of Stabbing","floor":25,"turns":3}],"seed_played":"1117431692178409864","potions_obtained":[{"floor":1,"key":"SmokeBomb"},{"floor":5,"key":"Poison Potion"},{"floor":13,"key":"GhostInAJar"},{"floor":16,"key":"Regen Potion"},{"floor":18,"key":"PowerPotion"},{"floor":23,"key":"Strength Potion"}],"is_trial":false,"path_per_floor":["M","?","?","$","M","R","E","M","T","$","M","$","M","E","R","B",null,"M","M","?","$","?","E","M"],"character_chosen":"THE_SILENT","items_purchased":["Noxious Fumes","Infinite Blades","Boot"],"campfire_rested":0,"item_purchase_floors":[4,10,21],"current_hp_per_floor":[59,59,59,59,59,59,59,59,59,59,42,42,42,26,26,7,51,32,32,45,45,45,48,26,0],"gold":58,"neow_bonus":"THREE_ENEMY_KILL","is_prod":false,"is_daily":false,"chose_seed":false,"campfire_upgraded":2,"win_rate":0,"timestamp":1536503669,"path_taken":["M","?","?","$","M","R","E","?","T","$","M","?","M","E","R","BOSS","M","M","?","?","?","E","?","E"],"build_version":"2018-09-06","purchased_purges":0,"victory":false,"max_hp_per_floor":[66,66,66,66,66,66,66,66,66,66,66,66,66,66,66,66,66,66,66,66,66,66,66,66,66],"card_choices":[{"not_picked":["Endless Agony","Slice"],"picked":"Backstab","floor":1},{"not_picked":["Cloak And Dagger","Choke"],"picked":"Finisher","floor":5},{"not_picked":["Dodge and Roll","Sucker Punch","Setup"],"picked":"SKIP","floor":7},{"not_picked":["Sucker Punch","Setup"],"picked":"Dodge and Roll","floor":7},{"not_picked":["Terror","Underhanded Strike"],"picked":"Noxious Fumes","floor":8},{"not_picked":["Backflip","Poisoned Stab"],"picked":"Footwork","floor":11},{"not_picked":["Terror","Predator"],"picked":"Blade Dance","floor":13},{"not_picked":["Dodge and Roll","Dagger Spray"],"picked":"Envenom","floor":14},{"not_picked":["Bullet Time","Tools of the Trade"],"picked":"Die Die Die","floor":16},{"not_picked":["Dodge and Roll"],"picked":"SKIP","floor":18},{"not_picked":[],"picked":"Infinite Blades","floor":19},{"not_picked":[],"picked":"Dagger Spray","floor":23},{"not_picked":["Prepared"],"picked":"SKIP","floor":24}],"player_experience":994927,"relics_obtained":[{"floor":7,"key":"Ornamental Fan"},{"floor":9,"key":"Dodecahedron"},{"floor":14,"key":"Potion Belt"},{"floor":23,"key":"Omamori"}],"event_choices":[{"event_name":"Living Wall","player_choice":"Grow","floor":2,"damage_taken":0},{"event_name":"Wheel of Change","player_choice":"Card Removal","floor":3,"damage_taken":0},{"event_name":"The Library","player_choice":"Heal","floor":20,"damage_taken":0},{"event_name":"Drug Dealer","player_choice":"Inject Mutagens","floor":22,"damage_taken":0}],"is_beta":false,"boss_relics":[{"not_picked":["Cursed Key","Velvet Choker"],"picked":"Busted Crown"}],"items_purged_floors":[],"is_endless":false,"potions_floor_spawned":[1,5,8,13,16,18,23],"killed_by":"Book of Stabbing","ascension_level":16}