{"path_per_floor":["M","?","?","$","M","R","M","R","T","R","M","E","M","?","R","B",null,"M","M","?","T","M","R"],"character_chosen":"THE_SILENT","items_purchased":["Footwork"],"gold_per_floor":[117,117,117,46,57,57,69,69,115,115,95,129,149,179,179,277,277,293,309,309,335,349,349],"floor_reached":24,"campfire_rested":2,"playtime":1070,"current_hp_per_floor":[63,68,68,68,68,68,57,57,57,57,59,46,35,23,44,24,60,36,15,39,39,3,24],"items_purged":[],"gold":349,"score":294,"play_id":"f7debe8b-a21a-46ab-9b0d-ee17614d0078","local_time":"20180318144540","is_prod":false,"is_daily":false,"is_ascension_mode":true,"campfire_upgraded":3,"timestamp":1521398740,"path_taken":["M","?","?","?","M","R","M","R","T","R","?","E","M","?","R","BOSS","M","?","?","?","?","R","E"],"build_version":"2018-03-15v3","purchased_purges":0,"victory":false,"master_deck":["Defend_G","Defend_G","Defend_G","Defend_G","Defend_G","Strike_G","Strike_G","Strike_G","Strike_G","Strike_G","Survivor","Neutralize+1","Corpse Explosion+1","Dash","Footwork+1","Poisoned Stab","Riddle With Holes","Poisoned Stab","Deadly Poison","Catalyst","Envenom","Blur","Deadly Poison+1"],"max_hp_per_floor":[70,75,72,72,72,72,72,72,72,72,72,72,72,72,72,72,72,72,72,72,72,72,72],"relics":["Ring of the Snake","Blood Vial","Smiling Mask","Tiny Chest","Black Star","Bag of Marbles"],"card_choices":[{"not_picked":["Poisoned Stab","Prepared"],"picked":"Dash"},{"not_picked":["Expertise","Flying Knee"],"picked":"Poisoned Stab"},{"not_picked":["Dodge and Roll","Cloak And Dagger"],"picked":"Riddle With Holes"},{"not_picked":["Escape Plan","Quick Slash"],"picked":"Poisoned Stab"},{"not_picked":["Expertise","Dodge and Roll"],"picked":"Deadly Poison"},{"not_picked":["PiercingWail","Sucker Punch"],"picked":"Catalyst"},{"not_picked":["Glass Knife","Night Terror"],"picked":"Envenom"},{"not_picked":["Backflip","All Out Attack"],"picked":"Blur"},{"not_picked":["Dagger Throw","Acrobatics"],"picked":"Deadly Poison"}],"player_experience":554631,"potions_floor_usage":[11,13,16,16],"damage_taken":[{"damage":0,"enemies":"Small Slimes","floor":1,"turns":3},{"damage":0,"enemies":"2 Louse","floor":5,"turns":4},{"damage":11,"enemies":"Jaw Worm","floor":7,"turns":4},{"damage":0,"enemies":"Exordium Thugs","floor":11,"turns":4},{"damage":15,"enemies":"3 Sentries","floor":12,"turns":8},{"damage":13,"enemies":"Gremlin Gang","floor":13,"turns":5},{"damage":22,"enemies":"The Guardian","floor":16,"turns":13},{"damage":26,"enemies":"Shell Parasite","floor":18,"turns":9},{"damage":23,"enemies":"Spheric Guardian","floor":19,"turns":7},{"damage":38,"enemies":"Snecko","floor":22,"turns":5},{"damage":30,"enemies":"Gremlin Leader","floor":24,"turns":8}],"event_choices":[{"event_name":"Big Fish","player_choice":"Donut","floor":2,"damage_taken":0},{"event_name":"Living Wall","player_choice":"Forget","floor":3,"damage_taken":0},{"event_name":"Scrap Ooze","player_choice":"success","floor":14,"damage_taken":12},{"event_name":"The Library","player_choice":"Heal","floor":20,"damage_taken":0}],"boss_relics":[{"not_picked":["Question Card","Calling Bell"],"picked":"Black Star"}],"potions_floor_spawned":[5,7,12,13],"seed_played":"8123881248802443702","killed_by":"Gremlin Leader","ascension_level":10,"is_trial":false}