{"gold_per_floor":[19,36,36,49,67,93,93,153,178,158],"floor_reached":10,"playtime":569,"items_purged":[],"score":156,"play_id":"04f228e5-2f18-42ba-a488-3b3ce7964f62","local_time":"20190508183941","is_ascension_mode":true,"campfire_choices":[{"floor":7,"key":"REST"}],"neow_cost":"NO_GOLD","seed_source_timestamp":1384911472207729,"circlet_count":0,"master_deck":["AscendersBane","Strike_R","Strike_R","Strike_R","Strike_R","Defend_R","Defend_R","Defend_R","Defend_R","Bash","Hemokinesis","Clothesline","Feel No Pain","True Grit","Bludgeon"],"relics":["Burning Blood","Frozen Egg 2","Tiny Chest"],"potions_floor_usage":[],"damage_taken":[{"damage":19,"enemies":"Jaw Worm","floor":1,"turns":5},{"damage":3,"enemies":"Cultist","floor":2,"turns":2},{"damage":11,"enemies":"Small Slimes","floor":4,"turns":4},{"damage":18,"enemies":"Blue Slaver","floor":5,"turns":5},{"damage":51,"enemies":"Lagavulin","floor":6,"turns":8},{"damage":35,"enemies":"3 Sentries","floor":8,"turns":16},{"damage":17,"enemies":"Exordium Thugs","floor":10,"turns":1}],"seed_played":"1031361626290523501","potions_obtained":[{"floor":6,"key":"EssenceOfSteel"},{"floor":8,"key":"Dexterity Potion"}],"is_trial":false,"path_per_floor":["M","M","?","M","M","E","R","E","T","M"],"character_chosen":"IRONCLAD","items_purchased":[],"campfire_rested":1,"item_purchase_floors":[],"current_hp_per_floor":[69,72,72,67,55,10,36,7,7,0],"gold":158,"neow_bonus":"TWENTY_PERCENT_HP_BONUS","is_prod":false,"is_daily":false,"chose_seed":false,"campfire_upgraded":0,"win_rate":0,"timestamp":1557355181,"path_taken":["M","M","?","?","M","E","R","E","T","M"],"build_version":"2019-01-23","purchased_purges":0,"victory":false,"max_hp_per_floor":[89,89,89,89,89,89,89,89,89,89],"card_choices":[{"not_picked":["Body Slam","Heavy Blade"],"picked":"Hemokinesis","floor":1},{"not_picked":["Clash","Iron Wave"],"picked":"Clothesline","floor":2},{"not_picked":["Blood for Blood","Ghostly Armor"],"picked":"Feel No Pain","floor":4},{"not_picked":["Thunderclap","Clash","Warcry"],"picked":"SKIP","floor":5},{"not_picked":["Warcry","Pummel"],"picked":"True Grit","floor":6},{"not_picked":["Double Tap","Flex"],"picked":"Bludgeon","floor":8}],"player_experience":2480537,"relics_obtained":[{"floor":6,"key":"Frozen Egg 2"},{"floor":8,"key":"Tiny Chest"}],"event_choices":[{"cards_removed":["Strike_R"],"damage_healed":0,"gold_gain":0,"player_choice":"Purged","damage_taken":0,"max_hp_gain":0,"max_hp_loss":0,"event_name":"Purifier","floor":3,"gold_loss":0}],"is_beta":false,"boss_relics":[],"items_purged_floors":[],"is_endless":false,"potions_floor_spawned":[6,8],"killed_by":"Exordium Thugs","ascension_level":20}