{"gold_per_floor":[111,111,111,37,37,37,0,24,47,87,105,105,126,142,142,240,240,264,284,309,309],"floor_reached":21,"playtime":540,"items_purged":[],"score":462,"play_id":"630c8990-809c-475d-b72b-54ba0284c9cc","local_time":"20190128000409","is_ascension_mode":true,"campfire_choices":[{"data":"Neutralize","floor":6,"key":"SMITH"},{"data":"Caltrops","floor":12,"key":"SMITH"},{"data":"Infinite Blades","floor":15,"key":"SMITH"}],"neow_cost":"NONE","seed_source_timestamp":738164809084593,"circlet_count":0,"master_deck":["AscendersBane","Defend_G","Defend_G","Defend_G","Defend_G","Defend_G","Strike_G","Strike_G+1","Strike_G","Strike_G","Strike_G","Survivor","Neutralize+1","All Out Attack+1","Infinite Blades+1","Well Laid Plans","Caltrops+1","Dagger Throw","Backflip","Dodge and Roll","Corpse Explosion","Escape Plan"],"relics":["Ring of the Snake","NeowsBlessing","Golden Idol","Art of War","Bronze Scales","Black Star"],"potions_floor_usage":[13,13,20],"damage_taken":[{"damage":0,"enemies":"2 Louse","floor":1,"turns":1},{"damage":0,"enemies":"Jaw Worm","floor":8,"turns":1},{"damage":0,"enemies":"Gremlin Nob","floor":10,"turns":1},{"damage":0,"enemies":"Cultist","floor":11,"turns":3},{"damage":5,"enemies":"Gremlin Gang","floor":13,"turns":3},{"damage":0,"enemies":"Looter","floor":14,"turns":3},{"damage":17,"enemies":"Hexaghost","floor":16,"turns":9},{"damage":5,"enemies":"3 Byrds","floor":18,"turns":3},{"damage":7,"enemies":"Shell Parasite","floor":19,"turns":8},{"damage":35,"enemies":"Centurion and Healer","floor":20,"turns":7},{"damage":16,"enemies":"Shelled Parasite and Fungi","floor":21,"turns":2}],"seed_played":"-8209501872967106559","potions_obtained":[{"floor":1,"key":"SteroidPotion"},{"floor":10,"key":"Energy Potion"},{"floor":11,"key":"Fire Potion"},{"floor":14,"key":"Ancient Potion"},{"floor":18,"key":"Explosive Potion"}],"is_trial":false,"path_per_floor":["M","?","?","$","?","R","$","M","T","E","M","R","M","M","R","B",null,"M","M","M","M"],"character_chosen":"THE_SILENT","items_purchased":["Infinite Blades","Well Laid Plans"],"campfire_rested":0,"item_purchase_floors":[4,7],"current_hp_per_floor":[59,36,16,16,66,66,66,66,66,66,66,66,61,61,61,44,61,56,49,14,0],"gold":309,"neow_bonus":"THREE_ENEMY_KILL","is_prod":false,"is_daily":false,"chose_seed":false,"campfire_upgraded":3,"win_rate":0,"timestamp":1548659049,"path_taken":["M","?","?","$","?","R","$","?","T","E","M","R","M","M","R","BOSS","M","M","M","M"],"build_version":"2019-01-23","purchased_purges":0,"victory":false,"max_hp_per_floor":[66,66,66,66,66,66,66,66,66,66,66,66,66,66,66,66,66,66,66,66,66],"card_choices":[{"not_picked":["Expertise","Bane"],"picked":"All Out Attack","floor":1},{"not_picked":["Eviscerate","Riddle With Holes","Bane"],"picked":"SKIP","floor":8},{"not_picked":["Backstab","Quick Slash"],"picked":"Caltrops","floor":10},{"not_picked":["Well Laid Plans","Sucker Punch"],"picked":"Dagger Throw","floor":11},{"not_picked":["Blade Dance","Underhanded Strike"],"picked":"Backflip","floor":13},{"not_picked":["Outmaneuver","Expertise"],"picked":"Dodge and Roll","floor":14},{"not_picked":["Night Terror","Tools of the Trade"],"picked":"Corpse Explosion","floor":16},{"not_picked":["Deadly Poison","Catalyst"],"picked":"Escape Plan","floor":18},{"not_picked":["Acrobatics","Quick Slash","Predator"],"picked":"SKIP","floor":19},{"not_picked":["Prepared","Blade Dance","Bane"],"picked":"SKIP","floor":20}],"player_experience":1048303,"relics_obtained":[{"floor":9,"key":"Art of War"},{"floor":10,"key":"Bronze Scales"}],"event_choices":[{"damage_healed":0,"gold_gain":0,"player_choice":"Take Damage","damage_taken":23,"relics_obtained":["Golden Idol"],"max_hp_gain":0,"max_hp_loss":0,"event_name":"Golden Idol","floor":2,"gold_loss":0},{"damage_healed":0,"gold_gain":0,"player_choice":"Entered Light","damage_taken":20,"max_hp_gain":0,"max_hp_loss":0,"event_name":"Shining Light","floor":3,"gold_loss":0,"cards_upgraded":["All Out Attack","Strike_G"]},{"damage_healed":50,"gold_gain":0,"player_choice":"Full Heal","damage_taken":0,"max_hp_gain":0,"max_hp_loss":0,"event_name":"Wheel of Change","floor":5,"gold_loss":0}],"is_beta":true,"boss_relics":[{"not_picked":["Tiny House","Calling Bell"],"picked":"Black Star"}],"items_purged_floors":[],"is_endless":false,"potions_floor_spawned":[1,10,11,14,18,19],"killed_by":"Shelled Parasite and Fungi","ascension_level":20}