{"gold_per_floor":[116,116,135,55,71,71,82,99,99,126,126,140,140,170,170,170],"floor_reached":16,"playtime":368,"items_purged":[],"score":196,"play_id":"83301981-26db-409b-846b-a1d10daf542e","local_time":"20181225120633","is_ascension_mode":true,"campfire_choices":[{"data":"Bash","floor":6,"key":"SMITH"},{"floor":13,"key":"REST"},{"floor":15,"key":"REST"}],"neow_cost":"NONE","seed_source_timestamp":177955561362797,"circlet_count":0,"master_deck":["AscendersBane","Strike_R","Strike_R","Strike_R","Strike_R","Defend_R","Defend_R","Defend_R","Defend_R","Bash+1","Clothesline","Whirlwind","Feel No Pain","Iron Wave","Havoc","Corruption"],"relics":["Burning Blood","NeowsBlessing","Singing Bowl","Potion Belt","Shovel"],"potions_floor_usage":[10,16],"damage_taken":[{"damage":0,"enemies":"Jaw Worm","floor":1,"turns":1},{"damage":0,"enemies":"Small Slimes","floor":3,"turns":1},{"damage":0,"enemies":"Cultist","floor":5,"turns":1},{"damage":7,"enemies":"Blue Slaver","floor":7,"turns":5},{"damage":52,"enemies":"Gremlin Gang","floor":8,"turns":4},{"damage":21,"enemies":"Gremlin Nob","floor":10,"turns":4},{"damage":10,"enemies":"3 Louse","floor":12,"turns":5},{"damage":17,"enemies":"3 Sentries","floor":14,"turns":10},{"damage":48,"enemies":"Hexaghost","floor":16,"turns":9}],"seed_played":"1025894041773296819","potions_obtained":[{"floor":1,"key":"Dexterity Potion"},{"floor":7,"key":"Swift Potion"},{"floor":10,"key":"Swift Potion"},{"floor":12,"key":"Dexterity Potion"}],"is_trial":false,"path_per_floor":["M","?","M","$","M","R","M","M","T","E","?","M","R","E","R","B"],"character_chosen":"IRONCLAD","items_purchased":["Feel No Pain"],"campfire_rested":2,"item_purchase_floors":[4],"current_hp_per_floor":[74,74,75,75,75,75,74,28,28,15,15,13,36,25,48,0],"gold":170,"neow_bonus":"THREE_ENEMY_KILL","is_prod":false,"is_daily":false,"chose_seed":false,"campfire_upgraded":1,"win_rate":0,"timestamp":1545764793,"path_taken":["M","?","M","$","M","R","M","M","T","E","?","M","R","E","R","BOSS"],"build_version":"2018-12-20","purchased_purges":0,"victory":false,"max_hp_per_floor":[75,75,75,75,75,75,75,75,75,77,77,79,79,79,79,79],"card_choices":[{"not_picked":["Second Wind","Sword Boomerang"],"picked":"Clothesline","floor":1},{"not_picked":["Body Slam","Heavy Blade"],"picked":"Whirlwind","floor":3},{"not_picked":["Twin Strike","Cleave"],"picked":"Iron Wave","floor":5},{"not_picked":["Pummel","Twin Strike"],"picked":"Havoc","floor":7},{"not_picked":["Carnage","Hemokinesis","Seeing Red"],"picked":"SKIP","floor":8},{"not_picked":["Spot Weakness","Burning Pact","Infernal Blade"],"picked":"Singing Bowl","floor":10},{"not_picked":["Carnage","Flex","Burning Pact"],"picked":"Singing Bowl","floor":12},{"not_picked":["Barricade","Second Wind"],"picked":"Corruption","floor":14}],"player_experience":993877,"relics_obtained":[{"floor":9,"key":"Singing Bowl"},{"floor":10,"key":"Potion Belt"},{"floor":14,"key":"Shovel"}],"event_choices":[{"cards_removed":["Strike_R"],"damage_healed":0,"gold_gain":0,"player_choice":"Forget","damage_taken":0,"max_hp_gain":0,"max_hp_loss":0,"event_name":"Living Wall","floor":2,"gold_loss":0},{"damage_healed":0,"gold_gain":0,"player_choice":"Searched \u00271\u0027 times","damage_taken":0,"max_hp_gain":0,"max_hp_loss":0,"event_name":"Dead Adventurer","floor":11,"gold_loss":0}],"is_beta":true,"boss_relics":[],"items_purged_floors":[],"is_endless":false,"potions_floor_spawned":[1,7,10,12],"killed_by":"Hexaghost","ascension_level":15}