{"path_per_floor":["M","?","$","M","?","E","R","E","T","R","T","?","E","$","R","B",null,"M","?","M","$","M","R","E","R","T","E","R","M","M","?","R","B",null,"M","T","M","M","?","E","M","?","T","?","?","M","E","$","R","B"],"character_chosen":"IRONCLAD","items_purchased":["Pommel Strike","Twin Strike","Calipers","Sword Boomerang","Disarm","Fire Breathing"],"gold_per_floor":[110,110,36,53,53,86,86,117,141,141,190,190,218,218,218,295,295,306,306,318,243,255,255,285,285,285,311,311,325,339,339,339,417,417,427,452,467,477,477,509,519,574,574,574,554,573,602,35,35,35],"floor_reached":51,"campfire_rested":0,"playtime":1792,"current_hp_per_floor":[74,79,79,80,80,80,80,73,73,73,73,49,28,28,28,12,63,65,65,65,65,64,64,48,48,48,25,25,13,17,33,33,39,70,71,71,69,58,58,51,32,7,7,66,66,66,66,66,66,28],"items_purged":["Defend_R","Decay"],"gold":35,"score":1447,"play_id":"74f3d200-5878-4aee-bf70-2598c78c58b9","local_time":"20180414175425","is_prod":false,"is_daily":false,"chose_seed":false,"is_ascension_mode":true,"campfire_upgraded":8,"timestamp":1523742865,"path_taken":["M","?","$","M","?","E","R","E","T","R","?","?","E","?","R","BOSS","M","?","M","$","M","R","E","R","T","E","R","?","?","?","R","BOSS","M","?","M","?","?","E","M","?","T","?","?","M","E","$","R","BOSS"],"build_version":"2018-04-12","seed_source_timestamp":158226781398789,"purchased_purges":5,"victory":true,"master_deck":["Strike_R","Strike_R+1","Strike_R","Strike_R","Defend_R","Defend_R+1","Bash","AscendersBane","Twin Strike","Pommel Strike","Twin Strike","Metallicize+1","Spot Weakness+1","Spot Weakness+1","Double Tap+1","Offering","Warcry+1","Inflame+1","Pummel+1","Shockwave+1","Perfected Strike+1","Offering","Perfected Strike+1","Wild Strike","Perfected Strike+1","Sword Boomerang","Disarm","Fire Breathing"],"max_hp_per_floor":[75,80,80,80,80,80,80,80,80,80,80,80,80,80,80,80,80,80,80,80,80,80,80,80,80,80,80,80,80,80,80,80,80,80,80,80,80,80,80,80,80,80,80,66,66,66,66,66,66,66],"relics":["Burning Blood","NeowsBlessing","Omamori","Pen Nib","Prayer Wheel","Art of War","Happy Flower","Sozu","Bottled Tornado","Pantograph","Orichalcum","Calling Bell","Matryoshka","Centennial Puzzle","Unceasing Top","Toolbox","Ancient Tea Set","Shuriken","Bird Faced Urn","Juzu Bracelet","Mummified Hand","Singing Bowl","Calipers"],"card_choices":[{"not_picked":["Seeing Red","True Grit"],"picked":"Twin Strike","floor":1},{"not_picked":["Havoc","Searing Blow"],"picked":"Metallicize","floor":4},{"not_picked":["Fire Breathing","Havoc"],"picked":"Spot Weakness","floor":6},{"not_picked":["Searing Blow","Heavy Blade"],"picked":"Spot Weakness","floor":8},{"not_picked":["Reckless Charge","Wild Strike"],"picked":"Double Tap","floor":11},{"not_picked":["Exhume","Dropkick"],"picked":"Offering","floor":13},{"not_picked":["Thunderclap","True Grit"],"picked":"Warcry","floor":18},{"not_picked":["Armaments","Clothesline"],"picked":"Inflame","floor":20},{"not_picked":["Bloodletting","Reckless Charge"],"picked":"Pummel","floor":22},{"not_picked":["True Grit","Sword Boomerang"],"picked":"Shockwave","floor":24},{"not_picked":["Havoc","Anger"],"picked":"Perfected Strike","floor":26},{"not_picked":["Headbutt","Corruption"],"picked":"Offering","floor":27},{"not_picked":["Flex","Ghostly Armor"],"picked":"Perfected Strike","floor":40},{"not_picked":["Carnage","Flame Barrier"],"picked":"Wild Strike","floor":46},{"not_picked":["Clash","Iron Wave"],"picked":"Perfected Strike","floor":47}],"player_experience":872641,"potions_floor_usage":[8,16,16,16,29],"damage_taken":[{"damage":0,"enemies":"Small Slimes","floor":1,"turns":1},{"damage":0,"enemies":"Jaw Worm","floor":4,"turns":1},{"damage":0,"enemies":"Lagavulin","floor":6,"turns":1},{"damage":13,"enemies":"3 Sentries","floor":8,"turns":6},{"damage":27,"enemies":"Lagavulin","floor":13,"turns":5},{"damage":22,"enemies":"Slime Boss","floor":16,"turns":11},{"damage":4,"enemies":"Chosen","floor":18,"turns":3},{"damage":6,"enemies":"Spheric Guardian","floor":20,"turns":3},{"damage":7,"enemies":"Chosen and Byrds","floor":22,"turns":4},{"damage":22,"enemies":"Gremlin Leader","floor":24,"turns":3},{"damage":29,"enemies":"Slavers","floor":27,"turns":3},{"damage":18,"enemies":"Snake Plant","floor":29,"turns":2},{"damage":2,"enemies":"Centurion and Healer","floor":30,"turns":2},{"damage":25,"enemies":"Champ","floor":33,"turns":4},{"damage":5,"enemies":"Orb Walker","floor":35,"turns":2},{"damage":8,"enemies":"3 Darklings","floor":37,"turns":2},{"damage":17,"enemies":"4 Shapes","floor":38,"turns":7},{"damage":13,"enemies":"Nemesis","floor":40,"turns":3},{"damage":25,"enemies":"Maw","floor":41,"turns":4},{"damage":31,"enemies":"Mysterious Sphere","floor":42,"turns":2},{"damage":4,"enemies":"Sphere and 2 Shapes","floor":46,"turns":2},{"damage":8,"enemies":"Giant Head","floor":47,"turns":3},{"damage":46,"enemies":"Donu and Deca","floor":50,"turns":3}],"event_choices":[{"event_name":"Big Fish","player_choice":"Donut","floor":2,"damage_taken":0},{"event_name":"The Lab","player_choice":"Got Potions","floor":5,"damage_taken":0},{"event_name":"Shining Light","player_choice":"Entered Light","floor":12,"damage_taken":0},{"event_name":"Bonfire Elementals","player_choice":"BASIC","floor":19,"damage_taken":0},{"event_name":"The Library","player_choice":"Heal","floor":31,"damage_taken":0},{"event_name":"Mysterious Sphere","player_choice":"Fight","floor":42,"damage_taken":0},{"event_name":"The Moai Head","player_choice":"Heal","floor":44,"damage_taken":0},{"event_name":"The Woman in Blue","player_choice":"Bought 1 Potion","floor":45,"damage_taken":0}],"boss_relics":[{"not_picked":["Orrery","Ectoplasm"],"picked":"Sozu"},{"not_picked":["Astrolabe","Tiny House"],"picked":"Calling Bell"}],"potions_floor_spawned":[1,8,16,20,22,24,30,33,37,40,41,47],"seed_played":"-6768303673195457554","ascension_level":15,"is_trial":false}