{"gold_per_floor":[118,130,143,218,218,218,238,238,238,263,281,281,293,304,304,404,404,414,414,414,424,424,424,436,436,461,461,461,461,496,507,507,611,611,623,623,367,367,384,384,403,403,403,416,416],"floor_reached":45,"playtime":2072,"items_purged":[],"score":433,"play_id":"97f93950-3e9c-428d-85ca-c845d719f22d","local_time":"20180903194441","is_ascension_mode":false,"campfire_choices":[{"data":"Zap","floor":6,"key":"SMITH"},{"data":"Go for the Eyes","floor":8,"key":"SMITH"},{"data":"Sweeping Beam","floor":12,"key":"SMITH"},{"data":"Storm","floor":15,"key":"SMITH"},{"data":"Hyperbeam","floor":23,"key":"SMITH"},{"data":"Static Discharge","floor":25,"key":"SMITH"},{"data":"Capacitor","floor":29,"key":"SMITH"},{"data":"Echo Form","floor":32,"key":"SMITH"},{"data":"Seek","floor":40,"key":"SMITH"},{"data":"Reinforced Body","floor":42,"key":"SMITH"}],"neow_cost":"","seed_source_timestamp":89622806518416,"circlet_count":0,"master_deck":["Strike_B+1","Strike_B+1","Strike_B+1","Defend_B+1","Defend_B+1","Defend_B+1","Defend_B+1","Sweeping Beam+1","Capacitor+1","Static Discharge+1","Storm+1","Hyperbeam+1","Cold Snap","Echo Form+1","Reinforced Body+1","Consume+1","Seek+1","Recycle+1","Hyperbeam+1","All For One+1","Capacitor+1","Loop+1","Darkness+1"],"relics":["Cracked Core","Odd Mushroom","Blood Vial","StoneCalendar","Snecko Eye","Anchor","Gremlin Horn","Omamori","Astrolabe","Cables","Toxic Egg 2"],"potions_floor_usage":[10,13,16,30,33,45,45],"damage_taken":[{"damage":0,"enemies":"2 Louse","floor":1,"turns":2},{"damage":6,"enemies":"Small Slimes","floor":2,"turns":3},{"damage":1,"enemies":"Jaw Worm","floor":3,"turns":3},{"damage":24,"enemies":"The Mushroom Lair","floor":7,"turns":4},{"damage":1,"enemies":"Gremlin Nob","floor":10,"turns":3},{"damage":0,"enemies":"2 Fungi Beasts","floor":11,"turns":3},{"damage":9,"enemies":"Lots of Slimes","floor":13,"turns":3},{"damage":0,"enemies":"Large Slime","floor":14,"turns":3},{"damage":51,"enemies":"Hexaghost","floor":16,"turns":8},{"damage":10,"enemies":"Spheric Guardian","floor":18,"turns":3},{"damage":21,"enemies":"Chosen","floor":21,"turns":5},{"damage":10,"enemies":"Sentry and Sphere","floor":24,"turns":3},{"damage":14,"enemies":"Slavers","floor":30,"turns":2},{"damage":5,"enemies":"Snake Plant","floor":31,"turns":2},{"damage":47,"enemies":"Automaton","floor":33,"turns":7},{"damage":6,"enemies":"Orb Walker","floor":35,"turns":4},{"damage":13,"enemies":"3 Darklings","floor":39,"turns":3},{"damage":26,"enemies":"Spire Growth","floor":41,"turns":4},{"damage":0,"enemies":"4 Shapes","floor":44,"turns":1},{"damage":69,"enemies":"Giant Head","floor":45,"turns":7}],"seed_played":"-2551134971242261778","potions_obtained":[{"floor":2,"key":"Strength Potion"},{"floor":10,"key":"Regen Potion"},{"floor":11,"key":"PowerPotion"},{"floor":16,"key":"Regen Potion"},{"floor":30,"key":"FocusPotion"},{"floor":33,"key":"SteroidPotion"},{"floor":39,"key":"Block Potion"},{"floor":44,"key":"Ancient Potion"}],"is_trial":false,"path_per_floor":["M","M","M","?","?","R","?","R","T","E","M","R","M","M","R","B",null,"M","?","?","M","?","R","M","R","T","?","T","R","E","M","R","B",null,"M","?","$","?","M","R","M","R","T","M"],"character_chosen":"DEFECT","items_purchased":["Cables"],"campfire_rested":0,"item_purchase_floors":[37],"current_hp_per_floor":[75,75,75,64,64,64,47,47,47,55,64,64,64,73,73,46,75,72,72,72,67,67,67,59,59,59,59,59,59,59,56,56,18,75,69,69,69,69,58,58,34,34,34,36,0],"gold":416,"neow_bonus":"","is_prod":false,"is_daily":false,"chose_seed":false,"campfire_upgraded":10,"win_rate":0,"timestamp":1536018281,"path_taken":["M","M","M","?","?","R","?","R","T","E","M","R","M","M","R","BOSS","M","?","?","M","?","R","?","R","T","?","?","R","E","M","R","BOSS","M","?","$","?","M","R","?","R","T","M","E"],"build_version":"2018-08-30","purchased_purges":0,"victory":false,"max_hp_per_floor":[75,75,75,75,75,75,75,75,75,75,75,75,75,75,75,75,75,75,75,75,75,75,75,75,75,75,75,75,75,75,75,75,75,75,75,75,75,75,75,75,75,75,75,75,75],"card_choices":[{"not_picked":["Turbo","Stack"],"picked":"Self Repair","floor":1},{"not_picked":["Aggregate","Streamline"],"picked":"Sweeping Beam","floor":2},{"not_picked":["Rebound","Lockon"],"picked":"Redo","floor":3},{"not_picked":["Turbo","Stack"],"picked":"Go for the Eyes","floor":7},{"not_picked":["Streamline","Static Discharge"],"picked":"Capacitor","floor":10},{"not_picked":["Scrape","Steam Power"],"picked":"Static Discharge","floor":11},{"not_picked":["Coolheaded","Ball Lightning"],"picked":"Electrodynamics","floor":13},{"not_picked":["Loop","Rip and Tear"],"picked":"Storm","floor":14},{"not_picked":["Fission","Core Surge"],"picked":"Hyperbeam","floor":16},{"not_picked":["Go for the Eyes+1","Compile Driver","Rebound"],"picked":"SKIP","floor":18},{"not_picked":["Gash+1","Barrage+1","Coolheaded"],"picked":"SKIP","floor":21},{"not_picked":["Chaos","Compile Driver","Consume"],"picked":"SKIP","floor":24},{"not_picked":["Recycle","Thunder Strike"],"picked":"Consume+1","floor":30},{"not_picked":["Ball Lightning","Hologram","Barrage"],"picked":"SKIP","floor":31},{"not_picked":["Core Surge","Reboot"],"picked":"Seek","floor":33},{"not_picked":["Gash+1","Barrage","Compile Driver"],"picked":"SKIP","floor":35},{"not_picked":["Barrage","Sweeping Beam","Stack"],"picked":"SKIP","floor":39},{"not_picked":["Gash","Sunder"],"picked":"Loop+1","floor":41},{"not_picked":["Capacitor","Static Discharge"],"picked":"Darkness+1","floor":44}],"player_experience":972801,"relics_obtained":[{"floor":7,"key":"Odd Mushroom"},{"floor":9,"key":"Blood Vial"},{"floor":10,"key":"StoneCalendar"},{"floor":26,"key":"Anchor"},{"floor":28,"key":"Gremlin Horn"},{"floor":30,"key":"Omamori"},{"floor":43,"key":"Toxic Egg 2"}],"event_choices":[{"event_name":"World of Goop","player_choice":"Gather Gold","floor":4,"damage_taken":0},{"event_name":"Accursed Blacksmith","player_choice":"Forge","floor":5,"damage_taken":0},{"event_name":"Mushrooms","player_choice":"Fought Mushrooms","floor":7,"damage_taken":0},{"event_name":"Purifier","player_choice":"One Purge","floor":19,"damage_taken":0},{"event_name":"Drug Dealer","player_choice":"Became Test Subject","floor":20,"damage_taken":0},{"event_name":"Back to Basics","player_choice":"Simplicity","floor":22,"damage_taken":0},{"event_name":"Vampires","player_choice":"Ignored","floor":27,"damage_taken":0},{"event_name":"Duplicator","player_choice":"One dupe","floor":36,"damage_taken":0},{"event_name":"Tomb of Lord Red Mask","player_choice":"Ignored","floor":38,"damage_taken":0}],"is_beta":false,"boss_relics":[{"not_picked":["Eternal Feather","Runic Pyramid"],"picked":"Snecko Eye"},{"not_picked":["White Beast Statue","Busted Crown"],"picked":"Astrolabe"}],"items_purged_floors":[],"is_endless":false,"potions_floor_spawned":[2,10,11,16,30,33,39,44],"killed_by":"Giant Head","ascension_level":0}