{"gold_per_floor":[15,15,25,42,61,90,55,80,80,94,94],"floor_reached":11,"playtime":422,"items_purged":[],"score":166,"play_id":"2a46d4e7-1004-4d4f-acbe-5e33ec6f2c55","local_time":"20190327012403","is_ascension_mode":true,"campfire_choices":[],"neow_cost":"NO_GOLD","seed_source_timestamp":863597658911994,"circlet_count":0,"master_deck":["AscendersBane","Strike_B","Strike_B","Strike_B","Strike_B","Defend_B","Defend_B","Defend_B","Zap","Dualcast","Ball Lightning","Streamline","BootSequence","Sweeping Beam","White Noise","Buffer","Self Repair"],"relics":["Cracked Core","Pocketwatch","PreservedInsect","Darkstone Periapt","Molten Egg 2"],"potions_floor_usage":[6,8],"damage_taken":[{"damage":0,"enemies":"2 Louse","floor":1,"turns":1},{"damage":12,"enemies":"Small Slimes","floor":3,"turns":2},{"damage":0,"enemies":"Cultist","floor":4,"turns":2},{"damage":4,"enemies":"2 Fungi Beasts","floor":5,"turns":3},{"damage":26,"enemies":"Gremlin Nob","floor":6,"turns":4},{"damage":19,"enemies":"Lagavulin","floor":8,"turns":5},{"damage":6,"enemies":"Looter","floor":10,"turns":3},{"damage":20,"enemies":"Lagavulin Event","floor":11,"turns":3}],"seed_played":"4011323878407160024","potions_obtained":[{"floor":3,"key":"Energy Potion"},{"floor":5,"key":"SkillPotion"}],"is_trial":false,"path_per_floor":["M","?","M","M","M","E","?","E","T","M","?"],"character_chosen":"DEFECT","items_purchased":[],"campfire_rested":0,"item_purchase_floors":[],"current_hp_per_floor":[64,57,45,45,41,15,32,13,13,7,0],"gold":94,"neow_bonus":"ONE_RARE_RELIC","is_prod":false,"is_daily":false,"chose_seed":false,"campfire_upgraded":0,"win_rate":0,"timestamp":1553664243,"path_taken":["M","?","M","M","M","E","?","E","T","M","?"],"build_version":"2019-01-23","purchased_purges":0,"victory":false,"max_hp_per_floor":[71,71,71,71,71,71,71,71,71,71,71],"card_choices":[{"not_picked":["Leap","Go for the Eyes"],"picked":"Ball Lightning","floor":1},{"not_picked":["Go for the Eyes","Reinforced Body"],"picked":"Streamline","floor":3},{"not_picked":["Hologram","Steam"],"picked":"BootSequence","floor":4},{"not_picked":["Tempest","Stack"],"picked":"Sweeping Beam","floor":5},{"not_picked":["Compile Driver","Stack"],"picked":"White Noise","floor":6},{"not_picked":["Consume","Genetic Algorithm"],"picked":"Buffer","floor":8},{"not_picked":["Storm","Redo"],"picked":"Self Repair","floor":10}],"player_experience":1446398,"relics_obtained":[{"floor":6,"key":"PreservedInsect"},{"floor":8,"key":"Darkstone Periapt"},{"floor":9,"key":"Molten Egg 2"}],"event_choices":[{"cards_removed":["Defend_B"],"damage_healed":0,"gold_gain":0,"player_choice":"Card Removal","damage_taken":7,"max_hp_gain":0,"max_hp_loss":0,"event_name":"Golden Wing","floor":2,"gold_loss":0},{"damage_healed":17,"gold_gain":0,"player_choice":"Healed","damage_taken":0,"max_hp_gain":0,"max_hp_loss":0,"event_name":"The Cleric","floor":7,"gold_loss":35},{"damage_healed":0,"gold_gain":0,"player_choice":"Searched \u00272\u0027 times","damage_taken":0,"max_hp_gain":0,"max_hp_loss":0,"event_name":"Dead Adventurer","floor":11,"gold_loss":0}],"is_beta":false,"boss_relics":[],"items_purged_floors":[],"is_endless":false,"potions_floor_spawned":[3,5],"killed_by":"Lagavulin Event","ascension_level":19}