{"gold_per_floor":[118,193,212,212,45,45,62,77,125,143,143,169,186,206,206,280,280,293,311,322,333,333],"floor_reached":22,"playtime":734,"items_purged":[],"score":384,"play_id":"eacb2ea8-feef-40f9-976a-30cb95090927","local_time":"20190501141049","is_ascension_mode":true,"campfire_choices":[{"data":"Neutralize","floor":6,"key":"SMITH"},{"data":"Noxious Fumes","floor":11,"key":"SMITH"},{"data":"Doppelganger","floor":15,"key":"SMITH"}],"neow_cost":"NONE","seed_source_timestamp":21717721171070,"circlet_count":0,"master_deck":["AscendersBane","Defend_G","Defend_G","Defend_G","Defend_G","Defend_G","Strike_G","Strike_G+1","Strike_G+1","Survivor","Neutralize+1","Terror+1","Backstab","Backflip","Noxious Fumes+1","Dodge and Roll","Cloak And Dagger","Cloak And Dagger","Doppelganger+1","Deadly Poison"],"relics":["Ring of the Snake","Lantern","Bronze Scales","Whetstone","Potion Belt","Empty Cage"],"potions_floor_usage":[16,22,22,22],"damage_taken":[{"damage":0,"enemies":"2 Louse","floor":1,"turns":3},{"damage":1,"enemies":"Small Slimes","floor":3,"turns":5},{"damage":0,"enemies":"Cultist","floor":7,"turns":3},{"damage":0,"enemies":"Lots of Slimes","floor":8,"turns":5},{"damage":0,"enemies":"Blue Slaver","floor":10,"turns":2},{"damage":18,"enemies":"3 Sentries","floor":12,"turns":7},{"damage":0,"enemies":"Exordium Thugs","floor":13,"turns":4},{"damage":0,"enemies":"2 Fungi Beasts","floor":14,"turns":3},{"damage":10,"enemies":"Hexaghost","floor":16,"turns":9},{"damage":20,"enemies":"Chosen","floor":18,"turns":6},{"damage":12,"enemies":"Shell Parasite","floor":19,"turns":6},{"damage":15,"enemies":"Snecko","floor":20,"turns":8},{"damage":0,"enemies":"Centurion and Healer","floor":21,"turns":6},{"damage":10,"enemies":"Shelled Parasite and Fungi","floor":22,"turns":1}],"seed_played":"-6937466018663747195","potions_obtained":[{"floor":3,"key":"Explosive Potion"},{"floor":7,"key":"Weak Potion"},{"floor":13,"key":"Explosive Potion"},{"floor":14,"key":"SkillPotion"},{"floor":20,"key":"Weak Potion"},{"floor":21,"key":"Strength Potion"}],"is_trial":false,"path_per_floor":["M","?","M","?","$","R","M","M","T","M","R","E","M","M","R","B",null,"M","M","M","M","M"],"character_chosen":"THE_SILENT","items_purchased":["Bronze Scales"],"campfire_rested":0,"item_purchase_floors":[5],"current_hp_per_floor":[59,48,47,47,47,47,47,47,47,47,47,29,29,29,29,19,54,34,22,7,7,0],"gold":333,"neow_bonus":"RANDOM_COMMON_RELIC","is_prod":false,"is_daily":false,"chose_seed":false,"campfire_upgraded":3,"win_rate":0,"timestamp":1556745049,"path_taken":["M","?","M","?","$","R","M","M","T","?","R","E","?","M","R","BOSS","M","M","M","?","M"],"build_version":"2019-04-23","purchased_purges":0,"victory":false,"max_hp_per_floor":[66,66,66,66,66,66,66,66,66,66,66,66,66,66,66,66,66,66,66,66,66,66],"card_choices":[{"not_picked":["Blade Dance","Sucker Punch"],"picked":"Terror","floor":1},{"not_picked":["Acrobatics","Setup"],"picked":"Backstab","floor":3},{"not_picked":["Flying Knee","Blade Dance"],"picked":"Backflip","floor":7},{"not_picked":["PiercingWail","Crippling Poison"],"picked":"Noxious Fumes","floor":8},{"not_picked":["Terror","Choke"],"picked":"Dodge and Roll","floor":10},{"not_picked":["Riddle With Holes","Heel Hook"],"picked":"Cloak And Dagger","floor":12},{"not_picked":["Eviscerate","Flying Knee"],"picked":"Cloak And Dagger","floor":13},{"not_picked":["Acrobatics","Deadly Poison"],"picked":"Doppelganger","floor":14},{"not_picked":["Outmaneuver","Heel Hook"],"picked":"Deadly Poison","floor":18},{"not_picked":["Poisoned Stab","Underhanded Strike+1","Eviscerate+1"],"picked":"SKIP","floor":19},{"not_picked":["Wraith Form v2","Poisoned Stab","Deflect"],"picked":"SKIP","floor":20},{"not_picked":["Dagger Throw","Slice","Tactician"],"picked":"SKIP","floor":21}],"player_experience":1202881,"relics_obtained":[{"floor":9,"key":"Whetstone"},{"floor":12,"key":"Potion Belt"}],"event_choices":[{"damage_healed":0,"gold_gain":75,"player_choice":"Gather Gold","damage_taken":11,"max_hp_gain":0,"max_hp_loss":0,"event_name":"World of Goop","floor":2,"gold_loss":0},{"damage_healed":0,"gold_gain":0,"player_choice":"Upgraded","damage_taken":0,"max_hp_gain":0,"max_hp_loss":0,"event_name":"Upgrade Shrine","floor":4,"gold_loss":0,"cards_upgraded":["Terror"]}],"is_beta":true,"boss_relics":[{"not_picked":["Calling Bell","Sozu"],"picked":"Empty Cage"}],"items_purged_floors":[],"is_endless":false,"potions_floor_spawned":[3,7,10,13,14,20,21],"killed_by":"Shelled Parasite and Fungi","ascension_level":20}