{"gold_per_floor":[113,130,280,292,0,0,30,50,96,115,115],"floor_reached":11,"playtime":486,"items_purged":["Doubt"],"score":150,"play_id":"91310cf6-0ab6-4f3c-a0db-c9761553d4fe","local_time":"20190316041347","is_ascension_mode":true,"campfire_choices":[{"data":"Metallicize","floor":6,"key":"SMITH"}],"neow_cost":"NONE","seed_source_timestamp":234283062374996,"circlet_count":0,"master_deck":["AscendersBane","Strike_R","Strike_R","Strike_R","Strike_R","Strike_R","Defend_R","Defend_R","Defend_R","Defend_R","Bash","Clothesline","Spot Weakness","Metallicize+1","Anger","Rampage","Shrug It Off"],"relics":["Burning Blood","Medical Kit","Mercury Hourglass","Potion Belt"],"potions_floor_usage":[7,7,8],"damage_taken":[{"damage":18,"enemies":"Jaw Worm","floor":1,"turns":6},{"damage":7,"enemies":"Small Slimes","floor":2,"turns":3},{"damage":15,"enemies":"Cultist","floor":4,"turns":5},{"damage":30,"enemies":"3 Sentries","floor":7,"turns":12},{"damage":8,"enemies":"Large Slime","floor":8,"turns":5},{"damage":8,"enemies":"Looter","floor":10,"turns":3},{"damage":25,"enemies":"Gremlin Nob","floor":11,"turns":3}],"seed_played":"7275248744415301158","potions_obtained":[{"floor":2,"key":"EssenceOfSteel"},{"floor":4,"key":"SneckoOil"},{"floor":7,"key":"SpeedPotion"}],"is_trial":false,"path_per_floor":["M","M","?","M","$","R","E","M","T","M","E"],"character_chosen":"IRONCLAD","items_purchased":["Medical Kit"],"campfire_rested":0,"item_purchase_floors":[5],"current_hp_per_floor":[63,62,62,53,53,53,29,27,27,25,0],"gold":115,"neow_bonus":"TEN_PERCENT_HP_BONUS","is_prod":false,"is_daily":false,"chose_seed":false,"campfire_upgraded":1,"win_rate":0,"timestamp":1552724027,"path_taken":["M","M","?","M","$","R","E","M","T","M","E"],"build_version":"2019-01-23","purchased_purges":1,"victory":false,"max_hp_per_floor":[82,82,82,82,82,82,82,82,82,82,82],"card_choices":[{"not_picked":["Warcry","Cleave"],"picked":"Clothesline","floor":1},{"not_picked":["Ghostly Armor","Intimidate"],"picked":"Spot Weakness","floor":2},{"not_picked":["Armaments","Pummel"],"picked":"Metallicize","floor":4},{"not_picked":["Flex","Havoc"],"picked":"Anger","floor":7},{"not_picked":["Havoc","Armaments"],"picked":"Rampage","floor":8},{"not_picked":["Wild Strike","Anger"],"picked":"Shrug It Off","floor":10}],"player_experience":1159307,"relics_obtained":[{"floor":7,"key":"Mercury Hourglass"},{"floor":9,"key":"Potion Belt"}],"event_choices":[{"damage_healed":0,"gold_gain":150,"player_choice":"AGREE","damage_taken":0,"max_hp_gain":0,"max_hp_loss":0,"event_name":"Liars Game","floor":3,"gold_loss":0,"cards_obtained":["Doubt"]}],"is_beta":false,"boss_relics":[],"items_purged_floors":[5],"is_endless":false,"potions_floor_spawned":[2,4,7],"killed_by":"Gremlin Nob","ascension_level":20}