{"gold_per_floor":[115,43,57,57,68,103,103,129,129,129,139,414,430,445,445,549,549],"floor_reached":17,"playtime":720,"items_purged":[],"score":211,"play_id":"feac3486-24f1-42f7-a2f0-c60144f13a3a","local_time":"20190502003951","is_ascension_mode":true,"campfire_choices":[{"data":"Dualcast","floor":7,"key":"SMITH"},{"data":"Buffer","floor":10,"key":"SMITH"},{"data":"Barrage","floor":15,"key":"SMITH"}],"neow_cost":"NONE","seed_source_timestamp":482551378912759,"circlet_count":0,"master_deck":["Strike_B","Strike_B","Strike_B","Strike_B","Defend_B","Defend_B","Defend_B","Defend_B","Zap","Dualcast+1","Cold Snap","Static Discharge+1","Chill","Chill","Coolheaded","Buffer+1","Reinforced Body","Regret","Barrage+1","Seek"],"relics":["Cracked Core","NeowsBlessing","DataDisk","Meat on the Bone","Happy Flower","Fusion Hammer"],"potions_floor_usage":[11,16],"damage_taken":[{"damage":0,"enemies":"Jaw Worm","floor":1,"turns":1},{"damage":0,"enemies":"Cultist","floor":3,"turns":1},{"damage":0,"enemies":"Small Slimes","floor":5,"turns":1},{"damage":29,"enemies":"Gremlin Nob","floor":6,"turns":3},{"damage":0,"enemies":"3 Sentries","floor":8,"turns":11},{"damage":19,"enemies":"Gremlin Gang","floor":11,"turns":6},{"damage":5,"enemies":"Exordium Wildlife","floor":13,"turns":6},{"damage":12,"enemies":"Exordium Thugs","floor":14,"turns":6},{"damage":21,"enemies":"Slime Boss","floor":16,"turns":9}],"seed_played":"5169140496164495588","potions_obtained":[{"floor":6,"key":"Energy Potion"},{"floor":8,"key":"LiquidBronze"},{"floor":11,"key":"Explosive Potion"},{"floor":13,"key":"Block Potion"},{"floor":16,"key":"SkillPotion"}],"is_trial":false,"path_per_floor":["M","$","M","?","M","E","R","E","T","R","M","?","M","M","R","B",null],"character_chosen":"DEFECT","items_purchased":["Static Discharge"],"campfire_rested":0,"item_purchase_floors":[2],"current_hp_per_floor":[75,75,75,75,75,46,46,46,46,46,39,39,46,46,46,37,37],"gold":549,"neow_bonus":"THREE_ENEMY_KILL","is_prod":false,"is_daily":false,"chose_seed":false,"campfire_upgraded":3,"win_rate":0,"timestamp":1556771991,"path_taken":["M","$","M","?","?","E","R","E","T","R","M","?","M","M","R","BOSS"],"build_version":"2019-01-23","purchased_purges":0,"victory":false,"max_hp_per_floor":[75,75,75,75,75,75,75,75,75,75,75,75,75,75,75,75,75],"card_choices":[{"not_picked":["Rip and Tear","Reprogram"],"picked":"Cold Snap","floor":1},{"not_picked":["Gash","Rebound"],"picked":"Chill","floor":3},{"not_picked":["Skim","Compile Driver"],"picked":"Chill","floor":5},{"not_picked":["Ball Lightning","Double Energy"],"picked":"Coolheaded","floor":6},{"not_picked":["Reinforced Body","Leap"],"picked":"Buffer","floor":8},{"not_picked":["Streamline","Sunder"],"picked":"Reinforced Body","floor":11},{"not_picked":["Ball Lightning","Rebound"],"picked":"Barrage","floor":13},{"not_picked":["Doom and Gloom","Rebound","Compile Driver"],"picked":"SKIP","floor":14},{"not_picked":["Amplify","Machine Learning"],"picked":"Seek","floor":16}],"player_experience":937374,"relics_obtained":[{"floor":6,"key":"DataDisk"},{"floor":8,"key":"Meat on the Bone"},{"floor":9,"key":"Happy Flower"}],"event_choices":[{"damage_healed":0,"gold_gain":0,"player_choice":"Forge","damage_taken":0,"max_hp_gain":0,"max_hp_loss":0,"event_name":"Accursed Blacksmith","floor":4,"gold_loss":0,"cards_upgraded":["Static Discharge"]},{"damage_healed":0,"gold_gain":275,"player_choice":"Desecrate","damage_taken":0,"max_hp_gain":0,"max_hp_loss":0,"event_name":"Golden Shrine","floor":12,"gold_loss":0,"cards_obtained":["Regret"]}],"is_beta":false,"boss_relics":[{"not_picked":["Runic Pyramid","Runic Dome"],"picked":"Fusion Hammer"}],"items_purged_floors":[],"is_endless":false,"potions_floor_spawned":[6,8,11,13,14,16],"ascension_level":2}