{"gold_per_floor":[111,111,125,142,154,189,204,229,229,229,229],"floor_reached":11,"playtime":563,"items_purged":[],"score":220,"play_id":"7a0460d2-153a-4b15-b0f7-7598594fba5a","local_time":"20190505222656","is_ascension_mode":true,"campfire_choices":[{"floor":10,"key":"REST"}],"neow_cost":"NONE","seed_source_timestamp":478737163876647,"circlet_count":0,"master_deck":["AscendersBane","Strike_B","Strike_B","Strike_B","Strike_B","Defend_B","Defend_B","Defend_B","Defend_B","Zap","Dualcast","Electrodynamics+1","Darkness","Hologram","Skim","FTL","Echo Form"],"relics":["Cracked Core","Happy Flower","Juzu Bracelet","Frozen Egg 2"],"potions_floor_usage":[6,8,8],"damage_taken":[{"damage":7,"enemies":"Small Slimes","floor":1,"turns":3},{"damage":2,"enemies":"2 Louse","floor":3,"turns":2},{"damage":2,"enemies":"Jaw Worm","floor":4,"turns":3},{"damage":5,"enemies":"Red Slaver","floor":5,"turns":3},{"damage":39,"enemies":"Gremlin Nob","floor":6,"turns":4},{"damage":4,"enemies":"Looter","floor":7,"turns":4},{"damage":0,"enemies":"3 Sentries","floor":8,"turns":5},{"damage":53,"enemies":"Gremlin Nob","floor":11,"turns":3}],"seed_played":"-2004128928711311232","potions_obtained":[{"floor":1,"key":"SpeedPotion"},{"floor":4,"key":"Fire Potion"},{"floor":7,"key":"SkillPotion"}],"is_trial":false,"path_per_floor":["M","?","M","M","M","E","M","E","T","R","E"],"character_chosen":"DEFECT","items_purchased":[],"campfire_rested":1,"item_purchase_floors":[],"current_hp_per_floor":[57,57,55,53,48,9,5,5,5,26,0],"gold":229,"neow_bonus":"ONE_RANDOM_RARE_CARD","is_prod":false,"is_daily":false,"chose_seed":false,"campfire_upgraded":0,"win_rate":0,"timestamp":1557120416,"path_taken":["M","?","M","M","M","E","M","E","T","R","E"],"build_version":"2019-04-23","purchased_purges":0,"victory":false,"max_hp_per_floor":[71,71,71,71,71,71,71,71,71,71,71],"card_choices":[{"not_picked":["White Noise","Turbo"],"picked":"Darkness","floor":1},{"not_picked":["Fusion","Go for the Eyes","Steam"],"picked":"SKIP","floor":3},{"not_picked":["Sunder","Steam Power"],"picked":"Hologram","floor":4},{"not_picked":["Barrage","Streamline"],"picked":"Skim","floor":5},{"not_picked":["Blizzard","Skim"],"picked":"FTL","floor":6},{"not_picked":["Redo","Meteor Strike","Go for the Eyes"],"picked":"SKIP","floor":7},{"not_picked":["Melter","Reinforced Body"],"picked":"Echo Form","floor":8}],"player_experience":6197286,"relics_obtained":[{"floor":6,"key":"Happy Flower"},{"floor":8,"key":"Juzu Bracelet"},{"floor":9,"key":"Frozen Egg 2"}],"event_choices":[{"damage_healed":0,"gold_gain":0,"player_choice":"Grow","damage_taken":0,"max_hp_gain":0,"max_hp_loss":0,"event_name":"Living Wall","floor":2,"gold_loss":0,"cards_upgraded":["Electrodynamics"]}],"is_beta":true,"boss_relics":[],"items_purged_floors":[],"is_endless":false,"potions_floor_spawned":[1,4,7],"killed_by":"Gremlin Nob","ascension_level":20}