{"gold_per_floor":[117,128,15,15,25,25,41,76,128,163,163,34,34,45,45,119,119,138,50,67,67,67,67,94,106,106,133,133,133,133,150,150,150],"floor_reached":33,"playtime":2153,"items_purged":["Strike_B"],"score":662,"play_id":"1b26878f-6f4b-4504-9104-8448ff79dc49","local_time":"20190428140805","is_ascension_mode":true,"campfire_choices":[{"data":"Zap","floor":6,"key":"SMITH"},{"data":"White Noise","floor":11,"key":"SMITH"},{"data":"Coolheaded","floor":15,"key":"SMITH"},{"data":"Seek","floor":23,"key":"SMITH"},{"data":"Chaos","floor":30,"key":"SMITH"},{"floor":32,"key":"REST"}],"neow_cost":"NONE","seed_source_timestamp":9341152356053,"circlet_count":0,"master_deck":["AscendersBane","Strike_B+1","Strike_B+1","Strike_B+1","Defend_B+1","Defend_B+1","Defend_B+1","Defend_B+1","Zap+1","Dualcast","FTL","White Noise+1","Beam Cell","Cold Snap","Electrodynamics","Coolheaded+1","Steam","Compile Driver+1","Auto Shields","Seek+1","Genetic Algorithm","Lockon+1","Barrage+1","Clumsy","Chaos+1","Hologram+1"],"relics":["Cracked Core","Molten Egg 2","Art of War","Oddly Smooth Stone","Cursed Key","Ornamental Fan","Kunai","PreservedInsect"],"potions_floor_usage":[24],"damage_taken":[{"damage":4,"enemies":"Small Slimes","floor":1,"turns":3},{"damage":7,"enemies":"Jaw Worm","floor":2,"turns":3},{"damage":0,"enemies":"2 Louse","floor":5,"turns":2},{"damage":6,"enemies":"Exordium Wildlife","floor":7,"turns":2},{"damage":0,"enemies":"Lagavulin","floor":8,"turns":6},{"damage":29,"enemies":"Gremlin Nob","floor":10,"turns":4},{"damage":0,"enemies":"Large Slime","floor":14,"turns":3},{"damage":0,"enemies":"Slime Boss","floor":16,"turns":6},{"damage":0,"enemies":"Spheric Guardian","floor":18,"turns":3},{"damage":2,"enemies":"Shell Parasite","floor":20,"turns":4},{"damage":8,"enemies":"Slavers","floor":24,"turns":4},{"damage":5,"enemies":"Centurion and Healer","floor":25,"turns":3},{"damage":8,"enemies":"Book of Stabbing","floor":27,"turns":5},{"damage":16,"enemies":"Snake Plant","floor":31,"turns":5},{"damage":52,"enemies":"Champ","floor":33,"turns":13}],"seed_played":"6308347385871906857","potions_obtained":[{"floor":2,"key":"SkillPotion"},{"floor":5,"key":"Explosive Potion"},{"floor":24,"key":"SmokeBomb"},{"floor":31,"key":"Dexterity Potion"}],"is_trial":false,"path_per_floor":["M","M","$","?","M","R","M","E","T","E","R","$","?","M","R","B",null,"M","$","M","$","?","R","E","M","T","E","?","?","R","M","R","B"],"character_chosen":"DEFECT","items_purchased":["Beam Cell","Cold Snap","Compile Driver+1","Lockon+1"],"campfire_rested":1,"item_purchase_floors":[3,3,12,19],"current_hp_per_floor":[67,60,60,60,60,60,54,54,54,25,25,25,25,25,25,25,65,65,65,63,63,63,63,55,50,50,42,42,42,42,26,49,0],"gold":150,"neow_bonus":"TEN_PERCENT_HP_BONUS","is_prod":false,"is_daily":false,"chose_seed":false,"campfire_upgraded":5,"win_rate":0,"timestamp":1556453285,"path_taken":["M","M","$","?","M","R","M","E","T","E","R","$","?","M","R","BOSS","M","$","M","$","?","R","E","M","T","E","?","?","R","M","R","BOSS"],"build_version":"2019-01-23","purchased_purges":1,"victory":false,"max_hp_per_floor":[78,78,78,78,78,78,78,78,78,78,78,78,78,78,78,78,78,78,78,78,78,78,78,78,78,78,78,78,78,78,78,78,78],"card_choices":[{"not_picked":["Coolheaded","Hello World"],"picked":"FTL","floor":1},{"not_picked":["Beam Cell","Recycle"],"picked":"White Noise","floor":2},{"not_picked":["Redo","Leap"],"picked":"Electrodynamics","floor":5},{"not_picked":["Stack","Doom and Gloom"],"picked":"Coolheaded","floor":7},{"not_picked":["FTL","Redo","Turbo"],"picked":"SKIP","floor":8},{"not_picked":["Gash+1","Turbo"],"picked":"Steam","floor":10},{"not_picked":["Gash+1","Conserve Battery"],"picked":"Auto Shields","floor":14},{"not_picked":["Electrodynamics","Multi-Cast"],"picked":"Seek","floor":16},{"not_picked":["Compile Driver+1","Go for the Eyes+1"],"picked":"Genetic Algorithm","floor":18},{"not_picked":["Rebound+1","Streamline+1"],"picked":"Barrage+1","floor":20},{"not_picked":["Reboot","Recycle","Stack"],"picked":"SKIP","floor":24},{"not_picked":["Turbo","Redo","Conserve Battery"],"picked":"SKIP","floor":25},{"not_picked":["Steam Power","Double Energy","Conserve Battery"],"picked":"SKIP","floor":27},{"not_picked":["Compile Driver+1","Redo+1"],"picked":"Hologram+1","floor":31}],"player_experience":292267,"relics_obtained":[{"floor":8,"key":"Molten Egg 2"},{"floor":9,"key":"Art of War"},{"floor":10,"key":"Oddly Smooth Stone"},{"floor":24,"key":"Ornamental Fan"},{"floor":26,"key":"Kunai"},{"floor":27,"key":"PreservedInsect"}],"event_choices":[{"damage_healed":0,"gold_gain":0,"player_choice":"Ignored","damage_taken":0,"max_hp_gain":0,"max_hp_loss":0,"event_name":"Liars Game","floor":4,"gold_loss":0},{"damage_healed":0,"gold_gain":0,"player_choice":"Leave","damage_taken":0,"max_hp_gain":0,"max_hp_loss":0,"event_name":"The Cleric","floor":13,"gold_loss":0},{"damage_healed":0,"gold_gain":0,"player_choice":"Simplicity","damage_taken":0,"max_hp_gain":0,"max_hp_loss":0,"event_name":"Back to Basics","floor":22,"gold_loss":0,"cards_upgraded":["Strike_B","Strike_B","Strike_B","Defend_B","Defend_B","Defend_B","Defend_B"]},{"damage_healed":0,"gold_gain":0,"player_choice":"Read","damage_taken":0,"max_hp_gain":0,"max_hp_loss":0,"event_name":"The Library","floor":28,"gold_loss":0,"cards_obtained":["Chaos"]},{"damage_healed":0,"gold_gain":0,"player_choice":"Ignored","damage_taken":0,"max_hp_gain":0,"max_hp_loss":0,"event_name":"Ghosts","floor":29,"gold_loss":0}],"is_beta":false,"boss_relics":[{"not_picked":["White Beast Statue","Snecko Eye"],"picked":"Cursed Key"}],"items_purged_floors":[12],"is_endless":false,"potions_floor_spawned":[2,5,14,18,24,31],"killed_by":"Champ","ascension_level":16}