{"path_per_floor":["M","?","M","?","M","R","E","R","T","E","?","R","M","E","R","B",null,"M","M","?","M","?","R","M"],"character_chosen":"IRONCLAD","items_purchased":[],"gold_per_floor":[112,37,47,47,58,58,84,84,84,118,148,148,163,189,189,264,264,281,300,300,318,318,318,336,336],"floor_reached":25,"campfire_rested":1,"playtime":999,"current_hp_per_floor":[37,37,39,39,45,45,36,36,36,23,12,34,40,20,20,10,59,66,51,51,72,51,51,44,0],"items_purged":[],"gold":336,"score":387,"play_id":"ab819cbb-012a-4426-8457-79177e955c76","local_time":"20180418230126","is_prod":false,"is_daily":false,"chose_seed":false,"is_ascension_mode":true,"campfire_upgraded":2,"timestamp":1524106886,"path_taken":["M","?","M","?","?","R","E","R","T","E","?","R","M","E","R","BOSS","M","M","?","M","?","R","?","E"],"build_version":"2018-04-12","seed_source_timestamp":292370112955979,"purchased_purges":0,"victory":false,"master_deck":["Strike_R","Strike_R","Defend_R","Defend_R","Defend_R","Defend_R","Bash+1","AscendersBane","Infernal Blade+1","Headbutt","Shrug It Off","Spot Weakness","Disarm","Uppercut","Twin Strike","Bludgeon","Reaper","Clothesline","Double Tap","Feel No Pain","Sword Boomerang+1"],"max_hp_per_floor":[75,75,75,75,75,75,75,75,75,75,75,75,75,75,75,75,75,75,75,75,75,75,75,75,75],"relics":["Burning Blood","Bronze Scales","Girya","Gremlin Horn","Odd Mushroom","Toolbox","Cursed Key","Nilry\u0027s Codex"],"card_choices":[{"not_picked":["Warcry","Dual Wield"],"picked":"Infernal Blade","floor":1},{"not_picked":["Sword Boomerang","Warcry"],"picked":"Headbutt","floor":3},{"not_picked":["Seeing Red","Flex"],"picked":"Shrug It Off","floor":5},{"not_picked":["Pommel Strike","Armaments"],"picked":"Spot Weakness","floor":7},{"not_picked":["Armaments","Brutality"],"picked":"Disarm","floor":10},{"not_picked":["Combust","Armaments"],"picked":"Uppercut","floor":11},{"not_picked":["Havoc","Armaments"],"picked":"Twin Strike","floor":13},{"not_picked":["Wild Strike","Flex"],"picked":"Bludgeon","floor":14},{"not_picked":["Impervious","Berserk"],"picked":"Reaper","floor":16},{"not_picked":["Body Slam","Seeing Red"],"picked":"Clothesline","floor":18},{"not_picked":["Shrug It Off","Clash"],"picked":"Double Tap","floor":19},{"not_picked":["Second Wind","Sever Soul"],"picked":"Feel No Pain","floor":21},{"not_picked":["Clash","Dual Wield"],"picked":"Sword Boomerang","floor":24}],"player_experience":898273,"potions_floor_usage":[7,11,19],"damage_taken":[{"damage":3,"enemies":"Jaw Worm","floor":1,"turns":5},{"damage":4,"enemies":"Small Slimes","floor":3,"turns":3},{"damage":0,"enemies":"Cultist","floor":5,"turns":3},{"damage":15,"enemies":"3 Sentries","floor":7,"turns":8},{"damage":19,"enemies":"Gremlin Nob","floor":10,"turns":4},{"damage":17,"enemies":"The Mushroom Lair","floor":11,"turns":3},{"damage":0,"enemies":"2 Fungi Beasts","floor":13,"turns":3},{"damage":26,"enemies":"Lagavulin","floor":14,"turns":5},{"damage":16,"enemies":"Hexaghost","floor":16,"turns":8},{"damage":2,"enemies":"3 Byrds","floor":18,"turns":3},{"damage":21,"enemies":"2 Thieves","floor":19,"turns":3},{"damage":6,"enemies":"Snecko","floor":21,"turns":4},{"damage":13,"enemies":"Snake Plant","floor":24,"turns":2},{"damage":48,"enemies":"Slavers","floor":25,"turns":2}],"event_choices":[{"event_name":"The Cleric","player_choice":"Card Removal","floor":2,"damage_taken":0},{"event_name":"The Lab","player_choice":"Got Potions","floor":4,"damage_taken":0},{"event_name":"Mushrooms","player_choice":"Fought Mushrooms","floor":11,"damage_taken":0},{"event_name":"Match and Keep!","player_choice":"0 cards matched","floor":20,"damage_taken":0},{"event_name":"Cursed Tome","player_choice":"Obtained Book","floor":22,"damage_taken":0}],"boss_relics":[{"not_picked":["Tiny House","White Beast Statue"],"picked":"Cursed Key"}],"potions_floor_spawned":[5,13,16,24],"seed_played":"5556778008458929817","killed_by":"Slavers","ascension_level":15,"is_trial":false}