{"gold_per_floor":[117,135,153,169,169,169,180,191,191,151,151,2,2,19,19,91,91,111,122,122,132,58,58,78,78],"floor_reached":25,"playtime":694,"items_purged":[],"score":394,"play_id":"037e09cb-9cee-47d5-a2d9-5c506108964a","local_time":"20190404132934","is_ascension_mode":true,"campfire_choices":[{"data":"Bash","floor":6.0,"key":"SMITH"},{"data":"Fiend Fire","floor":11.0,"key":"SMITH"},{"data":"Clothesline","floor":13,"key":"SMITH"},{"data":"Evolve","floor":15,"key":"SMITH"},{"floor":23,"key":"REST"}],"neow_cost":"NONE","seed_source_timestamp":440337889752354,"circlet_count":0,"master_deck":["AscendersBane","Strike_R","Strike_R","Strike_R","Strike_R","Defend_R","Defend_R","Defend_R","Defend_R","Bash+1","Clothesline+1","True Grit","Warcry","Shrug It Off","Iron Wave","Fiend Fire+1","Evolve+1","Twin Strike","Immolate","Pommel Strike","Barricade","Inflame","Feel No Pain","Shrug It Off","Shockwave","Disarm"],"special_seed":0,"relics":["Burning Blood","Ancient Tea Set","Cursed Key"],"potions_floor_usage":[16,25],"damage_taken":[{"damage":4.0,"enemies":"Cultist","floor":1.0,"turns":4.0},{"damage":8.0,"enemies":"Small Slimes","floor":2.0,"turns":6.0},{"damage":0.0,"enemies":"2 Louse","floor":3.0,"turns":3.0},{"damage":16.0,"enemies":"Exordium Thugs","floor":4.0,"turns":4.0},{"damage":13.0,"enemies":"2 Fungi Beasts","floor":7.0,"turns":4.0},{"damage":8.0,"enemies":"Blue Slaver","floor":8.0,"turns":3.0},{"damage":3.0,"enemies":"Looter","floor":10.0,"turns":4.0},{"damage":0,"enemies":"3 Louse","floor":14,"turns":2},{"damage":38,"enemies":"Hexaghost","floor":16,"turns":8},{"damage":19,"enemies":"Shell Parasite","floor":18,"turns":3},{"damage":10,"enemies":"Chosen","floor":19,"turns":7},{"damage":45,"enemies":"Shelled Parasite and Fungi","floor":21,"turns":5},{"damage":19,"enemies":"Snake Plant","floor":24,"turns":3},{"damage":23,"enemies":"Gremlin Leader","floor":25,"turns":5}],"seed_played":"-487274585085922782","potions_obtained":[{"floor":1.0,"key":"AttackPotion"},{"floor":3.0,"key":"Explosive Potion"},{"floor":7.0,"key":"SkillPotion"},{"floor":8.0,"key":"Dexterity Potion"},{"floor":18,"key":"AttackPotion"}],"is_trial":false,"path_per_floor":["M","M","M","M","?","R","M","M","T","M","R","$","R","M","R","B",null,"M","M","?","M","$","R","M","E"],"character_chosen":"IRONCLAD","items_purchased":["Immolate","Shockwave"],"campfire_rested":1,"item_purchase_floors":[12,22],"current_hp_per_floor":[70,68,74,64,64,64,57,55,55,58,58,58,58,64,64,32,64,51,47,47,8,8,30,17,0],"gold":78,"neow_bonus":"THREE_CARDS","is_prod":false,"is_daily":false,"chose_seed":false,"campfire_upgraded":4,"win_rate":0,"timestamp":1554409774,"path_taken":["M","?","M","?","?","R","M","M","T","M","R","$","R","?","R","BOSS","M","M","?","M","?","R","M","E"],"build_version":"2019-03-15","purchased_purges":0,"victory":false,"max_hp_per_floor":[75,75,75,75,75,75,75,75,75,75,75,75,75,75,75,75,75,75,75,75,75,75,75,75,75],"card_choices":[{"not_picked":["Pummel","Warcry"],"picked":"Clothesline","floor":0.0},{"not_picked":["Hemokinesis","Pommel Strike"],"picked":"True Grit","floor":1.0},{"not_picked":["Burning Pact","Dropkick"],"picked":"Warcry","floor":2.0},{"not_picked":["Anger","Fire Breathing"],"picked":"Shrug It Off","floor":3.0},{"not_picked":["Sever Soul","Second Wind","Seeing Red"],"picked":"SKIP","floor":4.0},{"not_picked":["Shrug It Off","Anger"],"picked":"Fiend Fire","floor":7.0},{"not_picked":["Seeing Red","Rupture"],"picked":"Evolve","floor":8.0},{"not_picked":["Burning Pact","Rampage"],"picked":"Twin Strike","floor":10.0},{"not_picked":["Sentinel","Inflame"],"picked":"Pommel Strike","floor":14},{"not_picked":["Berserk","Double Tap"],"picked":"Barricade","floor":16},{"not_picked":["Warcry","Iron Wave"],"picked":"Inflame","floor":18},{"not_picked":["Havoc","Sentinel"],"picked":"Feel No Pain","floor":19},{"not_picked":["Body Slam","Flex"],"picked":"Shrug It Off","floor":21},{"not_picked":["Anger","Twin Strike"],"picked":"Disarm","floor":24}],"player_experience":1177198,"relics_obtained":[{"floor":9.0,"key":"Ancient Tea Set"}],"event_choices":[{"damage_healed":0.0,"max_hp_gain":0.0,"max_hp_loss":0.0,"gold_gain":0.0,"cards_transformed":["Strike_R"],"event_name":"Transmorgrifier","player_choice":"Transformed","floor":5.0,"gold_loss":0.0,"damage_taken":0.0,"cards_obtained":["Iron Wave"]},{"damage_healed":0,"gold_gain":0,"player_choice":"Ignored","damage_taken":0,"max_hp_gain":0,"max_hp_loss":0,"event_name":"The Mausoleum","floor":20,"gold_loss":0}],"is_beta":true,"boss_relics":[{"not_picked":["Pandora\u0027s Box","Black Star"],"picked":"Cursed Key"}],"items_purged_floors":[],"is_endless":false,"potions_floor_spawned":[1,3,7,8,14,18,19],"killed_by":"Gremlin Leader","ascension_level":20}