{"gold_per_floor":[112,70,70,81,101,101,165,165,165,183,183,209,209,243,243,321,321,291,53,78,98,118,118,151,151,151,151,163,175,175,190,190,262,262,275,328,328,339,355,355,370,370,370,370,389,389,423,436,436,436,436,436,436,25,51,51],"floor_reached":57,"playtime":3690,"items_purged":["Strike_R"],"score":2624,"play_id":"f2711134-709e-4f07-9fa3-3313655f561f","local_time":"20190421031330","is_ascension_mode":true,"campfire_choices":[{"data":"Armaments","floor":6,"key":"SMITH"},{"data":"Whirlwind","floor":8,"key":"SMITH"},{"data":"Fiend Fire","floor":11,"key":"SMITH"},{"data":"Bash","floor":13,"key":"SMITH"},{"data":"Metallicize","floor":15,"key":"SMITH"},{"data":"Demon Form","floor":23,"key":"SMITH"},{"data":"Feel No Pain","floor":27,"key":"SMITH"},{"data":"Heavy Blade","floor":32,"key":"SMITH"},{"data":"Corruption","floor":40,"key":"SMITH"},{"floor":42,"key":"RECALL"},{"data":"Feed","floor":46,"key":"SMITH"},{"data":"Feel No Pain","floor":49,"key":"SMITH"},{"floor":53,"key":"REST"}],"neow_cost":"NONE","seed_source_timestamp":806188502565049,"circlet_count":0,"master_deck":["AscendersBane","Strike_R","Strike_R","Strike_R","Defend_R","Defend_R","Defend_R","Defend_R","Bash+1","Fiend Fire+1","Clothesline","Whirlwind+1","Anger","Armaments+1","Feel No Pain+1","Metallicize+1","Demon Form+1","Heavy Blade+1","Pommel Strike","Warcry+1","Havoc+1","Shrug It Off","Exhume","Shrug It Off","Offering","Corruption+1","Feed+1","True Grit+1","Feel No Pain+1","Juggernaut","Disarm"],"relics":["Burning Blood","Champion Belt","Bird Faced Urn","Mummified Hand","Bag of Marbles","Blood Vial","Sozu","ClockworkSouvenir","Red Mask","PreservedInsect","Dead Branch","Runic Cube","Incense Burner","Paper Frog","Ancient Tea Set","Oddly Smooth Stone","Vajra","Bottled Flame"],"potions_floor_usage":[7,16,56],"damage_taken":[{"damage":11,"enemies":"2 Louse","floor":1,"turns":3},{"damage":9,"enemies":"Jaw Worm","floor":4,"turns":3},{"damage":12,"enemies":"Small Slimes","floor":5,"turns":3},{"damage":3,"enemies":"Gremlin Nob","floor":7,"turns":3},{"damage":10,"enemies":"Red Slaver","floor":10,"turns":2},{"damage":6,"enemies":"Gremlin Nob","floor":12,"turns":3},{"damage":25,"enemies":"Lagavulin","floor":14,"turns":5},{"damage":45,"enemies":"The Guardian","floor":16,"turns":14},{"damage":16,"enemies":"2 Thieves","floor":18,"turns":4},{"damage":32,"enemies":"Masked Bandits","floor":20,"turns":4},{"damage":0,"enemies":"3 Byrds","floor":21,"turns":4},{"damage":0,"enemies":"Snecko","floor":22,"turns":3},{"damage":21,"enemies":"Book of Stabbing","floor":24,"turns":4},{"damage":0,"enemies":"Sentry and Sphere","floor":28,"turns":3},{"damage":6,"enemies":"Snake Plant","floor":29,"turns":2},{"damage":3,"enemies":"Centurion and Healer","floor":31,"turns":4},{"damage":32,"enemies":"Collector","floor":33,"turns":7},{"damage":3,"enemies":"Orb Walker","floor":35,"turns":2},{"damage":38,"enemies":"2 Orb Walkers","floor":36,"turns":5},{"damage":0,"enemies":"3 Darklings","floor":38,"turns":1},{"damage":8,"enemies":"Maw","floor":39,"turns":4},{"damage":10,"enemies":"Writhing Mass","floor":41,"turns":3},{"damage":19,"enemies":"3 Darklings","floor":45,"turns":4},{"damage":25,"enemies":"Nemesis","floor":47,"turns":5},{"damage":7,"enemies":"Maw","floor":48,"turns":4},{"damage":22,"enemies":"Donu and Deca","floor":50,"turns":3},{"damage":69,"enemies":"Awakened One","floor":51,"turns":8},{"damage":40,"enemies":"Shield and Spear","floor":55,"turns":4},{"damage":30,"enemies":"The Heart","floor":56,"turns":8}],"seed_played":"-1648486076020812131","potions_obtained":[{"floor":4,"key":"Swift Potion"},{"floor":12,"key":"Regen Potion"},{"floor":14,"key":"SpeedPotion"}],"is_trial":false,"path_per_floor":["M","$","?","M","M","R","?","R","T","M","R","E","R","E","R","B",null,"M","$","?","M","M","R","E","?","T","R","M","M","T","M","R","B",null,"M","?","?","M","M","R","M","R","T","T","M","R","E","M","R","B","B",null,"R","$","E","B",null],"character_chosen":"IRONCLAD","items_purchased":["Whirlwind","Pommel Strike","ClockworkSouvenir","Vajra","Juggernaut"],"campfire_rested":1,"item_purchase_floors":[2,19,19,54,54],"current_hp_per_floor":[63,63,52,49,43,43,46,46,46,42,42,42,42,25,25,7,58,54,54,34,44,56,56,47,47,47,47,59,67,67,75,75,57,71,75,51,51,59,71,71,71,71,71,71,64,64,57,75,75,77,36,71,83,83,53,51],"gold":51,"neow_bonus":"ONE_RANDOM_RARE_CARD","is_prod":false,"is_daily":false,"chose_seed":false,"campfire_upgraded":11,"win_rate":0,"timestamp":1555830810,"path_taken":["M","$","?","M","M","R","?","R","T","M","R","E","R","E","R","BOSS","M","$","?","M","M","R","E","?","T","R","?","M","?","M","R","BOSS","M","?","?","M","M","R","M","R","T","?","?","R","E","M","R","BOSS","BOSS","R","$","E","BOSS"],"build_version":"2019-01-23","purchased_purges":1,"victory":true,"max_hp_per_floor":[75,75,75,75,75,75,75,75,75,75,75,75,75,75,75,75,75,75,75,75,75,75,75,75,75,75,75,75,75,75,75,75,75,75,75,75,71,71,71,71,71,71,71,71,71,71,71,75,75,79,83,83,83,83,83,83],"card_choices":[{"not_picked":["Clash","Body Slam"],"picked":"Clothesline","floor":1},{"not_picked":["Fire Breathing","Reckless Charge"],"picked":"Anger","floor":4},{"not_picked":["Thunderclap","Dual Wield"],"picked":"Armaments","floor":5},{"not_picked":["Entrench","Infernal Blade","Rage"],"picked":"SKIP","floor":10},{"not_picked":["Evolve","Feed"],"picked":"Feel No Pain","floor":12},{"not_picked":["Rupture","True Grit"],"picked":"Metallicize","floor":14},{"not_picked":["Limit Break","Dark Embrace"],"picked":"Demon Form","floor":16},{"not_picked":["Headbutt","Warcry"],"picked":"Heavy Blade","floor":18},{"not_picked":["Clash","Pommel Strike+1"],"picked":"Warcry+1","floor":20},{"not_picked":["Headbutt","Wild Strike"],"picked":"Havoc+1","floor":21},{"not_picked":["Twin Strike+1","Searing Blow","Flex"],"picked":"SKIP","floor":22},{"not_picked":["Fiend Fire","Flex","Berserk"],"picked":"SKIP","floor":24},{"not_picked":["Hemokinesis+1","Fire Breathing","Searing Blow"],"picked":"SKIP","floor":28},{"not_picked":["Shockwave","Havoc"],"picked":"Shrug It Off","floor":29},{"not_picked":["Flex","Wild Strike","Dropkick"],"picked":"SKIP","floor":31},{"not_picked":["Bludgeon","Feed"],"picked":"Exhume","floor":33},{"not_picked":["Clash+1","Pommel Strike","Iron Wave"],"picked":"SKIP","floor":35},{"not_picked":["Pommel Strike","Sword Boomerang"],"picked":"Shrug It Off","floor":36},{"not_picked":["Evolve","Havoc"],"picked":"Offering","floor":38},{"not_picked":["Cleave","Flex"],"picked":"Corruption","floor":39},{"not_picked":["Cleave","Thunderclap","Twin Strike"],"picked":"SKIP","floor":41},{"not_picked":["Flex","Sword Boomerang"],"picked":"Feed","floor":45},{"not_picked":["Body Slam","Ghostly Armor"],"picked":"True Grit+1","floor":47},{"not_picked":["Shrug It Off+1","Pommel Strike"],"picked":"Feel No Pain","floor":48},{"not_picked":["Perfected Strike","Hemokinesis+1"],"picked":"Disarm","floor":55}],"player_experience":1864440,"relics_obtained":[{"floor":7,"key":"Bird Faced Urn"},{"floor":9,"key":"Mummified Hand"},{"floor":12,"key":"Bag of Marbles"},{"floor":14,"key":"Blood Vial"},{"floor":20,"key":"Red Mask"},{"floor":24,"key":"PreservedInsect"},{"floor":26,"key":"Dead Branch"},{"floor":36,"key":"Incense Burner"},{"floor":43,"key":"Paper Frog"},{"floor":44,"key":"Ancient Tea Set"},{"floor":47,"key":"Oddly Smooth Stone"},{"floor":55,"key":"Bottled Flame"}],"event_choices":[{"damage_healed":0,"gold_gain":0,"player_choice":"Success","damage_taken":11,"relics_obtained":["Champion Belt"],"max_hp_gain":0,"max_hp_loss":0,"event_name":"Scrap Ooze","floor":3,"gold_loss":0},{"damage_healed":0,"gold_gain":0,"player_choice":"Searched \u00271\u0027 times","damage_taken":0,"max_hp_gain":0,"max_hp_loss":0,"event_name":"Dead Adventurer","floor":7,"gold_loss":0},{"damage_healed":0,"gold_gain":0,"player_choice":"Fought Bandits","damage_taken":0,"max_hp_gain":0,"max_hp_loss":0,"event_name":"Masked Bandits","floor":20,"gold_loss":0},{"cards_removed":["Strike_R"],"damage_healed":0,"gold_gain":0,"player_choice":"Card Removal","damage_taken":0,"max_hp_gain":0,"max_hp_loss":0,"event_name":"Wheel of Change","floor":25,"gold_loss":0},{"damage_healed":0,"gold_gain":0,"player_choice":"Fight","damage_taken":0,"max_hp_gain":0,"max_hp_loss":0,"event_name":"Mysterious Sphere","floor":36,"gold_loss":0},{"damage_healed":0,"gold_gain":0,"player_choice":"Max HP","damage_taken":0,"max_hp_gain":0,"max_hp_loss":4,"event_name":"Winding Halls","floor":37,"gold_loss":0}],"is_beta":false,"boss_relics":[{"not_picked":["Empty Cage","Philosopher\u0027s Stone"],"picked":"Sozu"},{"not_picked":["Calling Bell","White Beast Statue"],"picked":"Runic Cube"}],"items_purged_floors":[54],"is_endless":false,"potions_floor_spawned":[4,12,14,21,22,24,31,38,41,47,48],"ascension_level":20}