{"gold_per_floor":[110,160,171,31,51,51,81,81,133,133,143,99,125,142,142,221,221,235,235,235,285,301,301,332,332,358,358,358,358,9,21,21,21],"floor_reached":33,"playtime":1379,"items_purged":["Normality"],"score":592,"play_id":"0af8e0fe-a258-420c-a48e-489b4d5ec9ba","local_time":"20190424205009","is_ascension_mode":true,"campfire_choices":[{"data":"Loop","floor":6,"key":"SMITH"},{"data":"Zap","floor":8,"key":"SMITH"},{"data":"Streamline","floor":10,"key":"SMITH"},{"data":"Barrage","floor":15,"key":"SMITH"},{"data":"Coolheaded","floor":23,"key":"SMITH"},{"data":"Dualcast","floor":25,"key":"SMITH"},{"data":"Ghostly","floor":27,"key":"SMITH"},{"data":"Ghostly","floor":29,"key":"SMITH"},{"data":"Ghostly","floor":32,"key":"SMITH"}],"neow_cost":"NONE","seed_source_timestamp":182194347579015,"circlet_count":0,"master_deck":["AscendersBane","Strike_B+1","Strike_B+1","Strike_B+1","Strike_B+1","Defend_B+1","Defend_B+1","Defend_B+1","Defend_B+1","Zap+1","Dualcast+1","Streamline+1","Ball Lightning","Loop+1","Cold Snap","Steam","Go for the Eyes+1","Barrage+1","Compile Driver","Core Surge","Coolheaded+1","Ghostly+1","Ghostly+1","Ghostly+1","Go for the Eyes+1","All For One"],"relics":["Cracked Core","Ancient Tea Set","Juzu Bracelet","Anchor","Sundial","Cursed Key","Centennial Puzzle","Potion Belt"],"potions_floor_usage":[7,16,24,31,33,33,33,33],"damage_taken":[{"damage":2,"enemies":"Cultist","floor":1,"turns":4},{"damage":0,"enemies":"2 Louse","floor":3,"turns":3},{"damage":8,"enemies":"Small Slimes","floor":5,"turns":2},{"damage":33,"enemies":"Lagavulin","floor":7,"turns":4},{"damage":0,"enemies":"Red Slaver","floor":11,"turns":2},{"damage":6,"enemies":"Gremlin Nob","floor":13,"turns":3},{"damage":0,"enemies":"Large Slime","floor":14,"turns":4},{"damage":22,"enemies":"Slime Boss","floor":16,"turns":6},{"damage":23,"enemies":"3 Byrds","floor":18,"turns":4},{"damage":3,"enemies":"Shell Parasite","floor":22,"turns":5},{"damage":0,"enemies":"Slavers","floor":24,"turns":6},{"damage":2,"enemies":"Snecko","floor":31,"turns":5},{"damage":35,"enemies":"Champ","floor":33,"turns":9}],"seed_played":"4061497743788117263","potions_obtained":[{"floor":1,"key":"GamblersBrew"},{"floor":11,"key":"FairyPotion"},{"floor":18,"key":"Energy Potion"},{"floor":22,"key":"SkillPotion"},{"floor":24,"key":"AttackPotion"}],"is_trial":false,"path_per_floor":["M","?","M","$","M","R","E","R","T","R","M","?","E","M","R","B",null,"M","?","?","?","M","R","E","R","T","R","?","R","$","M","R","B"],"character_chosen":"DEFECT","items_purchased":["AttackPotion","Loop","Potion Belt","EntropicBrew"],"campfire_rested":0,"item_purchase_floors":[4,4,30,30],"current_hp_per_floor":[62,55,55,55,47,47,14,14,14,14,14,14,8,8,8,6,55,32,32,32,32,29,29,29,29,29,29,29,29,29,27,27,0],"gold":21,"neow_bonus":"RANDOM_COMMON_RELIC","is_prod":false,"is_daily":false,"chose_seed":false,"campfire_upgraded":9,"win_rate":0,"timestamp":1556153409,"path_taken":["M","?","M","$","?","R","E","R","T","R","M","?","E","M","R","BOSS","M","?","?","?","M","R","E","R","T","R","?","R","$","M","R","BOSS"],"build_version":"2019-01-23","purchased_purges":1,"victory":false,"max_hp_per_floor":[71,71,71,71,71,71,71,71,71,71,71,71,71,71,71,71,71,71,35,35,35,35,35,35,35,35,35,35,35,35,35,35,35],"card_choices":[{"not_picked":["Genetic Algorithm","Barrage"],"picked":"Streamline","floor":1},{"not_picked":["Hello World","Streamline"],"picked":"Ball Lightning","floor":3},{"not_picked":["Blizzard","Coolheaded"],"picked":"Cold Snap","floor":5},{"not_picked":["Turbo","Rip and Tear"],"picked":"Steam","floor":7},{"not_picked":["Conserve Battery","Compile Driver"],"picked":"Go for the Eyes","floor":11},{"not_picked":["Reboot","Stack"],"picked":"Barrage","floor":13},{"not_picked":["Beam Cell","Steam"],"picked":"Compile Driver","floor":14},{"not_picked":["Fission","Machine Learning"],"picked":"Core Surge","floor":16},{"not_picked":["Compile Driver","Streamline"],"picked":"Coolheaded","floor":18},{"not_picked":["Compile Driver","Tempest"],"picked":"Go for the Eyes+1","floor":22},{"not_picked":["Go for the Eyes","Hyperbeam"],"picked":"All For One","floor":24},{"not_picked":["Stack","Melter","Streamline"],"picked":"SKIP","floor":31}],"player_experience":1917834,"relics_obtained":[{"floor":7,"key":"Juzu Bracelet"},{"floor":9,"key":"Anchor"},{"floor":13,"key":"Sundial"},{"floor":24,"key":"Centennial Puzzle"}],"event_choices":[{"damage_healed":0,"gold_gain":50,"player_choice":"Touch","damage_taken":7,"max_hp_gain":0,"max_hp_loss":0,"event_name":"FaceTrader","floor":2,"gold_loss":0},{"damage_healed":0,"gold_gain":0,"player_choice":"Left Gold","damage_taken":0,"max_hp_gain":0,"max_hp_loss":0,"event_name":"World of Goop","floor":12,"gold_loss":44},{"damage_healed":0,"gold_gain":0,"player_choice":"Became a Ghost","damage_taken":0,"max_hp_gain":0,"max_hp_loss":36,"event_name":"Ghosts","floor":19,"gold_loss":0,"cards_obtained":["Ghostly","Ghostly","Ghostly"]},{"damage_healed":0,"gold_gain":0,"player_choice":"Forge","damage_taken":0,"max_hp_gain":0,"max_hp_loss":0,"event_name":"Accursed Blacksmith","floor":20,"gold_loss":0,"cards_upgraded":["Go for the Eyes"]},{"damage_healed":0,"gold_gain":50,"player_choice":"Stole From Cult","damage_taken":0,"max_hp_gain":0,"max_hp_loss":0,"event_name":"Nest","floor":21,"gold_loss":0},{"damage_healed":0,"gold_gain":0,"player_choice":"Simplicity","damage_taken":0,"max_hp_gain":0,"max_hp_loss":0,"event_name":"Back to Basics","floor":28,"gold_loss":0,"cards_upgraded":["Strike_B","Strike_B","Strike_B","Strike_B","Defend_B","Defend_B","Defend_B","Defend_B"]}],"is_beta":false,"boss_relics":[{"not_picked":["Coffee Dripper","Orrery"],"picked":"Cursed Key"}],"items_purged_floors":[30],"is_endless":false,"potions_floor_spawned":[1,11,13,14,18,22,24],"killed_by":"Champ","ascension_level":20}