{"path_per_floor":["M","?","?","M","M","R","E","R","T","R","M","?","E","M","R","B",null,"M","M","?","?","?","R","M","R","T","R","M","$","?","$","R"],"character_chosen":"THE_SILENT","items_purchased":["Tactician","Footwork","Caltrops"],"gold_per_floor":[113,113,113,126,137,137,168,168,168,168,182,246,271,291,291,364,364,383,403,403,403,328,328,339,339,366,366,376,75,75,3,3,3],"floor_reached":33,"campfire_rested":1,"playtime":1551,"current_hp_per_floor":[61,61,61,61,61,61,53,53,53,53,53,52,43,43,43,41,68,37,49,49,49,49,49,35,35,35,58,41,41,41,41,41,0],"items_purged":["Doubt"],"gold":3,"score":442,"play_id":"0ec46d10-a9fa-4cd0-afdb-39f62dec1592","local_time":"20180403224309","is_prod":false,"is_daily":false,"is_ascension_mode":true,"campfire_upgraded":7,"timestamp":1522809789,"path_taken":["M","?","?","M","?","R","E","R","T","R","M","?","E","?","R","BOSS","M","M","?","?","?","R","M","R","T","R","M","$","?","?","R","BOSS"],"build_version":"2018-03-29v2","purchased_purges":1,"victory":false,"master_deck":["Defend_G","Defend_G","Defend_G","Defend_G","Defend_G","Strike_G","Strike_G","Strike_G","Strike_G","Strike_G","Survivor","Neutralize+1","AscendersBane","Poisoned Stab","Riddle With Holes","Backstab","All Out Attack","Dagger Spray","Calculated Gamble+1","Dagger Spray","Neutralize+1","Prepared+1","Noxious Fumes+1","Underhanded Strike","Underhanded Strike","Tools of the Trade+1","Acrobatics","Storm of Steel","Regret","Caltrops","Escape Plan","Leg Sweep+1","Footwork+1","Underhanded Strike","Tactician","Footwork","Tools of the Trade+1","Caltrops"],"max_hp_per_floor":[70,70,70,70,70,70,70,70,70,70,70,77,77,77,77,77,77,77,77,77,77,77,77,77,77,77,77,77,77,77,77,77,77],"relics":["Orrery","Thread and Needle","Meat on the Bone","Strawberry","Anchor","Calling Bell","Bag of Preparation","Dream Catcher","Question Card","Prayer Wheel"],"card_choices":[{"not_picked":["Backflip","Cloak And Dagger"],"picked":"Poisoned Stab","floor":0},{"not_picked":["Masterful Stab","Finisher"],"picked":"Riddle With Holes","floor":0},{"not_picked":["Dodge and Roll","Dagger Throw"],"picked":"Backstab","floor":0},{"not_picked":["Concentrate","Finisher"],"picked":"All Out Attack","floor":0},{"not_picked":["Endless Agony","Cloak And Dagger"],"picked":"Dagger Spray","floor":0},{"not_picked":["Prepared","Acrobatics"],"picked":"Calculated Gamble","floor":1},{"not_picked":["Well Laid Plans","Flying Knee"],"picked":"Prepared","floor":4},{"not_picked":["Dagger Spray","Poisoned Stab"],"picked":"Noxious Fumes","floor":5},{"not_picked":["Outmaneuver","Deflect"],"picked":"Underhanded Strike","floor":7},{"not_picked":["Dodge and Roll","Distraction"],"picked":"Underhanded Strike","floor":11},{"not_picked":["Deflect","Prepared"],"picked":"Tools of the Trade","floor":12},{"not_picked":["Outmaneuver","Well Laid Plans"],"picked":"Acrobatics","floor":14},{"not_picked":["Glass Knife","Burst"],"picked":"Storm of Steel","floor":16},{"not_picked":["Deflect","Backflip","Poisoned Stab"],"picked":"Caltrops","floor":18},{"not_picked":["Backflip","Prepared","Cloak And Dagger"],"picked":"Escape Plan","floor":19},{"not_picked":["Crippling Poison","Deadly Poison","Sucker Punch"],"picked":"Leg Sweep","floor":24},{"not_picked":["Dodge and Roll","Quick Slash","Endless Agony"],"picked":"Footwork","floor":27},{"not_picked":["Deflect","Slice","Endless Agony"],"picked":"Underhanded Strike","floor":28}],"player_experience":655197,"potions_floor_usage":[7,12,13,13,16,16,33],"damage_taken":[{"damage":2,"enemies":"Jaw Worm","floor":1,"turns":3},{"damage":0,"enemies":"Cultist","floor":4,"turns":2},{"damage":0,"enemies":"2 Louse","floor":5,"turns":1},{"damage":8,"enemies":"3 Sentries","floor":7,"turns":4},{"damage":0,"enemies":"Gremlin Gang","floor":11,"turns":3},{"damage":20,"enemies":"Gremlin Nob","floor":12,"turns":5},{"damage":9,"enemies":"Lagavulin","floor":13,"turns":8},{"damage":0,"enemies":"2 Fungi Beasts","floor":14,"turns":2},{"damage":14,"enemies":"Hexaghost","floor":16,"turns":10},{"damage":43,"enemies":"Spheric Guardian","floor":18,"turns":6},{"damage":0,"enemies":"3 Byrds","floor":19,"turns":5},{"damage":26,"enemies":"3 Cultists","floor":24,"turns":6},{"damage":17,"enemies":"Snecko","floor":28,"turns":6},{"damage":56,"enemies":"Automaton","floor":33,"turns":6}],"event_choices":[{"event_name":"The Lab","player_choice":"Got Potions","floor":2,"damage_taken":0},{"event_name":"Match and Keep!","player_choice":"2 cards matched","floor":3,"damage_taken":0},{"event_name":"Dead Adventurer","player_choice":"Searched \u00271\u0027 times","floor":12,"damage_taken":0},{"event_name":"Ghosts","player_choice":"Ignored","floor":20,"damage_taken":0},{"event_name":"Accursed Blacksmith","player_choice":"Forge","floor":21,"damage_taken":0},{"event_name":"Beggar","player_choice":"Gave Gold","floor":22,"damage_taken":0},{"event_name":"Duplicator","player_choice":"One dupe","floor":30,"damage_taken":0}],"boss_relics":[{"not_picked":["Runic Pyramid","Runic Dome"],"picked":"Calling Bell"}],"potions_floor_spawned":[7,11,12,13,19],"seed_played":"2892177235664648007","killed_by":"Automaton","ascension_level":13,"is_trial":false}