{"path_per_floor":["M","?","M","?","?","R","E","R","T","R","$","M","T","?","R","B",null,"M","T","?","?","M","R","E","$","T","M","M","?","R","M","R"],"character_chosen":"DEFECT","items_purchased":["Storm","Loop","Tiny Chest","Core Surge","Pen Nib"],"gold_per_floor":[110,110,124,124,74,74,101,101,156,156,2,22,49,49,49,149,149,169,250,250,500,515,515,544,60,60,72,83,83,83,102,102,102],"floor_reached":33,"campfire_rested":0,"playtime":1121,"item_purchase_floors":[11,25,25,25,25],"current_hp_per_floor":[75,75,75,68,68,68,68,68,68,68,68,68,68,68,68,54,75,65,65,65,65,65,65,49,49,49,44,50,50,50,25,25,0],"items_purged":["Strike_B","Regret"],"gold":102,"score":286,"play_id":"1c196f87-5f35-4115-94e5-aa8debb5ab73","local_time":"20180616143826","is_prod":false,"is_daily":false,"chose_seed":false,"is_ascension_mode":false,"campfire_upgraded":7,"win_rate":0,"timestamp":1529174306,"campfire_choices":[{"data":"Doom and Gloom","floor":6,"key":"SMITH"},{"data":"Zap","floor":8,"key":"SMITH"},{"data":"Zap","floor":10,"key":"SMITH"},{"data":"Chaos","floor":15,"key":"SMITH"},{"data":"Dualcast","floor":23,"key":"SMITH"},{"data":"Storm","floor":30,"key":"SMITH"},{"data":"Redo","floor":32,"key":"SMITH"}],"path_taken":["M","?","?","?","?","R","E","R","T","R","$","?","?","?","R","BOSS","M","?","?","?","M","R","E","$","T","M","M","?","R","M","R","BOSS"],"build_version":"2018-06-14v2","seed_source_timestamp":303283204675459,"purchased_purges":2,"victory":false,"master_deck":["Strike_B","Strike_B","Defend_B","Defend_B","Defend_B","Zap+1","Dualcast+1","Heatsinks","Reboot","Zap+1","Doom and Gloom+1","Melter","Storm+1","Chaos+1","Core Surge","Sweeping Beam","Self Repair","Static Discharge","Loop","Core Surge","Fusion+1","Redo+1"],"max_hp_per_floor":[75,75,75,75,75,75,75,75,75,75,75,75,75,75,75,75,75,75,75,75,75,75,75,75,75,75,75,75,75,75,75,75,75],"relics":["Cracked Core","NeowsBlessing","Shovel","Ancient Tea Set","Happy Flower","Sozu","Smiling Mask","Letter Opener","Tiny Chest","Pen Nib","Centennial Puzzle"],"card_choices":[{"not_picked":["Compile Driver","Leap"],"picked":"Heatsinks","floor":1},{"not_picked":["Compile Driver","Stack"],"picked":"Doom and Gloom","floor":3},{"not_picked":["Stack","Leap"],"picked":"Melter","floor":7},{"not_picked":["Go for the Eyes","Compile Driver"],"picked":"Chaos","floor":12},{"not_picked":["Fission","Meteor Strike"],"picked":"Core Surge","floor":16},{"not_picked":["Compile Driver","Leap"],"picked":"Sweeping Beam","floor":18},{"not_picked":["Leap","Lockon"],"picked":"Self Repair","floor":22},{"not_picked":["Streamline","Lockon"],"picked":"Static Discharge","floor":24},{"not_picked":["Self Repair","Compile Driver"],"picked":"Fusion+1","floor":27},{"not_picked":["Beam Cell","Recycle","Steam"],"picked":"SKIP","floor":28},{"not_picked":["Conserve Battery","Auto Shields"],"picked":"Redo","floor":31}],"player_experience":948763,"potions_floor_usage":[16,27],"damage_taken":[{"damage":0,"enemies":"Small Slimes","floor":1,"turns":1},{"damage":0,"enemies":"Cultist","floor":3,"turns":1},{"damage":0,"enemies":"Gremlin Nob","floor":7,"turns":1},{"damage":0,"enemies":"2 Louse","floor":12,"turns":1},{"damage":14,"enemies":"The Guardian","floor":16,"turns":8},{"damage":10,"enemies":"Shell Parasite","floor":18,"turns":4},{"damage":0,"enemies":"Spheric Guardian","floor":22,"turns":2},{"damage":23,"enemies":"Gremlin Leader","floor":24,"turns":5},{"damage":12,"enemies":"3 Cultists","floor":27,"turns":3},{"damage":1,"enemies":"Chosen and Byrds","floor":28,"turns":3},{"damage":32,"enemies":"Slaver and Parasite","floor":31,"turns":3},{"damage":27,"enemies":"Automaton","floor":33,"turns":4}],"relics_obtained":[{"floor":7,"key":"Shovel"},{"floor":9,"key":"Ancient Tea Set"},{"floor":13,"key":"Happy Flower"},{"floor":19,"key":"Smiling Mask"},{"floor":24,"key":"Letter Opener"},{"floor":26,"key":"Centennial Puzzle"}],"event_choices":[{"event_name":"Match and Keep!","player_choice":"2 cards matched","floor":2,"damage_taken":0},{"event_name":"Golden Wing","player_choice":"Card Removal","floor":4,"damage_taken":0},{"event_name":"The Cleric","player_choice":"Card Removal","floor":5,"damage_taken":0},{"event_name":"Liars Game","player_choice":"disagreed","floor":14,"damage_taken":0},{"event_name":"The Woman in Blue","player_choice":"Bought 0 Potions","floor":20,"damage_taken":0},{"event_name":"Golden Shrine","player_choice":"Desecrate","floor":21,"damage_taken":0},{"event_name":"Drug Dealer","player_choice":"Ignored","floor":29,"damage_taken":0}],"boss_relics":[{"not_picked":["Ectoplasm","Snecko Eye"],"picked":"Sozu"}],"items_purged_floors":[11,25],"is_endless":false,"potions_floor_spawned":[7,16,22,24,27,28],"seed_played":"4370613112500479825","killed_by":"Automaton","ascension_level":0,"potions_obtained":[{"floor":7,"key":"FocusPotion"},{"floor":16,"key":"FearPotion"}],"is_trial":false}