{"gold_per_floor":[114,133,133,133,20,47,47,65,65,82,82],"floor_reached":11,"playtime":514,"items_purged":[],"score":146,"play_id":"1146013f-890f-4c06-be2f-e1344f15f6e3","local_time":"20190405153704","is_ascension_mode":true,"campfire_choices":[{"data":"Uppercut","floor":7,"key":"SMITH"}],"neow_cost":"NONE","seed_source_timestamp":365012967796320,"circlet_count":0,"master_deck":["AscendersBane","Strike_R","Strike_R","Strike_R","Strike_R","Strike_R+1","Defend_R+1","Defend_R","Defend_R","Defend_R","Bash","Evolve","Shrug It Off","Uppercut+1","Iron Wave","Flame Barrier","Shrug It Off","True Grit","Intimidate"],"relics":["Burning Blood","Charon\u0027s Ashes","Prayer Wheel"],"potions_floor_usage":[],"damage_taken":[{"damage":6,"enemies":"Cultist","floor":1,"turns":3},{"damage":4,"enemies":"Small Slimes","floor":2,"turns":4},{"damage":42,"enemies":"3 Sentries","floor":6,"turns":12},{"damage":3,"enemies":"2 Louse","floor":8,"turns":4},{"damage":5,"enemies":"Lots of Slimes","floor":10,"turns":5}],"seed_played":"5463809776829679498","potions_obtained":[{"floor":1,"key":"Weak Potion"}],"is_trial":false,"path_per_floor":["M","M","?","?","$","E","R","M","T","M","?"],"character_chosen":"IRONCLAD","items_purchased":["Uppercut","Iron Wave"],"campfire_rested":0,"item_purchase_floors":[5,5],"current_hp_per_floor":[75,77,52,52,52,16,16,19,19,20,0],"gold":82,"neow_bonus":"TEN_PERCENT_HP_BONUS","is_prod":false,"is_daily":false,"chose_seed":false,"campfire_upgraded":1,"win_rate":0,"timestamp":1554493024,"path_taken":["M","?","?","?","$","E","R","M","T","?","?"],"build_version":"2019-01-23","purchased_purges":0,"victory":false,"max_hp_per_floor":[82,82,82,82,82,82,82,82,82,82,82],"card_choices":[{"not_picked":["Sever Soul","Body Slam"],"picked":"Evolve","floor":1},{"not_picked":["Burning Pact","Body Slam"],"picked":"Shrug It Off","floor":2},{"not_picked":["Carnage","Heavy Blade"],"picked":"Flame Barrier","floor":6},{"not_picked":["Armaments","Wild Strike"],"picked":"Shrug It Off","floor":8},{"not_picked":["Warcry","Iron Wave"],"picked":"True Grit","floor":10},{"not_picked":["Body Slam","Fire Breathing"],"picked":"Intimidate","floor":10}],"player_experience":1624082,"relics_obtained":[{"floor":6,"key":"Charon\u0027s Ashes"},{"floor":9,"key":"Prayer Wheel"}],"event_choices":[{"damage_healed":0,"gold_gain":0,"player_choice":"Entered Light","damage_taken":25,"max_hp_gain":0,"max_hp_loss":0,"event_name":"Shining Light","floor":3,"gold_loss":0,"cards_upgraded":["Strike_R","Defend_R"]},{"damage_healed":0,"gold_gain":0,"player_choice":"0 cards matched","damage_taken":0,"max_hp_gain":0,"max_hp_loss":0,"event_name":"Match and Keep!","floor":4,"gold_loss":0,"cards_obtained":[]}],"is_beta":false,"boss_relics":[],"items_purged_floors":[],"is_endless":false,"potions_floor_spawned":[1],"ascension_level":20}