{"path_per_floor":["M","?","?","M","$","E","R","E","T","M","E","R","M","M","R","B",null,"M","?","M","?","M","R","E","R","T","E","$","?","?","E","R","B",null,"M","M","?","?","$","E","R","M","T","M","?","$","?","E","R","B"],"character_chosen":"IRONCLAD","items_purchased":["Barricade","Thunderclap","Torii","Poison Potion","Ancient Potion","Art of War","Evolve","Fire Potion","Body Slam"],"gold_per_floor":[14,189,189,208,55,90,90,119,145,158,188,188,201,216,216,317,317,328,328,344,344,359,359,388,388,464,499,71,71,71,102,102,200,230,247,264,264,234,80,107,107,123,149,165,165,10,10,41,41,41],"floor_reached":51,"campfire_rested":0,"playtime":4185,"current_hp_per_floor":[96,96,77,83,83,70,70,55,62,60,68,68,74,80,80,72,103,93,77,61,61,49,49,47,47,57,28,28,28,65,38,38,43,118,116,100,100,100,100,52,52,11,13,13,118,118,118,74,74,20],"items_purged":["Doubt"],"gold":41,"play_id":"4b7a554c-bbaa-47fb-a66e-339663c96ee3","is_prod":false,"is_daily":false,"is_ascension_mode":true,"campfire_upgraded":8,"path_taken":["M","?","?","M","$","E","R","E","T","M","E","R","?","M","R","BOSS","M","?","?","?","M","R","E","R","T","E","$","?","?","E","R","BOSS","M","M","?","?","$","E","R","?","T","M","?","?","?","E","R","BOSS"],"build_version":"2018-02-01-PROD3","purchased_purges":5,"victory":true,"master_deck":["Strike_R+1","Strike_R+1","Strike_R+1","Strike_R+1","Defend_R+1","Defend_R+1","Defend_R+1","Defend_R+1","Bash+1","Uppercut+1","Perfected Strike+1","Barricade+1","Shrug It Off+1","Wild Strike+1","Metallicize+1","Juggernaut+1","Feel No Pain+1","Inflame+1","Feed","Thunderclap+1","Demon Form+1","Spot Weakness+1","Wild Strike+1","Body Slam+1","Disarm+1","Evolve+1","Dual Wield"],"max_hp_per_floor":[96,96,96,96,96,96,96,96,103,103,103,103,103,103,103,103,103,103,103,103,103,103,103,103,103,113,113,113,113,113,113,113,113,118,118,121,121,121,121,121,121,121,123,128,118,118,118,120,120,120],"relics":["Burning Blood","Vajra","Self Forming Clay","Strawberry","War Paint","Velvet Choker","Enchiridion","Bronze Scales","Pear","Prayer Wheel","Torii","Whetstone","Tiny House","Art of War","Shuriken","Singing Bowl","Centennial Puzzle"],"card_choices":[{"not_picked":["Sword Boomerang","Thunderclap"],"picked":"Uppercut"},{"not_picked":["Warcry","Wild Strike"],"picked":"Perfected Strike"},{"not_picked":["Sword Boomerang","Seeing Red"],"picked":"Shrug It Off"},{"not_picked":["Bludgeon","Cleave"],"picked":"Wild Strike"},{"not_picked":["Disarm","Havoc"],"picked":"Metallicize"},{"not_picked":["Bludgeon","Reaper"],"picked":"Juggernaut"},{"not_picked":["Inflame","Dropkick"],"picked":"Feel No Pain"},{"not_picked":["Thunderclap","Clothesline"],"picked":"Inflame"},{"not_picked":["Sentinel","Uppercut"],"picked":"Feed"},{"not_picked":["Berserk","Feed"],"picked":"Demon Form"},{"not_picked":["Thunderclap","Anger"],"picked":"Spot Weakness"},{"not_picked":["Clothesline","Sword Boomerang"],"picked":"Wild Strike"},{"not_picked":["Twin Strike","Burning Pact"],"picked":"Body Slam"},{"not_picked":["Havoc","Twin Strike"],"picked":"Disarm"}],"player_experience":116316,"potions_floor_usage":[8,11,20,22,24,31,33,33,36,40,40,40,50,50,50],"damage_taken":[{"damage":6,"enemies":"Cultist","floor":1,"turns":3},{"damage":0,"enemies":"2 Louse","floor":4,"turns":2},{"damage":19,"enemies":"3 Sentries","floor":6,"turns":8},{"damage":21,"enemies":"Lagavulin","floor":8,"turns":5},{"damage":8,"enemies":"Blue Slaver","floor":10,"turns":2},{"damage":13,"enemies":"3 Sentries","floor":11,"turns":8},{"damage":0,"enemies":"Looter","floor":13,"turns":2},{"damage":0,"enemies":"3 Louse","floor":14,"turns":4},{"damage":14,"enemies":"The Guardian","floor":16,"turns":11},{"damage":16,"enemies":"Spheric Guardian","floor":18,"turns":4},{"damage":22,"enemies":"2 Thieves","floor":20,"turns":4},{"damage":18,"enemies":"Cultist and Chosen","floor":22,"turns":6},{"damage":8,"enemies":"Book of Stabbing","floor":24,"turns":4},{"damage":35,"enemies":"Slavers","floor":27,"turns":5},{"damage":33,"enemies":"Gremlin Leader","floor":31,"turns":5},{"damage":1,"enemies":"Champ","floor":33,"turns":8},{"damage":8,"enemies":"Orb Walker","floor":35,"turns":4},{"damage":25,"enemies":"3 Shapes","floor":36,"turns":5},{"damage":54,"enemies":"2 Orb Walkers","floor":40,"turns":6},{"damage":47,"enemies":"Sphere and 2 Shapes","floor":42,"turns":5},{"damage":11,"enemies":"3 Darklings","floor":44,"turns":5},{"damage":52,"enemies":"Giant Head","floor":48,"turns":8},{"damage":60,"enemies":"Awakened One","floor":50,"turns":9}],"event_choices":[{"event_name":"Liars Game","player_choice":"agreed","floor":2,"damage_taken":0},{"event_name":"Shining Light","player_choice":"Entered Light","floor":3,"damage_taken":0},{"event_name":"Cursed Tome","player_choice":"Obtained Book","floor":19,"damage_taken":0},{"event_name":"Back to Basics","player_choice":"Simplicity","floor":21,"damage_taken":0},{"event_name":"Vampires","player_choice":"Ignored","floor":29,"damage_taken":0},{"event_name":"The Library","player_choice":"Heal","floor":30,"damage_taken":0},{"event_name":"The Woman in Blue","player_choice":"Bought 2 Potions","floor":38,"damage_taken":0},{"event_name":"The Moai Head","player_choice":"Heal","floor":45,"damage_taken":0},{"event_name":"Transmorgrifier","player_choice":"Transform","floor":47,"damage_taken":0}],"boss_relics":[{"not_picked":["Pandora\u0027s Box","Philosopher\u0027s Stone"],"picked":"Velvet Choker"},{"not_picked":["Black Blood","Runic Pyramid"],"picked":"Tiny House"}],"potions_floor_spawned":[1,8,10,18,22,31,35,40,42,48],"seed_played":"5152471406246828842","ascension_level":2,"is_trial":false}