{"gold_per_floor":[369,114,125,125,141,141,166,177,177,194,228,241,261,296,296,398,398,415,434,434],"floor_reached":20,"playtime":1447,"items_purged":["Pain"],"score":357,"play_id":"ae9dbcef-1643-41e6-bff2-78321a81b0bd","local_time":"20190320000144","is_ascension_mode":true,"campfire_choices":[{"data":"Zap","floor":6,"key":"SMITH"},{"data":"Consume","floor":15,"key":"SMITH"}],"neow_cost":"CURSE","seed_source_timestamp":252727956295696,"circlet_count":0,"master_deck":["AscendersBane","Strike_B","Strike_B","Strike_B","Strike_B","Defend_B","Defend_B","Defend_B","Zap+1","Dualcast","Hologram","Self Repair","Glacier","BootSequence","Consume+1","Core Surge","Compile Driver","Barrage","Loop","Compile Driver+1","Ball Lightning+1","Buffer","Capacitor","Stack","Electrodynamics","Coolheaded+1","Self Repair"],"relics":["Cracked Core","Kunai","Molten Egg 2","Cables","Question Card","Runic Dome"],"potions_floor_usage":[7,8,11,14,16,20],"damage_taken":[{"damage":8,"enemies":"Cultist","floor":1,"turns":4},{"damage":4,"enemies":"2 Louse","floor":3,"turns":3},{"damage":0,"enemies":"Jaw Worm","floor":5,"turns":8},{"damage":25,"enemies":"Gremlin Nob","floor":7,"turns":4},{"damage":8,"enemies":"Gremlin Gang","floor":8,"turns":6},{"damage":0,"enemies":"Exordium Thugs","floor":10,"turns":7},{"damage":14,"enemies":"Lagavulin","floor":11,"turns":7},{"damage":5,"enemies":"2 Fungi Beasts","floor":12,"turns":3},{"damage":0,"enemies":"Looter","floor":13,"turns":2},{"damage":0,"enemies":"3 Sentries","floor":14,"turns":6},{"damage":18,"enemies":"Slime Boss","floor":16,"turns":8},{"damage":0,"enemies":"Chosen","floor":18,"turns":3},{"damage":13,"enemies":"Shell Parasite","floor":19,"turns":5},{"damage":70,"enemies":"Masked Bandits","floor":20,"turns":5}],"seed_played":"540488394403416050","potions_obtained":[{"floor":1,"key":"Poison Potion"},{"floor":5,"key":"SkillPotion"},{"floor":8,"key":"Poison Potion"},{"floor":12,"key":"Fire Potion"},{"floor":14,"key":"Strength Potion"},{"floor":18,"key":"SteroidPotion"}],"is_trial":false,"path_per_floor":["M","$","M","?","M","R","E","M","T","M","E","M","M","E","R","B",null,"M","M","?"],"character_chosen":"DEFECT","items_purchased":["Self Repair","Glacier","BootSequence"],"campfire_rested":0,"item_purchase_floors":[2,2,2],"current_hp_per_floor":[60,60,63,63,70,70,52,51,51,58,51,46,46,53,53,42,67,67,61,0],"gold":434,"neow_bonus":"TWO_FIFTY_GOLD","is_prod":false,"is_daily":false,"chose_seed":false,"campfire_upgraded":2,"win_rate":0,"timestamp":1553054504,"path_taken":["M","$","M","?","M","R","E","?","T","M","E","M","M","E","R","BOSS","M","M","?"],"build_version":"2019-01-23","purchased_purges":1,"victory":false,"max_hp_per_floor":[75,75,75,75,75,75,75,75,75,75,75,75,75,75,75,75,75,75,75,75],"card_choices":[{"not_picked":["Gash","Redo"],"picked":"Hologram","floor":1},{"not_picked":["Skim","Stack"],"picked":"Consume","floor":3},{"not_picked":["Hello World","Turbo"],"picked":"Compile Driver","floor":5},{"not_picked":["Amplify","Scrape"],"picked":"Barrage","floor":7},{"not_picked":["Stack","Aggregate"],"picked":"Loop","floor":8},{"not_picked":["Force Field","Rebound+1"],"picked":"Compile Driver+1","floor":10},{"not_picked":["Hologram","Scrape+1"],"picked":"Ball Lightning+1","floor":11},{"not_picked":["Coolheaded","Aggregate"],"picked":"Buffer","floor":12},{"not_picked":["Doom and Gloom+1","Fusion"],"picked":"Capacitor","floor":13},{"not_picked":["Sweeping Beam+1","Tempest"],"picked":"Stack","floor":14},{"not_picked":["Buffer","Amplify","Seek"],"picked":"Electrodynamics","floor":16},{"not_picked":["Streamline+1","Hologram","Turbo"],"picked":"Coolheaded+1","floor":18},{"not_picked":["FTL+1","Hologram","Go for the Eyes+1"],"picked":"Self Repair","floor":19}],"player_experience":1275300,"relics_obtained":[{"floor":7,"key":"Kunai"},{"floor":9,"key":"Molten Egg 2"},{"floor":11,"key":"Cables"},{"floor":14,"key":"Question Card"}],"event_choices":[{"damage_healed":0,"gold_gain":0,"cards_transformed":["Defend_B"],"player_choice":"Transformed","damage_taken":0,"max_hp_gain":0,"max_hp_loss":0,"event_name":"Transmorgrifier","floor":4,"gold_loss":0,"cards_obtained":["Core Surge"]},{"damage_healed":0,"gold_gain":0,"player_choice":"Fought Bandits","damage_taken":0,"max_hp_gain":0,"max_hp_loss":0,"event_name":"Masked Bandits","floor":20,"gold_loss":0}],"is_beta":false,"boss_relics":[{"not_picked":["Eternal Feather","Pandora\u0027s Box"],"picked":"Runic Dome"}],"items_purged_floors":[2],"is_endless":false,"potions_floor_spawned":[1,5,8,12,14,18],"killed_by":"Masked Bandits","ascension_level":12}