{"gold_per_floor":[212,37,37,47,62,62,62,62,114,114,140,155,190,209,209,311,311,323,36,36,36,47,47,81,81,81,81,81,114,129,156,156,253,253,267,278,238,86,98,125,125,137,162,62,62,72,72,98,98,98,98,98,98,98],"floor_reached":54,"playtime":5485,"items_purged":["Strike_G","Strike_G"],"score":1101,"play_id":"9016bf3d-23ab-4371-9507-0a118a51ac30","local_time":"20190426182757","is_ascension_mode":true,"campfire_choices":[{"data":"Skewer","floor":6.0,"key":"SMITH"},{"data":"Neutralize","floor":10.0,"key":"SMITH"},{"data":"After Image","floor":15.0,"key":"SMITH"},{"data":"Noxious Fumes","floor":23,"key":"SMITH"},{"data":"Footwork","floor":25,"key":"SMITH"},{"data":"Footwork","floor":27,"key":"SMITH"},{"floor":32,"key":"REST"},{"data":"Footwork","floor":41,"key":"SMITH"},{"data":"Tactician","floor":45,"key":"SMITH"},{"data":"Caltrops","floor":47,"key":"SMITH"},{"floor":49,"key":"RECALL"},{"data":"Caltrops","floor":52,"key":"SMITH"}],"neow_cost":"NONE","seed_source_timestamp":1293704194447304,"circlet_count":0,"master_deck":["Defend_G+1","Defend_G","Defend_G+1","Defend_G","Defend_G","Strike_G","Strike_G","Survivor","Neutralize+1","Backflip","Footwork+1","Leg Sweep","Deflect","Skewer+1","Footwork+1","Masterful Stab","Impatience","Unload","Acrobatics","After Image+1","After Image","Noxious Fumes+1","Blur+1","Cloak And Dagger+1","Footwork+1","Caltrops+1","Corpse Explosion","PiercingWail","Endless Agony+1","Caltrops+1","Escape Plan","Footwork+1","Tactician+1","Escape Plan+1"],"special_seed":0,"relics":["Ring of the Snake","Oddly Smooth Stone","Darkstone Periapt","Dream Catcher","Sozu","Gambling Chip","Gremlin Horn","Question Card","Ornamental Fan","Black Star","Pen Nib","Snake Skull","Orichalcum","Blood Vial","Boot"],"potions_floor_usage":[22],"damage_taken":[{"damage":8.0,"enemies":"2 Louse","floor":1.0,"turns":3.0},{"damage":0.0,"enemies":"Jaw Worm","floor":4.0,"turns":10.0},{"damage":0.0,"enemies":"Small Slimes","floor":5.0,"turns":6.0},{"damage":0.0,"enemies":"Lagavulin","floor":11.0,"turns":9.0},{"damage":0.0,"enemies":"Red Slaver","floor":12.0,"turns":4.0},{"damage":8.0,"enemies":"Gremlin Nob","floor":13.0,"turns":5.0},{"damage":0.0,"enemies":"Exordium Wildlife","floor":14.0,"turns":3.0},{"damage":44.0,"enemies":"Hexaghost","floor":16.0,"turns":17.0},{"damage":0.0,"enemies":"Spheric Guardian","floor":18.0,"turns":6.0},{"damage":0,"enemies":"Chosen","floor":22,"turns":7},{"damage":0,"enemies":"Book of Stabbing","floor":24,"turns":8},{"damage":0,"enemies":"Gremlin Leader","floor":29,"turns":8},{"damage":2,"enemies":"Snecko","floor":30,"turns":7},{"damage":16,"enemies":"Slavers","floor":31,"turns":7},{"damage":22,"enemies":"Automaton","floor":33,"turns":14},{"damage":9,"enemies":"3 Darklings","floor":35,"turns":4},{"damage":0,"enemies":"Orb Walker","floor":36,"turns":5},{"damage":8,"enemies":"4 Shapes","floor":39,"turns":5},{"damage":0,"enemies":"Reptomancer","floor":40,"turns":10},{"damage":1,"enemies":"Maw","floor":42,"turns":10},{"damage":0,"enemies":"Sphere and 2 Shapes","floor":46,"turns":6},{"damage":0,"enemies":"Nemesis","floor":48,"turns":11},{"damage":26,"enemies":"Time Eater","floor":50,"turns":16},{"damage":65,"enemies":"Shield and Spear","floor":54,"turns":6}],"seed_played":"-1891756046374928910","potions_obtained":[{"floor":5.0,"key":"Energy Potion"},{"floor":11.0,"key":"SteroidPotion"},{"floor":12.0,"key":"Regen Potion"},{"floor":14.0,"key":"Fire Potion"},{"floor":16.0,"key":"Regen Potion"}],"is_trial":false,"path_per_floor":["M","$","?","M","M","R","?","?","T","R","E","M","E","M","R","B",null,"M","$","?","?","M","R","E","R","T","R","?","E","M","E","R","B",null,"M","M","?","$","M","E","R","M","T","$","R","M","R","E","R","B",null,"R","$","E"],"character_chosen":"THE_SILENT","items_purchased":["Footwork","Leg Sweep","Deflect","Gambling Chip","Caltrops"],"campfire_rested":1,"item_purchase_floors":[2,2,2,19,38],"current_hp_per_floor":[62,62,55,55,55,55,41,41,41,41,41,41,33,33,33,4,54,54,54,41,41,56,56,56,56,56,56,56,56,54,38,60,38,66,57,57,57,57,49,49,49,48,48,48,48,48,48,48,48,24,62,62,62,0],"gold":98,"neow_bonus":"HUNDRED_GOLD","is_prod":false,"is_daily":false,"chose_seed":false,"campfire_upgraded":10,"win_rate":0,"timestamp":1556299677,"path_taken":["M","$","?","M","M","R","?","?","T","R","E","M","E","?","R","BOSS","M","$","?","?","M","R","E","R","T","R","?","E","M","E","R","BOSS","M","M","?","$","M","E","R","?","T","?","R","M","R","E","R","BOSS","R","$","E"],"build_version":"2019-01-23","purchased_purges":2,"victory":false,"max_hp_per_floor":[70,70,70,70,70,70,70,70,70,70,70,70,70,70,70,70,70,70,70,75,75,75,75,75,75,75,75,75,75,75,75,75,75,75,75,75,75,75,75,75,75,75,75,75,75,75,75,75,75,75,75,75,75,75],"card_choices":[{"not_picked":["Flying Knee","Terror"],"picked":"Backflip","floor":1.0},{"not_picked":["Dagger Throw","Terror"],"picked":"Skewer","floor":4.0},{"not_picked":["Quick Slash","Deflect"],"picked":"Footwork","floor":5.0},{"not_picked":["Eviscerate","Deadly Poison"],"picked":"Unload","floor":11.0},{"not_picked":["Poisoned Stab","Bane"],"picked":"Acrobatics","floor":12.0},{"not_picked":["Quick Slash","Dagger Throw"],"picked":"After Image","floor":13.0},{"not_picked":["Terror","Prepared","Flying Knee"],"picked":"SKIP","floor":14.0},{"not_picked":["Unload","Night Terror"],"picked":"After Image","floor":16.0},{"not_picked":["Bane","Accuracy"],"picked":"Noxious Fumes","floor":18.0},{"not_picked":["Deflect","Flying Knee"],"picked":"Blur+1","floor":22},{"not_picked":["Underhanded Strike","Sucker Punch","Skewer"],"picked":"SKIP","floor":24},{"not_picked":["Footwork","All Out Attack"],"picked":"Cloak And Dagger+1","floor":29},{"not_picked":["Wraith Form v2","Deflect","Distraction"],"picked":"Footwork","floor":30},{"not_picked":["Blade Dance","Backflip+1","Dash+1"],"picked":"Caltrops","floor":31},{"not_picked":["Glass Knife","Unload","Burst"],"picked":"Corpse Explosion","floor":33},{"not_picked":["Deflect+1","Acrobatics+1","Dodge and Roll"],"picked":"PiercingWail","floor":35},{"not_picked":["Acrobatics+1","Prepared","Dagger Throw"],"picked":"Endless Agony+1","floor":36},{"not_picked":["Infinite Blades+1","Terror","Backflip"],"picked":"Escape Plan","floor":39},{"not_picked":["Blade Dance","Quick Slash","Sucker Punch"],"picked":"Footwork+1","floor":40},{"not_picked":["Bane+1","Acrobatics+1","Blade Dance"],"picked":"Tactician","floor":42},{"not_picked":["Eviscerate","Caltrops","Leg Sweep"],"picked":"Escape Plan+1","floor":46},{"not_picked":["Dagger Throw+1","Bouncing Flask","Poisoned Stab","Outmaneuver+1"],"picked":"SKIP","floor":48}],"player_experience":216318,"relics_obtained":[{"floor":9.0,"key":"Oddly Smooth Stone"},{"floor":11.0,"key":"Darkstone Periapt"},{"floor":13.0,"key":"Dream Catcher"},{"floor":24,"key":"Gremlin Horn"},{"floor":29,"key":"Question Card"},{"floor":31,"key":"Ornamental Fan"},{"floor":40,"key":"Pen Nib"},{"floor":40,"key":"Snake Skull"},{"floor":43,"key":"Orichalcum"},{"floor":48,"key":"Blood Vial"},{"floor":48,"key":"Boot"}],"event_choices":[{"cards_removed":["Strike_G"],"damage_healed":0.0,"max_hp_gain":0.0,"max_hp_loss":0.0,"gold_gain":0.0,"event_name":"Golden Wing","player_choice":"Card Removal","floor":3.0,"gold_loss":0.0,"damage_taken":7.0},{"damage_healed":0.0,"max_hp_gain":0.0,"max_hp_loss":0.0,"gold_gain":0.0,"event_name":"Shining Light","player_choice":"Entered Light","floor":7.0,"gold_loss":0.0,"damage_taken":14.0,"cards_upgraded":["Defend_G","Defend_G"]},{"damage_healed":0.0,"max_hp_gain":0.0,"max_hp_loss":0.0,"gold_gain":0.0,"event_name":"Match and Keep!","player_choice":"2 cards matched","floor":8.0,"gold_loss":0.0,"damage_taken":0.0,"cards_obtained":["Masterful Stab","Impatience"]},{"damage_healed":0.0,"max_hp_gain":5.0,"max_hp_loss":0.0,"gold_gain":0.0,"event_name":"Forgotten Altar","player_choice":"Shed Blood","floor":20.0,"gold_loss":0.0,"damage_taken":18.0},{"damage_healed":0.0,"max_hp_gain":0.0,"max_hp_loss":0.0,"gold_gain":0.0,"event_name":"Beggar","player_choice":"Ignored","floor":21.0,"gold_loss":0.0,"damage_taken":0.0},{"damage_healed":0,"gold_gain":0,"player_choice":"Ignored","damage_taken":0,"max_hp_gain":0,"max_hp_loss":0,"event_name":"Vampires","floor":28,"gold_loss":0},{"damage_healed":0,"gold_gain":0,"player_choice":"Bought 3 Potions","damage_taken":0,"max_hp_gain":0,"max_hp_loss":0,"event_name":"The Woman in Blue","floor":37,"gold_loss":0}],"is_beta":false,"boss_relics":[{"not_picked":["Snecko Eye","Lizard Tail"],"picked":"Sozu"},{"not_picked":["Philosopher\u0027s Stone","Tiny House"],"picked":"Black Star"}],"items_purged_floors":[38,44],"is_endless":false,"potions_floor_spawned":[5,11,12,14,16,22,24,31,39,40,46],"killed_by":"Shield and Spear","ascension_level":5}