{"path_per_floor":["M","M","?","?","$","R","E","?","T","M","R","?","R","M","R","B",null,"M","$","M","?","?","R","M","R","T","R","M","M","M","?","R","B",null,"M","?","M","?","M","R","M","?","T","M","?","R","$"],"character_chosen":"DEFECT","items_purchased":["Capacitor","Creative AI"],"gold_per_floor":[109,122,122,122,7,7,39,39,63,83,83,83,83,96,96,193,193,133,66,66,66,66,66,66,66,66,66,66,66,66,66,66,66,66,66,66,66,0,0,0,0,0,0,0,0,0,0,0],"floor_reached":48,"campfire_rested":1,"playtime":2133,"item_purchase_floors":[5,19],"current_hp_per_floor":[84,73,66,59,59,59,47,47,47,47,47,29,29,25,25,40,89,76,76,57,44,28,28,25,25,25,25,20,14,14,8,8,7,49,39,39,39,39,29,29,25,25,25,15,15,15,15,0],"items_purged":["Defend_B"],"gold":0,"score":530,"play_id":"0cfcbd3b-82fd-4518-8875-9a7e06bf3d79","local_time":"20180609175301","is_prod":false,"is_daily":false,"chose_seed":false,"is_ascension_mode":false,"campfire_upgraded":9,"win_rate":0,"timestamp":1528581181,"campfire_choices":[{"data":"Zap","floor":6,"key":"SMITH"},{"data":"Dualcast","floor":11,"key":"SMITH"},{"data":"Capacitor","floor":13,"key":"SMITH"},{"data":"Ball Lightning","floor":15,"key":"SMITH"},{"data":"Creative AI","floor":23,"key":"SMITH"},{"data":"Thunder Strike","floor":25,"key":"SMITH"},{"data":"Tempest","floor":27,"key":"SMITH"},{"data":"Ball Lightning","floor":32,"key":"SMITH"},{"floor":40,"key":"REST"},{"data":"Apotheosis","floor":46,"key":"SMITH"}],"path_taken":["M","M","?","?","$","R","E","?","T","?","R","?","R","M","R","BOSS","M","$","?","?","?","R","?","R","T","R","M","M","M","?","R","BOSS","M","?","M","?","M","R","?","?","T","M","?","R","$","M"],"build_version":"2018-06-07v3","seed_source_timestamp":290318166125452,"purchased_purges":1,"victory":false,"master_deck":["Strike_B+1","Strike_B+1","Strike_B+1","Defend_B+1","Defend_B+1","Defend_B+1","Zap+1","Dualcast+1","Cold Snap+1","Ball Lightning+1","Capacitor+1","Rebound+1","FTL+1","Thunder Strike+1","Creative AI+1","Ghostly+1","Ghostly+1","Ghostly+1","Ghostly+1","Ghostly+1","Necronomicurse","Tempest+1","Steam+1","Heatsinks+1","Ball Lightning+1","Thunder Strike+1","Go for the Eyes+1","Loop+1","Redo+1","Apotheosis+1","Rebound+1"],"max_hp_per_floor":[89,89,89,89,89,89,89,89,89,89,89,89,89,89,89,89,89,89,89,89,44,44,44,44,44,44,44,44,44,44,49,49,49,49,49,49,49,49,49,49,49,49,49,49,49,49,49,49],"relics":["Cracked Core","Letter Opener","Blue Candle","Potion Belt","Ectoplasm","Necronomicon","Pen Nib","Philosopher\u0027s Stone","Mark of the Bloom","Red Mask","Du-Vu Doll"],"card_choices":[{"not_picked":["Blizzard","Coolheaded"],"picked":"Cold Snap","floor":1},{"not_picked":["Coolheaded","Gash"],"picked":"Ball Lightning","floor":2},{"not_picked":["Compile Driver","Barrage"],"picked":"Rebound","floor":7},{"not_picked":["Rebound","Barrage"],"picked":"FTL","floor":10},{"not_picked":["Go for the Eyes","Undo","Biased Cognition"],"picked":"SKIP","floor":14},{"not_picked":["Fission","All For One"],"picked":"Thunder Strike","floor":16},{"not_picked":["Beam Cell","Rebound","Double Energy"],"picked":"SKIP","floor":18},{"not_picked":["Aggregate","Go for the Eyes","Scrape"],"picked":"SKIP","floor":20},{"not_picked":["Conserve Battery+1","Streamline"],"picked":"Tempest","floor":24},{"not_picked":["Turbo","Compile Driver"],"picked":"Steam+1","floor":28},{"not_picked":["Compile Driver","Streamline"],"picked":"Heatsinks+1","floor":29},{"not_picked":["Static Discharge","Sweeping Beam"],"picked":"Ball Lightning","floor":30},{"not_picked":["Reboot","Amplify"],"picked":"Thunder Strike","floor":33},{"not_picked":["Darkness","Beam Cell+1"],"picked":"Go for the Eyes+1","floor":35},{"not_picked":["Conserve Battery","Streamline"],"picked":"Loop+1","floor":37},{"not_picked":["Hello World","Leap","Gash"],"picked":"SKIP","floor":39},{"not_picked":["Rebound","Tempest"],"picked":"Redo+1","floor":41},{"not_picked":["Panacea","Dark Shackles"],"picked":"Apotheosis","floor":42},{"not_picked":["Streamline","Steam"],"picked":"Rebound+1","floor":44}],"player_experience":931010,"potions_floor_usage":[16,18,28,33,33,41,44],"damage_taken":[{"damage":5,"enemies":"2 Louse","floor":1,"turns":3},{"damage":11,"enemies":"Jaw Worm","floor":2,"turns":3},{"damage":12,"enemies":"Lagavulin","floor":7,"turns":7},{"damage":0,"enemies":"Small Slimes","floor":10,"turns":3},{"damage":4,"enemies":"Blue Slaver","floor":14,"turns":3},{"damage":0,"enemies":"Slime Boss","floor":16,"turns":8},{"damage":13,"enemies":"2 Thieves","floor":18,"turns":4},{"damage":19,"enemies":"Shell Parasite","floor":20,"turns":6},{"damage":3,"enemies":"Chosen and Byrds","floor":24,"turns":7},{"damage":5,"enemies":"Snecko","floor":28,"turns":5},{"damage":6,"enemies":"Slaver and Parasite","floor":29,"turns":7},{"damage":0,"enemies":"3 Cultists","floor":30,"turns":5},{"damage":1,"enemies":"Collector","floor":33,"turns":5},{"damage":10,"enemies":"3 Darklings","floor":35,"turns":5},{"damage":0,"enemies":"Orb Walker","floor":37,"turns":3},{"damage":10,"enemies":"Sphere and 2 Shapes","floor":39,"turns":5},{"damage":4,"enemies":"4 Shapes","floor":41,"turns":5},{"damage":10,"enemies":"3 Darklings","floor":44,"turns":5},{"damage":27,"enemies":"Maw","floor":48,"turns":2}],"relics_obtained":[{"floor":7,"key":"Blue Candle"},{"floor":9,"key":"Potion Belt"},{"floor":22,"key":"Necronomicon"},{"floor":26,"key":"Pen Nib"},{"floor":43,"key":"Du-Vu Doll"}],"event_choices":[{"event_name":"Scrap Ooze","player_choice":"success","floor":3,"damage_taken":7},{"event_name":"Golden Wing","player_choice":"Card Removal","floor":4,"damage_taken":0},{"event_name":"Match and Keep!","player_choice":"0 cards matched","floor":8,"damage_taken":0},{"event_name":"Shining Light","player_choice":"Entered Light","floor":12,"damage_taken":0},{"event_name":"Ghosts","player_choice":"Became a Ghost","floor":21,"damage_taken":0},{"event_name":"Cursed Tome","player_choice":"Obtained Book","floor":22,"damage_taken":0},{"event_name":"Forgotten Altar","player_choice":"Shed Blood","floor":31,"damage_taken":0},{"event_name":"MindBloom","player_choice":"Upgrade","floor":36,"damage_taken":0},{"event_name":"Tomb of Lord Red Mask","player_choice":"Paid","floor":38,"damage_taken":0},{"event_name":"SensoryStone","player_choice":"Memory 1","floor":42,"damage_taken":0},{"event_name":"Falling","player_choice":"Removed Attack","floor":45,"damage_taken":0}],"boss_relics":[{"not_picked":["White Beast Statue","Orrery"],"picked":"Ectoplasm"},{"not_picked":["Sozu","Astrolabe"],"picked":"Philosopher\u0027s Stone"}],"items_purged_floors":[5],"potions_floor_spawned":[2,10,14,18,28,30,33,39,41],"seed_played":"-5254930234236350229","killed_by":"Maw","ascension_level":0,"potions_obtained":[{"floor":2,"key":"Regen Potion"},{"floor":10,"key":"Energy Potion"},{"floor":14,"key":"SkillPotion"},{"floor":18,"key":"EssenceOfSteel"},{"floor":28,"key":"Strength Potion"},{"floor":30,"key":"AttackPotion"},{"floor":33,"key":"Dexterity Potion"},{"floor":39,"key":"AttackPotion"},{"floor":41,"key":"LiquidBronze"}],"is_trial":false}