{"gold_per_floor":[119,132,73,148,166,166,192,192,192,209,174,189,35,35,35,109,109,82,95,107,107,107],"floor_reached":22,"playtime":645,"items_purged":[],"score":372,"play_id":"5ded346d-6e7e-4a11-95c9-def5a4797ccf","local_time":"20190202112915","is_ascension_mode":true,"campfire_choices":[{"floor":6,"key":"REST"},{"floor":8,"key":"REST"},{"data":"Loop","floor":15,"key":"SMITH"}],"neow_cost":"PERCENT_DAMAGE","seed_source_timestamp":267263863723561,"circlet_count":0,"master_deck":["AscendersBane","Strike_B","Strike_B","Defend_B","Defend_B","Defend_B","Defend_B","Zap","Dualcast","Hologram","Sweeping Beam","Ball Lightning","Loop+1","Self Repair","Cold Snap","Go for the Eyes","Fission","All For One","Conserve Battery","Redo","Leap"],"relics":["Cracked Core","Torii","Girya","Pear","Empty Cage"],"potions_floor_usage":[16,16,20,22],"damage_taken":[{"damage":10,"enemies":"Small Slimes","floor":1,"turns":2},{"damage":1,"enemies":"Jaw Worm","floor":2,"turns":5},{"damage":1,"enemies":"2 Louse","floor":5,"turns":2},{"damage":32,"enemies":"Gremlin Nob","floor":7,"turns":4},{"damage":13,"enemies":"Red Slaver","floor":10,"turns":4},{"damage":7,"enemies":"3 Louse","floor":12,"turns":3},{"damage":36,"enemies":"Slime Boss","floor":16,"turns":8},{"damage":23,"enemies":"2 Thieves","floor":18,"turns":4},{"damage":11,"enemies":"Shell Parasite","floor":19,"turns":11},{"damage":26,"enemies":"Centurion and Healer","floor":20,"turns":9},{"damage":8,"enemies":"Colosseum Slavers","floor":22,"turns":1}],"seed_played":"8993076801884810767","potions_obtained":[{"floor":7,"key":"Swift Potion"},{"floor":10,"key":"FocusPotion"},{"floor":12,"key":"EssenceOfSteel"},{"floor":19,"key":"Strength Potion"},{"floor":20,"key":"EssenceOfSteel"}],"is_trial":false,"path_per_floor":["M","M","$","?","M","R","E","R","T","M","?","M","$","?","R","B",null,"M","M","M","?","?"],"character_chosen":"DEFECT","items_purchased":["Ball Lightning","Fission"],"campfire_rested":2,"item_purchase_floors":[3,13],"current_hp_per_floor":[36,35,35,24,23,44,12,33,43,30,50,43,43,43,43,14,64,48,44,25,2,0],"gold":107,"neow_bonus":"ONE_RARE_RELIC","is_prod":false,"is_daily":false,"chose_seed":false,"campfire_upgraded":1,"win_rate":0,"timestamp":1549132155,"path_taken":["M","M","$","?","M","R","E","R","T","M","?","M","$","?","R","BOSS","M","M","M","?","?"],"build_version":"2019-01-23","purchased_purges":0,"victory":false,"max_hp_per_floor":[71,71,71,71,71,71,71,71,81,81,81,81,81,81,81,81,81,81,81,81,86,86],"card_choices":[{"not_picked":["Steam","Heatsinks"],"picked":"Hologram","floor":1},{"not_picked":["Beam Cell","Stack"],"picked":"Sweeping Beam","floor":2},{"not_picked":["Sweeping Beam","Redo"],"picked":"Loop","floor":5},{"not_picked":["Undo","FTL"],"picked":"Self Repair","floor":7},{"not_picked":["Melter","Redo"],"picked":"Cold Snap","floor":10},{"not_picked":["Steam Power","Barrage"],"picked":"Go for the Eyes","floor":12},{"not_picked":["Echo Form","Fission"],"picked":"All For One","floor":16},{"not_picked":["Leap","Compile Driver"],"picked":"Conserve Battery","floor":18},{"not_picked":["Steam","Force Field"],"picked":"Redo","floor":19},{"not_picked":["Scrape","Coolheaded"],"picked":"Leap","floor":20}],"player_experience":1062976,"relics_obtained":[{"floor":7,"key":"Girya"},{"floor":9,"key":"Pear"}],"event_choices":[{"damage_healed":0,"gold_gain":75,"player_choice":"Gather Gold","damage_taken":11,"max_hp_gain":0,"max_hp_loss":0,"event_name":"World of Goop","floor":4,"gold_loss":0},{"damage_healed":20,"gold_gain":0,"player_choice":"Healed","damage_taken":0,"max_hp_gain":0,"max_hp_loss":0,"event_name":"The Cleric","floor":11,"gold_loss":35},{"damage_healed":0,"gold_gain":0,"player_choice":"Searched \u00270\u0027 times","damage_taken":0,"max_hp_gain":0,"max_hp_loss":0,"event_name":"Dead Adventurer","floor":14,"gold_loss":0},{"damage_healed":0,"gold_gain":0,"player_choice":"Shed Blood","damage_taken":28,"max_hp_gain":5,"max_hp_loss":0,"event_name":"Forgotten Altar","floor":21,"gold_loss":0},{"damage_healed":0,"gold_gain":0,"player_choice":"Fight","damage_taken":0,"max_hp_gain":0,"max_hp_loss":0,"event_name":"Colosseum","floor":22,"gold_loss":0}],"is_beta":true,"boss_relics":[{"not_picked":["Runic Pyramid","White Beast Statue"],"picked":"Empty Cage"}],"items_purged_floors":[],"is_endless":false,"potions_floor_spawned":[7,10,12,19,20],"killed_by":"Colosseum Slavers","ascension_level":20}