{"gold_per_floor":[116,134,144,159,172,172,172],"floor_reached":7,"playtime":513,"items_purged":[],"score":90,"play_id":"45bc8317-343b-43bf-8cba-3981119ba66c","local_time":"20190409010532","is_ascension_mode":true,"campfire_choices":[{"data":"Footwork","floor":6,"key":"SMITH"}],"neow_cost":"TEN_PERCENT_HP_LOSS","seed_source_timestamp":658387231257877,"circlet_count":0,"master_deck":["AscendersBane","Defend_G","Defend_G","Defend_G","Defend_G","Defend_G","Strike_G","Strike_G","Strike_G","Strike_G","Strike_G","Survivor","Neutralize","Deadly Poison","Sucker Punch","Skewer","Dodge and Roll","Dagger Spray","Envenom","Dagger Spray","Footwork+1"],"relics":["Ring of the Snake","Prayer Wheel"],"potions_floor_usage":[],"damage_taken":[{"damage":8,"enemies":"Jaw Worm","floor":1,"turns":6},{"damage":1,"enemies":"Small Slimes","floor":2,"turns":3},{"damage":3,"enemies":"Cultist","floor":3,"turns":4},{"damage":15,"enemies":"Lots of Slimes","floor":4,"turns":6},{"damage":10,"enemies":"3 Louse","floor":5,"turns":4},{"damage":23,"enemies":"Gremlin Gang","floor":7,"turns":2}],"seed_played":"1813114427594733304","potions_obtained":[{"floor":3,"key":"EssenceOfSteel"}],"is_trial":false,"path_per_floor":["M","M","M","M","M","R","M"],"character_chosen":"THE_SILENT","items_purchased":[],"campfire_rested":0,"item_purchase_floors":[],"current_hp_per_floor":[51,50,47,32,22,22,0],"gold":172,"neow_bonus":"ONE_RARE_RELIC","is_prod":false,"is_daily":false,"chose_seed":false,"campfire_upgraded":1,"win_rate":0,"timestamp":1554786332,"path_taken":["M","M","M","M","M","R","M"],"build_version":"2019-01-23","purchased_purges":0,"victory":false,"max_hp_per_floor":[60,60,60,60,60,60,60],"card_choices":[{"not_picked":["Outmaneuver","Concentrate"],"picked":"Deadly Poison","floor":1},{"not_picked":["Poisoned Stab","Terror"],"picked":"Sucker Punch","floor":1},{"not_picked":["Eviscerate","Dodge and Roll"],"picked":"Skewer","floor":2},{"not_picked":["Blade Dance","Flechettes","Acrobatics"],"picked":"SKIP","floor":2},{"not_picked":["Infinite Blades","Tactician"],"picked":"Dodge and Roll","floor":3},{"not_picked":["Infinite Blades","Poisoned Stab","Underhanded Strike"],"picked":"SKIP","floor":3},{"not_picked":["Slice","Bane"],"picked":"Dagger Spray","floor":4},{"not_picked":["Quick Slash","Dagger Spray"],"picked":"Envenom","floor":4},{"not_picked":["Blade Dance","Underhanded Strike"],"picked":"Dagger Spray","floor":5},{"not_picked":["Blur","Well Laid Plans"],"picked":"Footwork","floor":5}],"player_experience":1763124,"relics_obtained":[],"event_choices":[],"is_beta":false,"boss_relics":[],"items_purged_floors":[],"is_endless":false,"potions_floor_spawned":[3],"killed_by":"Gremlin Gang","ascension_level":20}