{"gold_per_floor":[117,117,131,17,17,17,48,48,78,97,108,122,122,140,140,218,218,231,259,282,3,17,17,17,33,33,61,111,111],"floor_reached":29,"playtime":1364,"items_purged":["Strike_B"],"score":536,"play_id":"953f9313-5390-4d16-9a35-6ff8ccabff53","local_time":"20190405044445","is_ascension_mode":true,"campfire_choices":[{"data":"Defragment","floor":6,"key":"SMITH"},{"data":"Dualcast","floor":8,"key":"SMITH"},{"data":"Streamline","floor":13,"key":"SMITH"},{"data":"Coolheaded","floor":15,"key":"SMITH"},{"floor":23,"key":"REST"}],"neow_cost":"NONE","seed_source_timestamp":325002320914633,"circlet_count":0,"master_deck":["AscendersBane","Strike_B","Strike_B","Defend_B","Defend_B","Defend_B","Defend_B","Zap+1","Dualcast+1","Cold Snap","Defragment+1","Glacier","Ball Lightning","Coolheaded+1","Ball Lightning","Streamline+1","Amplify","Sweeping Beam+1","Sunder+1"],"relics":["Cracked Core","Kunai","Tiny Chest","Fusion Hammer","Red Mask","PreservedInsect","Meat on the Bone","Oddly Smooth Stone"],"potions_floor_usage":[11,16,19,25,25],"damage_taken":[{"damage":0,"enemies":"2 Louse","floor":1,"turns":3},{"damage":2,"enemies":"Jaw Worm","floor":3,"turns":3},{"damage":0,"enemies":"3 Sentries","floor":7,"turns":28},{"damage":0,"enemies":"Cultist","floor":10,"turns":2},{"damage":14,"enemies":"Large Slime","floor":11,"turns":5},{"damage":9,"enemies":"Exordium Thugs","floor":12,"turns":4},{"damage":4,"enemies":"2 Fungi Beasts","floor":14,"turns":2},{"damage":15,"enemies":"Hexaghost","floor":16,"turns":8},{"damage":2,"enemies":"Spheric Guardian","floor":18,"turns":6},{"damage":22,"enemies":"Masked Bandits","floor":19,"turns":4},{"damage":15,"enemies":"Shell Parasite","floor":22,"turns":4},{"damage":15,"enemies":"Sentry and Sphere","floor":25,"turns":4},{"damage":26,"enemies":"Gremlin Leader","floor":27,"turns":5},{"damage":28,"enemies":"Slavers","floor":29,"turns":3}],"seed_played":"-7764096254037493830","potions_obtained":[{"floor":1,"key":"FocusPotion"},{"floor":3,"key":"Poison Potion"},{"floor":12,"key":"FearPotion"},{"floor":19,"key":"Explosive Potion"},{"floor":22,"key":"Energy Potion"}],"is_trial":false,"path_per_floor":["M","?","M","$","?","R","E","R","T","M","M","M","R","M","R","B",null,"M","?","T","$","M","R","$","M","T","E","?","E"],"character_chosen":"DEFECT","items_purchased":["Glacier","Meat on the Bone"],"campfire_rested":1,"item_purchase_floors":[4,21],"current_hp_per_floor":[64,69,67,67,60,60,60,60,60,60,46,37,37,33,33,18,62,60,38,38,38,35,57,57,42,42,28,28,0],"gold":111,"neow_bonus":"UPGRADE_CARD","is_prod":false,"is_daily":false,"chose_seed":false,"campfire_upgraded":4,"win_rate":0,"timestamp":1554453885,"path_taken":["M","?","M","$","?","R","E","R","T","M","M","M","R","M","R","BOSS","M","?","?","$","M","R","$","M","T","E","?","E"],"build_version":"2019-01-23","purchased_purges":1,"victory":false,"max_hp_per_floor":[71,76,76,76,76,76,76,76,76,76,76,76,76,76,76,76,76,76,76,76,76,76,76,76,76,76,76,76,76],"card_choices":[{"not_picked":["Go for the Eyes","Gash"],"picked":"Cold Snap","floor":1},{"not_picked":["Cold Snap","Steam"],"picked":"Defragment","floor":3},{"not_picked":["Turbo","Self Repair"],"picked":"Ball Lightning","floor":7},{"not_picked":["Reinforced Body","Cold Snap"],"picked":"Coolheaded","floor":10},{"not_picked":["Compile Driver","Go for the Eyes"],"picked":"Ball Lightning","floor":11},{"not_picked":["Melter","Multi-Cast"],"picked":"Streamline","floor":12},{"not_picked":["Rebound","Lockon","Redo"],"picked":"SKIP","floor":14},{"not_picked":["Multi-Cast","Meteor Strike"],"picked":"Amplify","floor":16},{"not_picked":["Cold Snap","Steam","Lockon"],"picked":"SKIP","floor":18},{"not_picked":["Coolheaded","Melter"],"picked":"Sweeping Beam+1","floor":19},{"not_picked":["Sweeping Beam","Compile Driver","Stack"],"picked":"SKIP","floor":22},{"not_picked":["Force Field+1","Compile Driver"],"picked":"Sunder+1","floor":25},{"not_picked":["Hello World","Steam","Storm"],"picked":"SKIP","floor":27}],"player_experience":1615182,"relics_obtained":[{"floor":7,"key":"Kunai"},{"floor":9,"key":"Tiny Chest"},{"floor":19,"key":"Red Mask"},{"floor":20,"key":"PreservedInsect"},{"floor":27,"key":"Oddly Smooth Stone"}],"event_choices":[{"damage_healed":0,"gold_gain":0,"player_choice":"Donut","damage_taken":0,"max_hp_gain":5,"max_hp_loss":0,"event_name":"Big Fish","floor":2,"gold_loss":0},{"cards_removed":["Strike_B"],"damage_healed":0,"gold_gain":0,"player_choice":"Card Removal","damage_taken":7,"max_hp_gain":0,"max_hp_loss":0,"event_name":"Golden Wing","floor":5,"gold_loss":0},{"damage_healed":0,"gold_gain":0,"player_choice":"Fought Bandits","damage_taken":0,"max_hp_gain":0,"max_hp_loss":0,"event_name":"Masked Bandits","floor":19,"gold_loss":0},{"damage_healed":0,"gold_gain":50,"player_choice":"Stole From Cult","damage_taken":0,"max_hp_gain":0,"max_hp_loss":0,"event_name":"Nest","floor":28,"gold_loss":0}],"is_beta":false,"boss_relics":[{"not_picked":["Calling Bell","Ectoplasm"],"picked":"Fusion Hammer"}],"items_purged_floors":[4],"is_endless":false,"potions_floor_spawned":[1,3,12,14,19,22],"killed_by":"Slavers","ascension_level":20}