{"path_per_floor":["M","?","$","$","M","R","E","R","T","R","M","?","E","M","R","B",null,"M","?","M","?","$","R","E","R","T","?","M","M","M","E","R","B",null,"M","?","?","?","M","E","?","M","T","R","M","$","$","M","R","B"],"character_chosen":"IRONCLAD","items_purchased":["Headbutt","Bag of Preparation","Vajra","Uppercut","Strength Potion","Strength Potion","Poison Potion"],"gold_per_floor":[13,88,88,66,83,83,108,108,108,108,124,149,177,195,195,269,269,284,284,302,202,58,58,91,91,91,16,33,52,71,104,104,176,176,195,195,495,495,515,547,547,560,610,610,627,400,75,86,86,86],"floor_reached":51,"campfire_rested":1,"playtime":2088,"current_hp_per_floor":[85,74,74,74,72,72,70,70,70,70,76,78,56,64,64,45,90,67,67,76,76,76,76,47,47,47,47,55,59,64,55,55,22,104,94,94,94,94,95,61,96,89,89,89,94,94,94,97,139,30],"items_purged":["Strike_R","Defend_R"],"gold":86,"score":1437,"play_id":"bd133200-7ac5-45be-9231-a452e1cc0c5b","local_time":"20180404003351","is_prod":false,"is_daily":false,"is_ascension_mode":true,"campfire_upgraded":8,"timestamp":1522816431,"path_taken":["M","?","?","$","?","R","E","R","T","R","M","?","E","M","R","BOSS","M","?","?","?","$","R","E","R","T","?","M","?","M","E","R","BOSS","M","?","?","?","M","E","?","M","T","R","?","?","$","M","R","BOSS"],"build_version":"2018-03-29v2","purchased_purges":4,"victory":true,"master_deck":["Strike_R+1","Strike_R","Strike_R","Defend_R","Defend_R","Bash+1","AscendersBane","Heavy Blade+1","Headbutt+1","Feed+1","Cleave+1","Infernal Blade+1","Battle Trance+1","Rage+1","Flame Barrier+1","J.A.X.+1","Searing Blow+2","Offering","True Grit+1","Dramatic Entrance+1","Demon Form+1","Uppercut+1","Thunderclap+1"],"max_hp_per_floor":[89,89,89,89,89,89,89,89,89,89,89,95,95,100,100,105,105,110,110,113,113,113,113,115,115,115,115,120,123,125,127,127,131,131,131,131,131,131,133,139,139,139,139,139,141,141,141,141,141,145],"relics":["Burning Blood","Whetstone","Singing Bowl","Odd Mushroom","Red Skull","Philosopher\u0027s Stone","Bag of Preparation","Omamori","Molten Egg 2","Pen Nib","Velvet Choker","Bottled Lightning","Anchor","Vajra"],"card_choices":[{"not_picked":["Hemokinesis","Clothesline"],"picked":"Heavy Blade","floor":1},{"not_picked":["Clothesline","Bloodletting"],"picked":"Feed","floor":5},{"not_picked":["Sever Soul","Havoc"],"picked":"Cleave","floor":7},{"not_picked":["Wild Strike","Carnage"],"picked":"Infernal Blade","floor":11},{"not_picked":["Shrug It Off","Heavy Blade"],"picked":"Battle Trance","floor":12},{"not_picked":["Rupture","Whirlwind"],"picked":"Rage","floor":13},{"not_picked":["Havoc","Shrug It Off"],"picked":"Flame Barrier","floor":20},{"not_picked":["Intimidate","Havoc"],"picked":"Searing Blow","floor":29},{"not_picked":["Reaper","Brutality"],"picked":"Offering","floor":33},{"not_picked":["Disarm","Body Slam"],"picked":"True Grit","floor":35},{"not_picked":["Swift Strike","Purity"],"picked":"Dramatic Entrance","floor":38},{"not_picked":["Armaments","Dual Wield"],"picked":"Demon Form","floor":42},{"not_picked":["Battle Trance","Ghostly Armor"],"picked":"Thunderclap","floor":48}],"player_experience":661137,"potions_floor_usage":[7,13,16,24,29,29,31,40,50,50,50],"damage_taken":[{"damage":3,"enemies":"2 Louse","floor":1,"turns":3},{"damage":8,"enemies":"Small Slimes","floor":5,"turns":4},{"damage":8,"enemies":"Gremlin Nob","floor":7,"turns":3},{"damage":0,"enemies":"Cultist","floor":11,"turns":2},{"damage":10,"enemies":"The Mushroom Lair","floor":12,"turns":3},{"damage":40,"enemies":"Lagavulin","floor":13,"turns":5},{"damage":3,"enemies":"Exordium Thugs","floor":14,"turns":5},{"damage":30,"enemies":"The Guardian","floor":16,"turns":9},{"damage":34,"enemies":"2 Thieves","floor":18,"turns":4},{"damage":0,"enemies":"Spheric Guardian","floor":20,"turns":3},{"damage":37,"enemies":"Gremlin Leader","floor":24,"turns":4},{"damage":3,"enemies":"Centurion and Healer","floor":28,"turns":3},{"damage":5,"enemies":"Snake Plant","floor":29,"turns":2},{"damage":3,"enemies":"Cultist and Chosen","floor":30,"turns":2},{"damage":17,"enemies":"Book of Stabbing","floor":31,"turns":3},{"damage":43,"enemies":"Collector","floor":33,"turns":6},{"damage":16,"enemies":"3 Darklings","floor":35,"turns":4},{"damage":7,"enemies":"Orb Walker","floor":39,"turns":2},{"damage":46,"enemies":"Nemesis","floor":40,"turns":5},{"damage":13,"enemies":"Maw","floor":42,"turns":5},{"damage":3,"enemies":"4 Shapes","floor":45,"turns":3},{"damage":3,"enemies":"3 Darklings","floor":48,"turns":2},{"damage":119,"enemies":"Donu and Deca","floor":50,"turns":6}],"event_choices":[{"event_name":"World of Goop","player_choice":"Gather Gold","floor":2,"damage_taken":0},{"event_name":"Mushrooms","player_choice":"Fought Mushrooms","floor":12,"damage_taken":0},{"event_name":"Upgrade Shrine","player_choice":"Upgraded","floor":19,"damage_taken":0},{"event_name":"Drug Dealer","player_choice":"Got JAXXED","floor":21,"damage_taken":0},{"event_name":"Beggar","player_choice":"Gave Gold","floor":27,"damage_taken":0},{"event_name":"Wheel of Change","player_choice":"Gold","floor":37,"damage_taken":0},{"event_name":"SensoryStone","player_choice":"Memory 1","floor":38,"damage_taken":0},{"event_name":"Winding Halls","player_choice":"Writhe","floor":41,"damage_taken":0}],"boss_relics":[{"not_picked":["Snecko Eye","Eternal Feather"],"picked":"Philosopher\u0027s Stone"},{"not_picked":["Orrery","Black Blood"],"picked":"Velvet Choker"}],"potions_floor_spawned":[5,11,14,16,24,28,30,35,40,42],"seed_played":"-4798944257614868914","ascension_level":14,"is_trial":false}