{"gold_per_floor":[13,88,34,52,66,66,66,66,150,179,179,205,79,94,94,171,171,185,235,335,345,345],"floor_reached":22,"playtime":767,"items_purged":["Strike_B"],"score":319,"play_id":"881c98fd-f79f-405f-8812-e3dff69b68b1","local_time":"20190415232326","is_ascension_mode":true,"campfire_choices":[{"data":"Zap","floor":6,"key":"SMITH"},{"data":"Dualcast","floor":8,"key":"SMITH"},{"data":"Coolheaded","floor":11,"key":"SMITH"},{"floor":15,"key":"REST"}],"neow_cost":"NO_GOLD","seed_source_timestamp":463012538303653,"circlet_count":0,"master_deck":["AscendersBane","Strike_B","Strike_B","Strike_B","Defend_B","Defend_B","Defend_B","Defend_B","Zap+1","Dualcast+1","All For One","Beam Cell","Gash","Recycle+1","Coolheaded+1","Auto Shields","Streamline","BootSequence","Echo Form","Reinforced Body","Self Repair"],"relics":["Cracked Core","Tiny Chest","Bag of Marbles","Odd Mushroom","Sozu","Nunchaku","Gremlin Horn"],"potions_floor_usage":[4,10,16,16,20],"damage_taken":[{"damage":9,"enemies":"2 Louse","floor":1,"turns":2},{"damage":5,"enemies":"Small Slimes","floor":4,"turns":4},{"damage":1,"enemies":"Cultist","floor":5,"turns":3},{"damage":11,"enemies":"3 Sentries","floor":10,"turns":6},{"damage":18,"enemies":"The Mushroom Lair","floor":12,"turns":2},{"damage":7,"enemies":"Red Slaver","floor":14,"turns":2},{"damage":18,"enemies":"Slime Boss","floor":16,"turns":6},{"damage":2,"enemies":"Shell Parasite","floor":18,"turns":3},{"damage":21,"enemies":"Colosseum Slavers","floor":20,"turns":4},{"damage":12,"enemies":"Colosseum Nobs","floor":20,"turns":5},{"damage":19,"enemies":"Chosen","floor":21,"turns":5},{"damage":4,"enemies":"Snake Plant","floor":22,"turns":2}],"seed_played":"6660189382058609374","potions_obtained":[{"floor":1,"key":"Regen Potion"},{"floor":5,"key":"AttackPotion"},{"floor":10,"key":"SpeedPotion"},{"floor":14,"key":"Fire Potion"},{"floor":16,"key":"EssenceOfSteel"}],"is_trial":false,"path_per_floor":["M","?","$","M","M","R","?","R","T","E","R","?","$","M","R","B",null,"M","?","?","M","M"],"character_chosen":"DEFECT","items_purchased":["Gash","Streamline"],"campfire_rested":1,"item_purchase_floors":[3,13],"current_hp_per_floor":[55,44,44,51,50,50,50,50,50,39,39,21,21,14,35,17,58,56,56,23,4,0],"gold":345,"neow_bonus":"THREE_RARE_CARDS","is_prod":false,"is_daily":false,"chose_seed":false,"campfire_upgraded":3,"win_rate":0,"timestamp":1555385006,"path_taken":["M","?","$","M","M","R","?","R","T","E","R","?","$","M","R","BOSS","M","?","?","M","M"],"build_version":"2019-04-04","purchased_purges":1,"victory":false,"max_hp_per_floor":[71,71,71,71,71,71,71,71,71,71,71,71,71,71,71,71,71,71,71,71,71,71],"card_choices":[{"not_picked":["Multi-Cast","Buffer"],"picked":"All For One","floor":0},{"not_picked":["Consume","Sunder"],"picked":"Beam Cell","floor":1},{"not_picked":["Barrage","Scrape"],"picked":"Recycle","floor":4},{"not_picked":["Heatsinks","Capacitor"],"picked":"Coolheaded","floor":5},{"not_picked":["Redo","Meteor Strike","Rebound"],"picked":"SKIP","floor":10},{"not_picked":["Barrage","Cold Snap"],"picked":"Auto Shields","floor":12},{"not_picked":["Lockon","Static Discharge"],"picked":"BootSequence","floor":14},{"not_picked":["Hyperbeam","Biased Cognition"],"picked":"Echo Form","floor":16},{"not_picked":["Barrage","Leap"],"picked":"Reinforced Body","floor":18},{"not_picked":["Melter","Aggregate"],"picked":"Self Repair","floor":21}],"player_experience":2416960,"relics_obtained":[{"floor":9,"key":"Tiny Chest"},{"floor":10,"key":"Bag of Marbles"},{"floor":12,"key":"Odd Mushroom"},{"floor":20,"key":"Nunchaku"},{"floor":20,"key":"Gremlin Horn"}],"event_choices":[{"damage_healed":0,"gold_gain":75,"player_choice":"Gather Gold","damage_taken":11,"max_hp_gain":0,"max_hp_loss":0,"event_name":"World of Goop","floor":2,"gold_loss":0},{"damage_healed":0,"gold_gain":0,"player_choice":"Grow","damage_taken":0,"max_hp_gain":0,"max_hp_loss":0,"event_name":"Living Wall","floor":7,"gold_loss":0,"cards_upgraded":["Recycle"]},{"damage_healed":0,"gold_gain":0,"player_choice":"Fought Mushrooms","damage_taken":0,"max_hp_gain":0,"max_hp_loss":0,"event_name":"Mushrooms","floor":12,"gold_loss":0},{"damage_healed":0,"gold_gain":50,"player_choice":"Stole From Cult","damage_taken":0,"max_hp_gain":0,"max_hp_loss":0,"event_name":"Nest","floor":19,"gold_loss":0},{"damage_healed":0,"gold_gain":0,"player_choice":"Fight","damage_taken":0,"max_hp_gain":0,"max_hp_loss":0,"event_name":"Colosseum","floor":20,"gold_loss":0},{"damage_healed":0,"gold_gain":0,"player_choice":"Fought Nobs","damage_taken":0,"max_hp_gain":0,"max_hp_loss":0,"event_name":"Colosseum","floor":20,"gold_loss":0}],"is_beta":true,"boss_relics":[{"not_picked":["Fusion Hammer","Astrolabe"],"picked":"Sozu"}],"items_purged_floors":[13],"is_endless":false,"potions_floor_spawned":[1,5,10,14,16,21],"killed_by":"Snake Plant","ascension_level":15}