{"gold_per_floor":[115,16,16,16,31,31,65,79,125,143,68,100,100,119,119,193,193,205,15,15,34,34,68,86,86,167,167,217,243,243,258,258,331,331,349,3,19,44,0,0],"floor_reached":40,"playtime":2230,"items_purged":["Strike_G"],"score":914,"play_id":"19435ca3-b156-454f-b64b-90da33f26d0c","local_time":"20190507134326","is_ascension_mode":true,"campfire_choices":[{"data":"Dagger Throw","floor":6,"key":"SMITH"},{"data":"Noxious Fumes","floor":13,"key":"SMITH"},{"data":"Bane","floor":15,"key":"SMITH"},{"data":"A Thousand Cuts","floor":27,"key":"SMITH"},{"data":"Noxious Fumes","floor":30,"key":"SMITH"},{"data":"Malaise","floor":32,"key":"SMITH"}],"neow_cost":"NONE","seed_source_timestamp":15466450050656,"circlet_count":0,"master_deck":["AscendersBane","Defend_G","Defend_G","Defend_G","Defend_G","Defend_G","Strike_G+1","Strike_G+1","Survivor","Neutralize+1","Infinite Blades","Dagger Throw+1","Noxious Fumes+1","Backflip","PiercingWail","Bane+1","Malaise+1","Poisoned Stab","Noxious Fumes+1","PiercingWail","Backflip","A Thousand Cuts+1","Cloak And Dagger","Calculated Gamble","PiercingWail","Night Terror","Masterful Stab+1","Riddle With Holes+1","Bane+1","Apotheosis"],"relics":["Ring of the Snake","Orichalcum","Vajra","Bag of Marbles","Mummified Hand","Black Star","MutagenicStrength","The Specimen","Bottled Lightning","Ninja Scroll","Torii","Whetstone","Astrolabe","Lantern","Red Mask"],"potions_floor_usage":[10,12,29,33,33],"damage_taken":[{"damage":2,"enemies":"Jaw Worm","floor":1,"turns":4},{"damage":1,"enemies":"Small Slimes","floor":5,"turns":3},{"damage":18,"enemies":"Gremlin Nob","floor":7,"turns":5},{"damage":0,"enemies":"2 Louse","floor":8,"turns":2},{"damage":0,"enemies":"2 Fungi Beasts","floor":10,"turns":4},{"damage":0,"enemies":"3 Sentries","floor":12,"turns":9},{"damage":7,"enemies":"Lots of Slimes","floor":14,"turns":4},{"damage":12,"enemies":"Hexaghost","floor":16,"turns":8},{"damage":9,"enemies":"3 Byrds","floor":18,"turns":7},{"damage":0,"enemies":"Spheric Guardian","floor":21,"turns":4},{"damage":2,"enemies":"Book of Stabbing","floor":23,"turns":6},{"damage":3,"enemies":"Snake Plant","floor":24,"turns":7},{"damage":7,"enemies":"Slavers","floor":29,"turns":5},{"damage":0,"enemies":"Chosen and Byrds","floor":31,"turns":3},{"damage":25,"enemies":"Collector","floor":33,"turns":7},{"damage":2,"enemies":"3 Darklings","floor":35,"turns":5},{"damage":0,"enemies":"3 Shapes","floor":37,"turns":9},{"damage":63,"enemies":"Giant Head","floor":40,"turns":6}],"seed_played":"8811930914169922248","potions_obtained":[{"floor":5,"key":"Regen Potion"},{"floor":8,"key":"EssenceOfSteel"},{"floor":14,"key":"Dexterity Potion"},{"floor":18,"key":"GhostInAJar"},{"floor":29,"key":"EssenceOfSteel"},{"floor":37,"key":"SpeedPotion"}],"is_trial":false,"path_per_floor":["M","$","?","?","M","R","E","M","T","M","$","E","R","M","R","B",null,"M","$","?","M","?","E","M","$","T","R","?","E","R","M","R","B",null,"M","$","M","T","?","E"],"character_chosen":"THE_SILENT","items_purchased":["Infinite Blades","Dagger Throw","Noxious Fumes","PiercingWail","Fire Potion","Lantern","Apotheosis"],"campfire_rested":0,"item_purchase_floors":[2,2,19,19,19,36,36],"current_hp_per_floor":[57,57,57,57,56,56,38,38,38,50,50,50,50,43,43,31,57,48,48,48,48,48,46,43,43,43,43,37,30,30,30,30,5,51,49,49,49,49,49,0],"gold":0,"neow_bonus":"RANDOM_COMMON_RELIC","is_prod":false,"is_daily":false,"chose_seed":false,"campfire_upgraded":6,"win_rate":0,"timestamp":1557261806,"path_taken":["M","$","?","?","M","R","E","M","T","M","$","E","R","M","R","BOSS","M","$","?","M","?","E","M","$","T","R","?","E","R","M","R","BOSS","M","?","?","?","?","E"],"build_version":"2019-04-23","purchased_purges":1,"victory":false,"max_hp_per_floor":[66,66,66,66,66,66,66,66,66,66,66,66,66,66,66,66,66,66,66,66,66,66,66,66,66,66,66,66,66,66,66,66,66,66,66,66,66,66,66,66],"card_choices":[{"not_picked":["Acrobatics","Prepared","Slice"],"picked":"SKIP","floor":1},{"not_picked":["Backstab","Slice"],"picked":"Dash","floor":5},{"not_picked":["Dodge and Roll","After Image"],"picked":"Noxious Fumes","floor":7},{"not_picked":["Dodge and Roll","Masterful Stab"],"picked":"Backflip","floor":8},{"not_picked":["Expertise","Quick Slash","Prepared"],"picked":"SKIP","floor":10},{"not_picked":["Dash","Dodge and Roll"],"picked":"PiercingWail","floor":12},{"not_picked":["Dodge and Roll","Slice"],"picked":"Bane","floor":14},{"not_picked":["Doppelganger","A Thousand Cuts"],"picked":"Malaise","floor":16},{"not_picked":["Dagger Throw","Dagger Spray"],"picked":"Poisoned Stab","floor":18},{"not_picked":["Acrobatics","Deadly Poison"],"picked":"Backflip","floor":21},{"not_picked":["Backflip","Slice"],"picked":"A Thousand Cuts","floor":23},{"not_picked":["Concentrate","Acrobatics"],"picked":"Cloak And Dagger","floor":24},{"not_picked":["Infinite Blades","Poisoned Stab"],"picked":"Calculated Gamble","floor":29},{"not_picked":["Distraction+1","Flying Knee"],"picked":"PiercingWail","floor":31},{"not_picked":["Glass Knife","Envenom"],"picked":"Night Terror","floor":33},{"not_picked":["Deadly Poison","Dagger Spray","Acrobatics"],"picked":"SKIP","floor":35},{"not_picked":["Prepared","Riddle With Holes","Outmaneuver+1"],"picked":"SKIP","floor":37}],"player_experience":6235834,"relics_obtained":[{"floor":7,"key":"Vajra"},{"floor":9,"key":"Bag of Marbles"},{"floor":12,"key":"Mummified Hand"},{"floor":23,"key":"The Specimen"},{"floor":23,"key":"Bottled Lightning"},{"floor":26,"key":"Ninja Scroll"},{"floor":29,"key":"Torii"},{"floor":29,"key":"Whetstone"}],"event_choices":[{"damage_healed":0,"gold_gain":0,"player_choice":"Leave","damage_taken":0,"max_hp_gain":0,"max_hp_loss":0,"event_name":"The Cleric","floor":3,"gold_loss":0},{"damage_healed":0,"gold_gain":0,"player_choice":"Grow","damage_taken":0,"max_hp_gain":0,"max_hp_loss":0,"event_name":"Living Wall","floor":4,"gold_loss":0,"cards_upgraded":["Neutralize"]},{"damage_healed":0,"gold_gain":0,"player_choice":"Inject Mutagens","damage_taken":0,"relics_obtained":["MutagenicStrength"],"max_hp_gain":0,"max_hp_loss":0,"event_name":"Drug Dealer","floor":20,"gold_loss":0},{"damage_healed":0,"gold_gain":50,"player_choice":"Touch","damage_taken":6,"max_hp_gain":0,"max_hp_loss":0,"event_name":"FaceTrader","floor":28,"gold_loss":0},{"damage_healed":0,"gold_gain":0,"player_choice":"Paid","damage_taken":0,"relics_obtained":["Red Mask"],"max_hp_gain":0,"max_hp_loss":0,"event_name":"Tomb of Lord Red Mask","floor":39,"gold_loss":44}],"is_beta":true,"boss_relics":[{"not_picked":["WristBlade","Philosopher\u0027s Stone"],"picked":"Black Star"},{"not_picked":["HoveringKite","Tiny House"],"picked":"Astrolabe"}],"items_purged_floors":[11],"is_endless":false,"potions_floor_spawned":[5,8,14,18,21,23,29,37],"killed_by":"Giant Head","ascension_level":20}