{"gold_per_floor":[369,382,9,22,22,22,56,68,93,93,65,85,85,114,114,188,188,208,225,235,235,247,247,281,281,360,360,360,376,6,6,6,6],"floor_reached":33,"playtime":1886,"items_purged":[],"score":600,"play_id":"af69c4b9-9e80-4945-8a4d-4cee04dcf6cc","local_time":"20190430073820","is_ascension_mode":true,"campfire_choices":[{"data":"Doom and Gloom","floor":6,"key":"SMITH"},{"data":"Static Discharge","floor":10,"key":"SMITH"},{"data":"Zap","floor":13,"key":"SMITH"},{"data":"Conserve Battery","floor":15,"key":"SMITH"},{"data":"Machine Learning","floor":23,"key":"SMITH"},{"data":"Self Repair","floor":25,"key":"SMITH"},{"data":"Hologram","floor":27,"key":"SMITH"},{"data":"Loop","floor":32,"key":"SMITH"}],"neow_cost":"PERCENT_DAMAGE","seed_source_timestamp":652594564030336,"circlet_count":0,"master_deck":["AscendersBane","Strike_B","Strike_B","Strike_B","Defend_B","Defend_B","Defend_B","Defend_B","Zap+1","Dualcast","Cold Snap","Conserve Battery+1","Doom and Gloom+1","Glacier+1","Static Discharge+1","Ball Lightning","Ball Lightning","Coolheaded+1","Machine Learning+1","Conserve Battery+1","Hologram+1","Self Repair+1","Loop+1"],"relics":["Cracked Core","FossilizedHelix","Blood Vial","Omamori","War Paint","Coffee Dripper","Bag of Marbles","Symbiotic Virus","StoneCalendar","Meat on the Bone"],"potions_floor_usage":[7,20,22,24,33,33],"damage_taken":[{"damage":7,"enemies":"Small Slimes","floor":1,"turns":3},{"damage":0,"enemies":"Cultist","floor":2,"turns":3},{"damage":0,"enemies":"Jaw Worm","floor":4,"turns":2},{"damage":3,"enemies":"Lagavulin","floor":7,"turns":9},{"damage":0,"enemies":"Large Slime","floor":8,"turns":4},{"damage":0,"enemies":"Looter","floor":12,"turns":3},{"damage":0,"enemies":"Gremlin Nob","floor":14,"turns":3},{"damage":22,"enemies":"Hexaghost","floor":16,"turns":9},{"damage":11,"enemies":"Shell Parasite","floor":18,"turns":4},{"damage":11,"enemies":"2 Thieves","floor":19,"turns":3},{"damage":0,"enemies":"Snecko","floor":20,"turns":4},{"damage":0,"enemies":"Snake Plant","floor":22,"turns":4},{"damage":14,"enemies":"Book of Stabbing","floor":24,"turns":5},{"damage":17,"enemies":"Colosseum Slavers","floor":28,"turns":3},{"damage":2,"enemies":"Centurion and Healer","floor":29,"turns":10},{"damage":40,"enemies":"Automaton","floor":33,"turns":6}],"seed_played":"7772018927737935594","potions_obtained":[{"floor":2,"key":"SkillPotion"},{"floor":4,"key":"EssenceOfSteel"},{"floor":8,"key":"Ancient Potion"},{"floor":18,"key":"Weak Potion"},{"floor":22,"key":"SpeedPotion"},{"floor":29,"key":"AttackPotion"}],"is_trial":false,"path_per_floor":["M","M","$","M","?","R","E","M","T","R","$","M","R","E","R","B",null,"M","M","M","?","M","R","E","R","T","R","?","M","$","?","R","B"],"character_chosen":"DEFECT","items_purchased":["Doom and Gloom","FossilizedHelix","Ball Lightning","StoneCalendar","Loop"],"campfire_rested":0,"item_purchase_floors":[3,3,11,30,30],"current_hp_per_floor":[39,39,39,39,39,39,36,38,38,38,38,40,40,42,42,22,59,50,41,43,29,31,31,19,19,19,19,14,24,24,24,24,0],"gold":6,"neow_bonus":"TWO_FIFTY_GOLD","is_prod":false,"is_daily":false,"chose_seed":false,"campfire_upgraded":8,"win_rate":0,"timestamp":1556624300,"path_taken":["M","M","$","M","?","R","E","M","T","R","?","M","R","E","R","BOSS","M","M","?","?","?","R","E","R","T","R","?","M","$","?","R","BOSS"],"build_version":"2019-01-23","purchased_purges":0,"victory":false,"max_hp_per_floor":[71,71,71,71,71,71,71,71,71,71,71,71,71,71,71,71,71,71,71,71,71,71,71,71,71,71,71,71,71,71,71,71,71],"card_choices":[{"not_picked":["Reprogram","Steam"],"picked":"Cold Snap","floor":1},{"not_picked":["Steam","Beam Cell"],"picked":"Conserve Battery","floor":2},{"not_picked":["Fusion","Compile Driver"],"picked":"Glacier","floor":4},{"not_picked":["Self Repair","Thunder Strike"],"picked":"Static Discharge","floor":7},{"not_picked":["Go for the Eyes","Coolheaded"],"picked":"Ball Lightning","floor":8},{"not_picked":["Barrage","Stack"],"picked":"Coolheaded","floor":12},{"not_picked":["Rebound","Barrage","Machine Learning"],"picked":"SKIP","floor":14},{"not_picked":["Thunder Strike","Multi-Cast"],"picked":"Machine Learning","floor":16},{"not_picked":["Rebound","Streamline","Go for the Eyes+1"],"picked":"SKIP","floor":18},{"not_picked":["Streamline","Rebound"],"picked":"Conserve Battery+1","floor":19},{"not_picked":["Barrage","Sweeping Beam"],"picked":"Hologram","floor":20},{"not_picked":["Sweeping Beam","Stack","Lockon"],"picked":"SKIP","floor":22},{"not_picked":["Cold Snap","Coolheaded"],"picked":"Self Repair","floor":24},{"not_picked":["Leap","Turbo+1","Rebound"],"picked":"SKIP","floor":29}],"player_experience":2146700,"relics_obtained":[{"floor":7,"key":"Blood Vial"},{"floor":9,"key":"Omamori"},{"floor":14,"key":"War Paint"},{"floor":24,"key":"Bag of Marbles"},{"floor":26,"key":"Symbiotic Virus"}],"event_choices":[{"cards_removed":["Strike_B"],"damage_healed":0,"gold_gain":0,"player_choice":"Purged","damage_taken":0,"max_hp_gain":0,"max_hp_loss":0,"event_name":"Purifier","floor":5,"gold_loss":0},{"damage_healed":0,"gold_gain":0,"player_choice":"POTION ","damage_taken":14,"max_hp_gain":0,"max_hp_loss":0,"event_name":"Knowing Skull","floor":21,"potions_obtained":["Energy Potion"],"gold_loss":0,"cards_obtained":[]},{"damage_healed":0,"gold_gain":0,"player_choice":"Fight","damage_taken":0,"max_hp_gain":0,"max_hp_loss":0,"event_name":"Colosseum","floor":28,"gold_loss":0},{"damage_healed":0,"gold_gain":0,"player_choice":"Fled From Nobs","damage_taken":0,"max_hp_gain":0,"max_hp_loss":0,"event_name":"Colosseum","floor":28,"gold_loss":0},{"damage_healed":0,"gold_gain":0,"player_choice":"Stole Relic","damage_taken":0,"relics_obtained":["Meat on the Bone"],"max_hp_gain":0,"max_hp_loss":0,"event_name":"Addict","floor":31,"gold_loss":0,"cards_obtained":["Shame"]}],"is_beta":false,"boss_relics":[{"not_picked":["Philosopher\u0027s Stone","Eternal Feather"],"picked":"Coffee Dripper"}],"items_purged_floors":[],"is_endless":false,"potions_floor_spawned":[2,4,8,14,18,22,28,29],"killed_by":"Automaton","ascension_level":20}