{"gold_per_floor":[14,28,42,42,58,58,87,87,87,103,26,26,44,58,58,130,130,143,196,80,99,99,99,134,149,172,189,99,116,131,149,149,149],"floor_reached":33,"playtime":1154,"items_purged":["Strike_G"],"score":596,"play_id":"d0d9de44-bea6-456b-926a-9252f95feb09","local_time":"20190304115500","is_ascension_mode":true,"campfire_choices":[{"data":"Skewer","floor":6.0,"key":"SMITH"},{"floor":8,"key":"REST"},{"floor":12,"key":"REST"},{"data":"Footwork","floor":15,"key":"SMITH"},{"floor":23,"key":"REST"},{"floor":32,"key":"REST"}],"neow_cost":"NO_GOLD","seed_source_timestamp":260665032870645,"circlet_count":0,"master_deck":["AscendersBane","Defend_G","Defend_G","Defend_G","Defend_G","Defend_G","Strike_G","Strike_G","Strike_G","Strike_G","Survivor","Neutralize","Corpse Explosion","Poisoned Stab","Dagger Spray","Noxious Fumes+1","Skewer+1","Adrenaline","Quick Slash+1","Noxious Fumes","Footwork+1","Burst","Backflip","Cloak And Dagger","PiercingWail+1","Escape Plan+1","Adrenaline","Backflip+1","Leg Sweep"],"special_seed":0,"relics":["Ring of the Snake","Turnip","Molten Egg 2","Sozu","MawBank","Mercury Hourglass","Centennial Puzzle","Omamori"],"potions_floor_usage":[7,16,24,33],"damage_taken":[{"damage":1.0,"enemies":"2 Louse","floor":1.0,"turns":5.0},{"damage":1.0,"enemies":"Cultist","floor":2.0,"turns":3.0},{"damage":0.0,"enemies":"Small Slimes","floor":3.0,"turns":3.0},{"damage":29.0,"enemies":"Exordium Thugs","floor":5.0,"turns":3.0},{"damage":23,"enemies":"Lagavulin","floor":7,"turns":6},{"damage":11,"enemies":"Looter","floor":10,"turns":2},{"damage":2,"enemies":"Gremlin Gang","floor":13,"turns":2},{"damage":10,"enemies":"2 Fungi Beasts","floor":14,"turns":2},{"damage":3,"enemies":"Slime Boss","floor":16,"turns":9},{"damage":29,"enemies":"3 Byrds","floor":18,"turns":4},{"damage":3,"enemies":"Spheric Guardian","floor":21,"turns":4},{"damage":16,"enemies":"Slavers","floor":24,"turns":3},{"damage":18,"enemies":"Centurion and Healer","floor":25,"turns":3},{"damage":0,"enemies":"3 Cultists","floor":27,"turns":2},{"damage":2,"enemies":"Snake Plant","floor":29,"turns":4},{"damage":2,"enemies":"Snecko","floor":30,"turns":5},{"damage":0,"enemies":"3 Cultists","floor":31,"turns":3},{"damage":31,"enemies":"Collector","floor":33,"turns":7}],"seed_played":"-6627112562680903310","potions_obtained":[{"floor":3.0,"key":"PowerPotion"},{"floor":7,"key":"SpeedPotion"},{"floor":13,"key":"Dexterity Potion"},{"floor":16,"key":"Strength Potion"}],"is_trial":false,"path_per_floor":["M","M","M","?","M","R","E","R","T","M","$","R","M","M","R","B",null,"M","T","$","M","?","R","E","M","T","M","?","M","M","M","R","B"],"character_chosen":"THE_SILENT","items_purchased":["Noxious Fumes","Cloak And Dagger"],"campfire_rested":4,"item_purchase_floors":[11,20],"current_hp_per_floor":[58,57,57,57,28,28,5,24,24,13,13,32,30,20,20,17,54,25,25,25,22,22,41,25,7,7,7,7,5,3,3,22,0],"gold":149,"neow_bonus":"THREE_RARE_CARDS","is_prod":false,"is_daily":false,"chose_seed":false,"campfire_upgraded":2,"win_rate":0,"timestamp":1551725700,"path_taken":["M","M","M","?","M","R","E","R","T","?","?","R","M","M","R","BOSS","M","?","$","?","?","R","E","M","T","M","?","?","M","M","R","BOSS"],"build_version":"2019-02-06","purchased_purges":1,"victory":false,"max_hp_per_floor":[66,66,66,66,66,66,66,66,66,66,66,66,66,66,66,66,66,66,66,66,66,66,66,66,66,66,66,66,66,66,66,66,66],"card_choices":[{"not_picked":["Storm of Steel","Doppelganger"],"picked":"Corpse Explosion","floor":0.0},{"not_picked":["Dagger Throw","Heel Hook"],"picked":"Poisoned Stab","floor":1.0},{"not_picked":["Slice","Riddle With Holes"],"picked":"Dagger Spray","floor":2.0},{"not_picked":["Dagger Spray","Poisoned Stab"],"picked":"Noxious Fumes","floor":3.0},{"not_picked":["Underhanded Strike","Blade Dance"],"picked":"Skewer","floor":5.0},{"not_picked":["Finisher","Dodge and Roll"],"picked":"Adrenaline","floor":7},{"not_picked":["Endless Agony+1","Deflect"],"picked":"Quick Slash+1","floor":10},{"not_picked":["Deadly Poison","Deflect"],"picked":"Footwork","floor":13},{"not_picked":["Setup","Deadly Poison","Choke+1"],"picked":"SKIP","floor":14},{"not_picked":["A Thousand Cuts","Phantasmal Killer"],"picked":"Burst","floor":16},{"not_picked":["Bane+1","Prepared"],"picked":"Backflip","floor":18},{"not_picked":["Poisoned Stab+1","Quick Slash+1"],"picked":"PiercingWail+1","floor":21},{"not_picked":["Concentrate","Eviscerate+1","Slice+1"],"picked":"SKIP","floor":24},{"not_picked":["Endless Agony+1","Dagger Spray+1"],"picked":"Escape Plan+1","floor":25},{"not_picked":["Flying Knee+1","Backflip"],"picked":"Adrenaline","floor":27},{"not_picked":["Bane+1","Blade Dance","Slice+1"],"picked":"SKIP","floor":29},{"not_picked":["Blade Dance","Deadly Poison"],"picked":"Backflip+1","floor":30},{"not_picked":["Poisoned Stab+1","Sucker Punch+1"],"picked":"Leg Sweep","floor":31}],"player_experience":1148908,"relics_obtained":[{"floor":7,"key":"Turnip"},{"floor":9,"key":"Molten Egg 2"},{"floor":19,"key":"MawBank"},{"floor":24,"key":"Mercury Hourglass"},{"floor":26,"key":"Centennial Puzzle"}],"event_choices":[{"damage_healed":0.0,"max_hp_gain":0.0,"max_hp_loss":0.0,"gold_gain":0.0,"event_name":"Upgrade Shrine","player_choice":"Upgraded","floor":4.0,"gold_loss":0.0,"damage_taken":0.0,"cards_upgraded":["Noxious Fumes"]},{"damage_healed":0,"gold_gain":0,"player_choice":"Ignored","damage_taken":0,"max_hp_gain":0,"max_hp_loss":0,"event_name":"The Mausoleum","floor":22,"gold_loss":0},{"damage_healed":0,"gold_gain":0,"player_choice":"Paid Gold","damage_taken":0,"relics_obtained":["Omamori"],"max_hp_gain":0,"max_hp_loss":0,"event_name":"WeMeetAgain","floor":28,"gold_loss":90}],"is_beta":true,"boss_relics":[{"not_picked":["Busted Crown","Astrolabe"],"picked":"Sozu"}],"items_purged_floors":[20],"is_endless":false,"potions_floor_spawned":[3,7,13,16,21,30],"killed_by":"Collector","ascension_level":20}