{"gold_per_floor":[110,6,6,16,40,40,54,54,134,134,134,152,164,164,164,164],"floor_reached":16,"playtime":417,"items_purged":["Strike_G"],"score":180,"play_id":"40769576-aeab-4761-8881-3afe258cad77","local_time":"20181026161322","is_ascension_mode":true,"campfire_choices":[{"data":"Neutralize","floor":6,"key":"SMITH"},{"data":"Madness","floor":8,"key":"SMITH"},{"data":"Dagger Spray","floor":10,"key":"SMITH"},{"data":"Deadly Poison","floor":15,"key":"SMITH"}],"neow_cost":"NONE","seed_source_timestamp":489462909558547,"circlet_count":0,"master_deck":["Defend_G","Defend_G","Defend_G","Defend_G","Defend_G","Strike_G","Strike_G","Strike_G","Survivor","Neutralize+1","AscendersBane","Madness+1","Poisoned Stab","Dagger Spray","Backflip","Dagger Spray+1","Deadly Poison+1"],"relics":["Ring of the Snake","Pen Nib","Anchor","Shuriken"],"potions_floor_usage":[16],"damage_taken":[{"damage":1,"enemies":"Small Slimes","floor":1,"turns":5},{"damage":1,"enemies":"2 Louse","floor":4,"turns":3},{"damage":0,"enemies":"Jaw Worm","floor":7,"turns":3},{"damage":0,"enemies":"Exordium Thugs","floor":12,"turns":4},{"damage":8,"enemies":"Large Slime","floor":13,"turns":5},{"damage":45,"enemies":"Slime Boss","floor":16,"turns":8}],"seed_played":"4959768153795936078","potions_obtained":[{"floor":1,"key":"Energy Potion"},{"floor":13,"key":"Energy Potion"}],"is_trial":false,"path_per_floor":["M","$","?","M","T","R","M","R","T","R","?","M","M","?","R"],"character_chosen":"THE_SILENT","items_purchased":["Dagger Spray"],"campfire_rested":0,"item_purchase_floors":[2],"current_hp_per_floor":[58,58,53,52,52,52,52,52,52,52,52,52,44,44,44,0],"gold":164,"neow_bonus":"RANDOM_COLORLESS","is_prod":false,"is_daily":false,"chose_seed":false,"campfire_upgraded":4,"win_rate":0,"timestamp":1540595602,"path_taken":["M","$","?","M","?","R","?","R","T","R","?","M","M","?","R","BOSS"],"build_version":"2018-10-25v2","purchased_purges":1,"victory":false,"max_hp_per_floor":[66,66,66,66,66,66,66,66,66,66,66,66,66,66,66,66],"card_choices":[{"not_picked":["Accuracy","Riddle With Holes"],"picked":"Poisoned Stab","floor":1},{"not_picked":["Acrobatics","Underhanded Strike"],"picked":"Backflip","floor":4},{"not_picked":["Escape Plan","Bane"],"picked":"Dagger Spray","floor":7},{"not_picked":["Poisoned Stab","Acrobatics","Deflect"],"picked":"SKIP","floor":12},{"not_picked":["Flying Knee","Dodge and Roll"],"picked":"Deadly Poison","floor":13}],"player_experience":943469,"relics_obtained":[{"floor":5,"key":"Anchor"},{"floor":9,"key":"Shuriken"}],"event_choices":[{"damage_healed":0,"gold_gain":0,"player_choice":"Success","damage_taken":5,"relics_obtained":["Pen Nib"],"max_hp_gain":0,"max_hp_loss":0,"event_name":"Scrap Ooze","floor":3,"gold_loss":0},{"damage_healed":0,"gold_gain":0,"player_choice":"Ignored","damage_taken":0,"max_hp_gain":0,"max_hp_loss":0,"event_name":"Liars Game","floor":11,"gold_loss":0},{"cards_removed":["Strike_G"],"damage_healed":0,"gold_gain":0,"player_choice":"Offered Basic","damage_taken":0,"max_hp_gain":0,"max_hp_loss":0,"event_name":"Bonfire Elementals","floor":14,"gold_loss":0}],"is_beta":true,"boss_relics":[],"items_purged_floors":[2],"is_endless":false,"potions_floor_spawned":[1,13],"killed_by":"Slime Boss","ascension_level":20}