{"path_per_floor":["M","M","?","M","?","R","E","R","T","?","R","E","M","E","R","B",null,"M","?","M","?","$","R","?","T","T","E","R","M","E","$","R","B",null,"M","?","M","M","M","E","R","?","T","E","M","E","T","?","R","B"],"character_chosen":"THE_SILENT","items_purchased":["Shuriken","Oddly Smooth Stone"],"gold_per_floor":[117,130,130,141,141,141,167,167,167,267,267,292,303,336,336,431,431,447,447,458,458,203,203,118,141,141,166,166,182,208,58,58,160,160,179,0,11,28,40,70,70,70,70,102,115,147,147,147,147,147],"floor_reached":51,"campfire_rested":2,"playtime":5434,"current_hp_per_floor":[69,65,58,58,58,58,49,49,49,49,49,39,33,29,29,29,70,68,55,55,55,55,55,55,55,55,36,36,22,22,22,22,21,75,43,43,43,43,18,4,26,26,26,17,17,17,17,17,39,32],"items_purged":[],"gold":147,"score":835,"play_id":"1d6e97dd-f451-43e8-be18-6914dd3694f0","is_prod":false,"is_daily":false,"is_ascension_mode":true,"campfire_upgraded":7,"path_taken":["M","M","?","M","?","R","E","R","T","?","R","E","?","E","R","BOSS","M","?","M","?","?","R","?","?","T","E","R","?","E","$","R","BOSS","M","?","M","M","M","E","R","?","T","E","M","E","?","?","R","BOSS"],"build_version":"2018-02-08-PROD1","purchased_purges":1,"victory":true,"master_deck":["Defend_G","Defend_G","Defend_G","Defend_G+1","Defend_G","Strike_G","Strike_G","Strike_G+1","Survivor+1","Neutralize+1","Dagger Throw","Quick Slash","Catalyst+1","Deep Breath","Noxious Fumes+1","Dagger Spray","Sucker Punch+1","Outmaneuver+1","Envenom+1","Well Laid Plans+1","Poisoned Stab+1","Catalyst+1","Poisoned Stab+1","Malaise+1","Cloak And Dagger+1","Crippling Poison+1","Catalyst+1","Poisoned Stab+1","Blur+1","Noxious Fumes+1","Leg Sweep+1","Dash+1","Acrobatics+1"],"max_hp_per_floor":[70,70,70,70,70,70,70,70,70,70,70,70,70,70,70,70,70,70,75,75,75,75,75,75,75,75,75,75,75,75,75,75,75,75,75,75,75,75,75,75,75,75,75,75,75,75,75,75,75,75],"relics":["Velvet Choker","Toxic Egg 2","Ornamental Fan","Kunai","Paper Crane","Black Star","Shuriken","Thread and Needle","Snake Skull","War Paint","Blue Candle","Centennial Puzzle","Omamori","Whetstone","Oddly Smooth Stone","Lizard Tail","Red Mask","Ancient Tea Set","Orichalcum","Ginger","Ice Cream","Dead Branch","Gambling Chip","Du-Vu Doll","Frozen Egg 2"],"card_choices":[{"not_picked":["Prepared","Escape Plan"],"picked":"Dagger Throw"},{"not_picked":["Slice","Flying Knee"],"picked":"Quick Slash"},{"not_picked":["Choke","Flechettes"],"picked":"Catalyst"},{"not_picked":["Dagger Throw","Quick Slash"],"picked":"Noxious Fumes"},{"not_picked":["Unload","Distraction"],"picked":"Dagger Spray"},{"not_picked":["Acrobatics","Underhanded Strike"],"picked":"Sucker Punch"},{"not_picked":["Flying Knee","Quick Slash"],"picked":"Outmaneuver"},{"not_picked":["Bullet Time","Tools of the Trade"],"picked":"Envenom"},{"not_picked":["Calculated Gamble","Expertise"],"picked":"Well Laid Plans"},{"not_picked":["Slice","Sucker Punch"],"picked":"Poisoned Stab"},{"not_picked":["Prepared","Eviscerate"],"picked":"Poisoned Stab"},{"not_picked":["Leg Sweep","Acrobatics"],"picked":"Malaise"},{"not_picked":["Burst","Prepared"],"picked":"Cloak And Dagger"},{"not_picked":["Slice","Dodge and Roll"],"picked":"Crippling Poison"},{"not_picked":["Poisoned Stab","Deflect"],"picked":"Catalyst"},{"not_picked":["Outmaneuver","Backstab"],"picked":"Poisoned Stab"},{"not_picked":["Quick Slash","Flechettes"],"picked":"Blur"},{"not_picked":["Prepared","Flechettes"],"picked":"Leg Sweep"},{"not_picked":["Blade Dance","Bane"],"picked":"Dash"},{"not_picked":["Cloak And Dagger","Unload"],"picked":"Acrobatics"}],"player_experience":120501,"potions_floor_usage":[12,14,27,27,33,33,39,50],"damage_taken":[{"damage":1,"enemies":"Small Slimes","floor":1,"turns":4},{"damage":4,"enemies":"Blue Slaver","floor":2,"turns":4},{"damage":0,"enemies":"Jaw Worm","floor":4,"turns":3},{"damage":9,"enemies":"Lagavulin","floor":7,"turns":8},{"damage":10,"enemies":"Gremlin Nob","floor":12,"turns":4},{"damage":6,"enemies":"Large Slime","floor":13,"turns":5},{"damage":4,"enemies":"3 Sentries","floor":14,"turns":5},{"damage":0,"enemies":"Hexaghost","floor":16,"turns":8},{"damage":2,"enemies":"Shell Parasite","floor":18,"turns":6},{"damage":0,"enemies":"3 Byrds","floor":20,"turns":5},{"damage":19,"enemies":"Slavers","floor":27,"turns":5},{"damage":14,"enemies":"Centurion and Healer","floor":29,"turns":4},{"damage":0,"enemies":"Book of Stabbing","floor":30,"turns":3},{"damage":1,"enemies":"Automaton","floor":33,"turns":7},{"damage":32,"enemies":"3 Shapes","floor":35,"turns":5},{"damage":0,"enemies":"Orb Walker","floor":37,"turns":4},{"damage":0,"enemies":"Maw","floor":38,"turns":6},{"damage":25,"enemies":"3 Darklings","floor":39,"turns":8},{"damage":14,"enemies":"2 Orb Walkers","floor":40,"turns":4},{"damage":9,"enemies":"Nemesis","floor":44,"turns":4},{"damage":0,"enemies":"Sphere and 2 Shapes","floor":45,"turns":5},{"damage":0,"enemies":"2 Orb Walkers","floor":46,"turns":5},{"damage":7,"enemies":"Donu and Deca","floor":50,"turns":9}],"event_choices":[{"event_name":"Golden Wing","player_choice":"Card Removal","floor":3,"damage_taken":0},{"event_name":"Match and Keep!","player_choice":"1 cards matched","floor":5,"damage_taken":0},{"event_name":"Wheel of Change","player_choice":"Gold","floor":10,"damage_taken":0},{"event_name":"Forgotten Altar","player_choice":"Shed Blood","floor":19,"damage_taken":0},{"event_name":"The Library","player_choice":"Read","floor":21,"damage_taken":0},{"event_name":"Addict","player_choice":"Obtained Relic","floor":24,"damage_taken":0},{"event_name":"Tomb of Lord Red Mask","player_choice":"Paid","floor":36,"damage_taken":0},{"event_name":"Duplicator","player_choice":"One dupe","floor":42,"damage_taken":0},{"event_name":"Purifier","player_choice":"One Purge","floor":48,"damage_taken":0}],"boss_relics":[{"not_picked":["Question Card","Snecko Eye"],"picked":"Black Star"},{"not_picked":["Philosopher\u0027s Stone","Tiny House"],"picked":"Lizard Tail"}],"potions_floor_spawned":[4,7,16,18,29,30,35,40,46],"seed_played":"-8904722834847250318","ascension_level":2,"is_trial":false}