{"gold_per_floor":[117,133,133,58,58,58,77,77,102,114,114,147,147,162,162,259,259,275,200,200,220,232,232,249,278,278,278],"floor_reached":27,"playtime":1040,"items_purged":["Doubt"],"score":256,"play_id":"d07873b4-5d9b-46ac-9015-7bc07ed2bdce","local_time":"20190502214135","is_ascension_mode":true,"campfire_choices":[{"data":"1","floor":6,"key":"LIFT"},{"data":"2","floor":8,"key":"LIFT"},{"data":"3","floor":11,"key":"LIFT"},{"floor":13,"key":"REST"},{"floor":15,"key":"REST"},{"floor":23,"key":"REST"}],"neow_cost":"CURSE","seed_source_timestamp":557934799738569,"circlet_count":0,"master_deck":["Strike_B","Strike_B","Strike_B","Defend_B+1","Defend_B","Zap+1","Dualcast+1","Heatsinks","Reprogram","Genetic Algorithm","Conserve Battery","Cold Snap","Electrodynamics","Ball Lightning","Echo Form","Aggregate","Glacier","Static Discharge+1","Conserve Battery","Barrage"],"relics":["FrozenCore","Girya","Art of War","Bag of Preparation","Vajra","Bottled Flame"],"potions_floor_usage":[12,12,25],"damage_taken":[{"damage":15,"enemies":"Jaw Worm","floor":1,"turns":5},{"damage":5,"enemies":"Small Slimes","floor":2,"turns":4},{"damage":0,"enemies":"2 Louse","floor":7,"turns":2},{"damage":19,"enemies":"Exordium Wildlife","floor":10,"turns":5},{"damage":6,"enemies":"3 Sentries","floor":12,"turns":7},{"damage":1,"enemies":"2 Fungi Beasts","floor":14,"turns":3},{"damage":17,"enemies":"The Guardian","floor":16,"turns":15},{"damage":15,"enemies":"2 Thieves","floor":18,"turns":4},{"damage":26,"enemies":"Shell Parasite","floor":21,"turns":5},{"damage":17,"enemies":"Snecko","floor":22,"turns":5},{"damage":18,"enemies":"Sentry and Sphere","floor":24,"turns":6},{"damage":13,"enemies":"Book of Stabbing","floor":25,"turns":7},{"damage":12,"enemies":"Shelled Parasite and Fungi","floor":27,"turns":2}],"seed_played":"-2319190474403370788","potions_obtained":[{"floor":1,"key":"Dexterity Potion"},{"floor":7,"key":"Swift Potion"},{"floor":12,"key":"Ancient Potion"},{"floor":14,"key":"SteroidPotion"},{"floor":21,"key":"EntropicBrew"},{"floor":24,"key":"Dexterity Potion"},{"floor":25,"key":"Weak Potion"}],"is_trial":false,"path_per_floor":["M","M","?","$","?","R","M","R","T","M","R","E","R","M","R","B",null,"M","?","?","M","M","R","M","E","T","M"],"character_chosen":"DEFECT","items_purchased":[],"campfire_rested":3,"item_purchase_floors":[],"current_hp_per_floor":[60,55,40,40,40,40,40,40,40,21,21,15,37,36,58,41,75,60,60,60,34,17,39,21,8,8,0],"gold":278,"neow_bonus":"ONE_RARE_RELIC","is_prod":false,"is_daily":false,"chose_seed":false,"campfire_upgraded":0,"win_rate":0,"timestamp":1556847695,"path_taken":["M","M","?","$","?","R","M","R","T","M","R","E","R","M","R","BOSS","M","?","?","M","M","R","M","E","T","M"],"build_version":"2019-01-23","purchased_purges":1,"victory":false,"max_hp_per_floor":[75,75,75,75,75,75,75,75,75,75,75,75,75,75,75,75,75,75,75,75,75,75,75,75,75,75,75],"card_choices":[{"not_picked":["Gash","Stack"],"picked":"Heatsinks","floor":1},{"not_picked":["Streamline","Turbo"],"picked":"Reprogram","floor":2},{"not_picked":["Heatsinks","Barrage"],"picked":"Genetic Algorithm","floor":7},{"not_picked":["Redo","Steam Power"],"picked":"Conserve Battery","floor":10},{"not_picked":["Thunder Strike","Gash"],"picked":"Cold Snap","floor":12},{"not_picked":["Compile Driver","Scrape","Undo"],"picked":"SKIP","floor":14},{"not_picked":["All For One","Biased Cognition"],"picked":"Electrodynamics","floor":16},{"not_picked":["Streamline","Redo"],"picked":"Ball Lightning","floor":18},{"not_picked":["Darkness","Gash"],"picked":"Glacier","floor":21},{"not_picked":["Beam Cell","Rebound"],"picked":"Static Discharge+1","floor":22},{"not_picked":["Force Field","Sunder"],"picked":"Conserve Battery","floor":24},{"not_picked":["Double Energy","Fission"],"picked":"Barrage","floor":25}],"player_experience":939827,"relics_obtained":[{"floor":9,"key":"Art of War"},{"floor":12,"key":"Bag of Preparation"},{"floor":25,"key":"Vajra"},{"floor":26,"key":"Bottled Flame"}],"event_choices":[{"damage_healed":0,"gold_gain":0,"player_choice":"Entered Light","damage_taken":15,"max_hp_gain":0,"max_hp_loss":0,"event_name":"Shining Light","floor":3,"gold_loss":0,"cards_upgraded":["Zap","Defend_B"]},{"damage_healed":0,"gold_gain":0,"player_choice":"Grow","damage_taken":0,"max_hp_gain":0,"max_hp_loss":0,"event_name":"Living Wall","floor":5,"gold_loss":0,"cards_upgraded":["Dualcast"]},{"cards_removed":["Defend_B"],"damage_healed":0,"gold_gain":0,"player_choice":"Gave Gold","damage_taken":0,"max_hp_gain":0,"max_hp_loss":0,"event_name":"Beggar","floor":19,"gold_loss":75},{"damage_healed":0,"gold_gain":0,"cards_transformed":["Strike_B","Defend_B"],"player_choice":"Became Test Subject","damage_taken":0,"max_hp_gain":0,"max_hp_loss":0,"event_name":"Drug Dealer","floor":20,"gold_loss":0,"cards_obtained":["Echo Form","Aggregate"]}],"is_beta":false,"boss_relics":[{"not_picked":["Eternal Feather","Snecko Eye"],"picked":"FrozenCore"}],"items_purged_floors":[4],"is_endless":false,"potions_floor_spawned":[1,7,12,14,21,24,25],"killed_by":"Shelled Parasite and Fungi","ascension_level":2}