{"gold_per_floor":[117,128,144,144,144,178,190,246,258,270,306,318,35,66,66,159,159,177,195,214,129,150,190,190,190,190,190,190],"floor_reached":28,"playtime":1257,"items_purged":["Strike_B"],"score":637,"play_id":"532a49c8-6be0-456b-b835-9bc7846dfaa5","local_time":"20190410134432","is_ascension_mode":true,"campfire_choices":[{"floor":7,"key":"REST"},{"floor":10,"key":"REST"},{"floor":12,"key":"REST"},{"data":"Defragment","floor":15,"key":"SMITH"},{"data":"Go for the Eyes","floor":25,"key":"SMITH"}],"neow_cost":"PERCENT_DAMAGE","seed_source_timestamp":60984744767186,"circlet_count":0,"master_deck":["AscendersBane","Defend_B","Defend_B","Defend_B","Defend_B","Zap+1","Dualcast","Defragment+1","Streamline","Go for the Eyes+1","White Noise","Coolheaded","Ball Lightning","Undo","Seek","Melter+1","Biased Cognition","Bite","Bite","Bite","Bite","Bite"],"relics":["Cracked Core","Golden Idol","MawBank","Pocketwatch","Singing Bowl","Medical Kit","Smiling Mask","Coffee Dripper","Letter Opener","Toxic Egg 2","Sundial"],"potions_floor_usage":[6,19,22,23,23],"damage_taken":[{"damage":0,"enemies":"Cultist","floor":1,"turns":3},{"damage":2,"enemies":"Jaw Worm","floor":2,"turns":3},{"damage":0,"enemies":"2 Louse","floor":3,"turns":2},{"damage":35,"enemies":"3 Sentries","floor":6,"turns":7},{"damage":20,"enemies":"Lagavulin","floor":8,"turns":6},{"damage":8,"enemies":"Blue Slaver","floor":11,"turns":3},{"damage":3,"enemies":"Gremlin Nob","floor":14,"turns":3},{"damage":0,"enemies":"Hexaghost","floor":16,"turns":9},{"damage":31,"enemies":"2 Thieves","floor":18,"turns":4},{"damage":4,"enemies":"Spheric Guardian","floor":19,"turns":4},{"damage":8,"enemies":"Centurion and Healer","floor":20,"turns":6},{"damage":6,"enemies":"Chosen and Byrds","floor":22,"turns":5},{"damage":11,"enemies":"Book of Stabbing","floor":23,"turns":5},{"damage":5,"enemies":"3 Cultists","floor":28,"turns":2}],"seed_played":"8238950940347715763","potions_obtained":[{"floor":1,"key":"FocusPotion"},{"floor":6,"key":"Energy Potion"},{"floor":8,"key":"Ancient Potion"},{"floor":19,"key":"Energy Potion"},{"floor":22,"key":"SteroidPotion"}],"is_trial":false,"path_per_floor":["M","M","M","?","?","E","R","E","T","R","M","R","$","E","R","B",null,"M","M","M","?","M","E","?","R","T","?","M"],"character_chosen":"DEFECT","items_purchased":["Medical Kit"],"campfire_rested":3,"item_purchase_floors":[13],"current_hp_per_floor":[46,44,44,44,44,9,28,8,8,27,19,38,38,35,35,35,57,28,26,18,18,14,3,3,3,3,3,0],"gold":190,"neow_bonus":"REMOVE_TWO","is_prod":false,"is_daily":false,"chose_seed":false,"campfire_upgraded":2,"win_rate":0,"timestamp":1554918272,"path_taken":["M","M","M","?","?","E","R","E","T","R","M","R","$","E","R","BOSS","M","M","M","?","M","E","?","R","T","?","M"],"build_version":"2019-01-23","purchased_purges":1,"victory":false,"max_hp_per_floor":[71,71,71,71,64,64,64,64,64,64,64,64,64,64,64,64,64,66,68,68,68,70,70,49,49,49,49,49],"card_choices":[{"not_picked":["Turbo","Steam"],"picked":"Defragment","floor":1},{"not_picked":["Compile Driver","Stack"],"picked":"Streamline","floor":2},{"not_picked":["Consume","Self Repair"],"picked":"Go for the Eyes","floor":3},{"not_picked":["Turbo","Meteor Strike"],"picked":"White Noise","floor":6},{"not_picked":["Leap","Sweeping Beam"],"picked":"Coolheaded","floor":8},{"not_picked":["Lockon","Leap"],"picked":"Ball Lightning","floor":11},{"not_picked":["Storm","Beam Cell"],"picked":"Undo","floor":14},{"not_picked":["Multi-Cast","Amplify"],"picked":"Seek","floor":16},{"not_picked":["Coolheaded","Conserve Battery","Skim"],"picked":"Singing Bowl","floor":18},{"not_picked":["Barrage","Stack","Redo"],"picked":"Singing Bowl","floor":19},{"not_picked":["Beam Cell","White Noise+1"],"picked":"Melter+1","floor":20},{"not_picked":["Compile Driver","Genetic Algorithm","Sweeping Beam"],"picked":"Singing Bowl","floor":22},{"not_picked":["Cold Snap","Leap"],"picked":"Biased Cognition","floor":23}],"player_experience":1782785,"relics_obtained":[{"floor":6,"key":"MawBank"},{"floor":8,"key":"Pocketwatch"},{"floor":9,"key":"Singing Bowl"},{"floor":14,"key":"Smiling Mask"},{"floor":23,"key":"Toxic Egg 2"},{"floor":26,"key":"Sundial"}],"event_choices":[{"damage_healed":0,"gold_gain":0,"player_choice":"Grow","damage_taken":0,"max_hp_gain":0,"max_hp_loss":0,"event_name":"Living Wall","floor":4,"gold_loss":0,"cards_upgraded":["Zap"]},{"damage_healed":0,"gold_gain":0,"player_choice":"Lose Max HP","damage_taken":0,"relics_obtained":["Golden Idol"],"max_hp_gain":0,"max_hp_loss":7,"event_name":"Golden Idol","floor":5,"gold_loss":0},{"damage_healed":0,"gold_gain":0,"player_choice":"Obtained Relic","damage_taken":0,"relics_obtained":["Letter Opener"],"max_hp_gain":0,"max_hp_loss":0,"event_name":"Addict","floor":21,"gold_loss":85},{"damage_healed":0,"gold_gain":0,"player_choice":"Became a vampire","damage_taken":0,"max_hp_gain":0,"max_hp_loss":21,"event_name":"Vampires","floor":24,"gold_loss":0,"cards_obtained":["Bite","Bite","Bite","Bite","Bite"]},{"damage_healed":0,"gold_gain":0,"player_choice":"Ignored","damage_taken":0,"max_hp_gain":0,"max_hp_loss":0,"event_name":"The Mausoleum","floor":27,"gold_loss":0}],"is_beta":false,"boss_relics":[{"not_picked":["Tiny House","Ectoplasm"],"picked":"Coffee Dripper"}],"items_purged_floors":[13],"is_endless":false,"potions_floor_spawned":[1,6,8,14,19,22],"killed_by":"3 Cultists","ascension_level":20}