{"gold_per_floor":[109,122,16,35,6,39,39,53,53,73,89,89,118,134,134,134],"floor_reached":16,"playtime":940,"items_purged":[],"score":278,"play_id":"0e2b5aa3-cebd-492c-9ae9-1a2703fae144","local_time":"20190429210845","is_ascension_mode":true,"campfire_choices":[{"data":"Armaments","floor":7.0,"key":"SMITH"},{"data":"Sword Boomerang","floor":12.0,"key":"SMITH"},{"data":"Pommel Strike","floor":15.0,"key":"SMITH"}],"neow_cost":"NONE","seed_source_timestamp":615749728823959,"circlet_count":0,"master_deck":["AscendersBane","Strike_R","Strike_R","Strike_R","Strike_R","Strike_R","Defend_R","Defend_R","Defend_R","Defend_R","Bash","Twin Strike","Armaments+1","Pommel Strike+1","Clothesline","Headbutt","Inflame+1","Sword Boomerang+1","Burning Pact","Shrug It Off"],"special_seed":0,"relics":["Burning Blood","Strawberry","Charon\u0027s Ashes","Frozen Egg 2","Gremlin Horn"],"potions_floor_usage":[16],"damage_taken":[{"damage":2.0,"enemies":"Cultist","floor":1.0,"turns":4.0},{"damage":4.0,"enemies":"Small Slimes","floor":2.0,"turns":4.0},{"damage":0.0,"enemies":"2 Louse","floor":4.0,"turns":2.0},{"damage":45.0,"enemies":"3 Sentries","floor":6.0,"turns":11.0},{"damage":7.0,"enemies":"Large Slime","floor":8.0,"turns":5.0},{"damage":14.0,"enemies":"Looter","floor":10.0,"turns":3.0},{"damage":0.0,"enemies":"3 Louse","floor":11.0,"turns":2.0},{"damage":0.0,"enemies":"Gremlin Nob","floor":13.0,"turns":2.0},{"damage":20.0,"enemies":"Exordium Wildlife","floor":14.0,"turns":4.0},{"damage":35,"enemies":"Hexaghost","floor":16,"turns":9}],"seed_played":"-5273446388983605538","potions_obtained":[{"floor":2.0,"key":"Poison Potion"},{"floor":6.0,"key":"Explosive Potion"},{"floor":13.0,"key":"SteroidPotion"},{"floor":14.0,"key":"Swift Potion"}],"is_trial":false,"path_per_floor":["M","M","$","M","$","E","R","M","T","M","M","R","E","M","R","B"],"character_chosen":"IRONCLAD","items_purchased":["Pommel Strike","Energy Potion","Headbutt"],"campfire_rested":0,"item_purchase_floors":[3,3,5],"current_hp_per_floor":[79,81,81,82,82,43,43,42,42,34,40,40,46,32,32,0],"gold":134,"neow_bonus":"RANDOM_COMMON_RELIC","is_prod":false,"is_daily":false,"chose_seed":false,"campfire_upgraded":3,"win_rate":0,"timestamp":1556586525,"path_taken":["M","M","$","M","?","E","R","M","T","?","M","R","E","M","R","BOSS"],"build_version":"2019-01-23","purchased_purges":0,"victory":false,"max_hp_per_floor":[82,82,82,82,82,82,82,82,82,82,82,82,82,82,82,82],"card_choices":[{"not_picked":["Iron Wave","Thunderclap"],"picked":"Twin Strike","floor":1.0},{"not_picked":["Rage","Second Wind"],"picked":"Armaments","floor":2.0},{"not_picked":["Anger","Iron Wave"],"picked":"Clothesline","floor":4.0},{"not_picked":["Warcry","Heavy Blade","Thunderclap"],"picked":"SKIP","floor":6.0},{"not_picked":["Iron Wave","Heavy Blade","Warcry"],"picked":"SKIP","floor":8.0},{"not_picked":["Armaments","Flex"],"picked":"Inflame+1","floor":10.0},{"not_picked":["Iron Wave","Sentinel"],"picked":"Sword Boomerang","floor":11.0},{"not_picked":["Armaments","Rage"],"picked":"Burning Pact","floor":13.0},{"not_picked":["Spot Weakness","Whirlwind"],"picked":"Shrug It Off","floor":14.0}],"player_experience":2112224,"relics_obtained":[{"floor":6.0,"key":"Charon\u0027s Ashes"},{"floor":9.0,"key":"Frozen Egg 2"},{"floor":13.0,"key":"Gremlin Horn"}],"event_choices":[],"is_beta":false,"boss_relics":[],"items_purged_floors":[],"is_endless":false,"potions_floor_spawned":[2,4,6,13,14],"killed_by":"Hexaghost","ascension_level":20}