{"gold_per_floor":[116,16,33,44,44,44,56,89,89,119,132,132,151,181,181,257,257,269,28,28,78,92,110,110,143,143,143,156,156,31,49,49,124,124,140,151,196,196,216,216,251,351,432,432,432,460,475,400,400,400,400,400,24,54,54],"floor_reached":56,"playtime":1917,"items_purged":["Strike_B","Strike_B","Strike_B"],"score":1960,"play_id":"85e48340-f971-409d-95b5-dc227c1d8df1","local_time":"20190419230345","is_ascension_mode":true,"campfire_choices":[{"data":"Electrodynamics","floor":6.0,"key":"SMITH"},{"data":"Zap","floor":12.0,"key":"SMITH"},{"data":"Static Discharge","floor":15.0,"key":"SMITH"},{"data":"Capacitor","floor":24.0,"key":"SMITH"},{"data":"Thunder Strike","floor":27.0,"key":"SMITH"},{"floor":32.0,"key":"RECALL"},{"floor":40.0,"key":"REST"},{"floor":44.0,"key":"REST"},{"floor":49.0,"key":"REST"},{"floor":52.0,"key":"REST"}],"neow_cost":"NONE","seed_source_timestamp":806261657615134,"circlet_count":0,"master_deck":["AscendersBane","Defend_B","Defend_B","Defend_B","Defend_B","Zap+1","Dualcast","Ball Lightning","Electrodynamics+1","Steam","Glacier","Static Discharge+1","Coolheaded+1","Fission+1","Leap+1","Capacitor+1","Thunder Strike+1","Conserve Battery+1","Seek+1","Biased Cognition","Capacitor+1","Gash","Doom and Gloom","Coolheaded+1","Hologram+1"],"special_seed":0,"relics":["FrozenCore","Regal Pillow","Omamori","Happy Flower","Toxic Egg 2","Mummified Hand","Anchor","Oddly Smooth Stone","Singing Bowl","Necronomicon","Fusion Hammer","Pocketwatch","Juzu Bracelet","Mango","Pen Nib","ClockworkSouvenir","Bag of Preparation"],"potions_floor_usage":[],"damage_taken":[{"damage":0.0,"enemies":"Cultist","floor":1.0,"turns":3.0},{"damage":0.0,"enemies":"2 Louse","floor":3.0,"turns":2.0},{"damage":0.0,"enemies":"Small Slimes","floor":4.0,"turns":3.0},{"damage":0.0,"enemies":"Exordium Thugs","floor":7.0,"turns":2.0},{"damage":21.0,"enemies":"Gremlin Nob","floor":8.0,"turns":4.0},{"damage":16.0,"enemies":"Lagavulin","floor":10.0,"turns":7.0},{"damage":0.0,"enemies":"Blue Slaver","floor":11.0,"turns":4.0},{"damage":0.0,"enemies":"2 Fungi Beasts","floor":13.0,"turns":4.0},{"damage":7.0,"enemies":"3 Sentries","floor":14.0,"turns":4.0},{"damage":14.0,"enemies":"Hexaghost","floor":16.0,"turns":8.0},{"damage":0.0,"enemies":"3 Byrds","floor":18.0,"turns":3.0},{"damage":0.0,"enemies":"Spheric Guardian","floor":22.0,"turns":3.0},{"damage":0.0,"enemies":"Cultist and Chosen","floor":23.0,"turns":3.0},{"damage":5.0,"enemies":"Gremlin Leader","floor":25.0,"turns":6.0},{"damage":0.0,"enemies":"Snake Plant","floor":28.0,"turns":3.0},{"damage":0.0,"enemies":"Centurion and Healer","floor":31.0,"turns":3.0},{"damage":13.0,"enemies":"Champ","floor":33.0,"turns":12.0},{"damage":0.0,"enemies":"3 Shapes","floor":35.0,"turns":3.0},{"damage":0.0,"enemies":"3 Darklings","floor":36.0,"turns":2.0},{"damage":0.0,"enemies":"2 Orb Walkers","floor":37.0,"turns":2.0},{"damage":11.0,"enemies":"Spire Growth","floor":39.0,"turns":4.0},{"damage":13.0,"enemies":"Reptomancer","floor":41.0,"turns":4.0},{"damage":0.0,"enemies":"Mind Bloom Boss Battle","floor":42.0,"turns":6.0},{"damage":6.0,"enemies":"Giant Head","floor":46.0,"turns":7.0},{"damage":14.0,"enemies":"Writhing Mass","floor":47.0,"turns":6.0},{"damage":20.0,"enemies":"Awakened One","floor":50.0,"turns":14.0},{"damage":7.0,"enemies":"Shield and Spear","floor":54.0,"turns":4.0},{"damage":64,"enemies":"The Heart","floor":55,"turns":8}],"seed_played":"4894364567383418094","potions_obtained":[{"floor":1.0,"key":"GamblersBrew"},{"floor":7.0,"key":"SkillPotion"},{"floor":8.0,"key":"FocusPotion"},{"floor":11.0,"key":"SpeedPotion"},{"floor":13.0,"key":"Fire Potion"},{"floor":42.0,"key":"Block Potion"}],"is_trial":false,"path_per_floor":["M","$","M","M","?","R","M","E","T","E","M","R","M","E","R","B",null,"M","$","?","?","M","M","R","E","T","R","M","?","$","M","R","B",null,"M","M","?","$","M","R","E","?","T","R","?","E","M","?","R","B",null,"R","$","E","B",null],"character_chosen":"DEFECT","items_purchased":["Ball Lightning","Capacitor","Thunder Strike","ClockworkSouvenir","Bag of Preparation","Coolheaded+1"],"campfire_rested":4,"item_purchase_floors":[2,19,19,53,53,53],"current_hp_per_floor":[64,64,64,71,71,71,71,57,57,48,55,55,62,62,62,55,67,71,71,71,71,71,71,71,71,71,71,73,52,52,61,61,55,70,77,79,81,81,79,83,79,101,101,101,101,103,98,98,105,85,100,105,105,98,34],"gold":54,"neow_bonus":"RANDOM_COMMON_RELIC","is_prod":false,"is_daily":false,"chose_seed":false,"campfire_upgraded":5,"win_rate":0,"timestamp":1555729425,"path_taken":["M","$","M","?","?","R","?","E","T","E","M","R","M","E","R","BOSS","M","$","?","?","?","M","R","E","T","R","M","?","$","M","R","BOSS","M","M","?","$","M","R","E","?","T","R","?","E","M","?","R","BOSS","R","$","E","BOSS"],"build_version":"2019-04-04","purchased_purges":3,"victory":true,"max_hp_per_floor":[71,71,71,71,71,71,71,71,71,71,71,71,71,71,71,71,71,71,71,71,71,71,71,71,71,71,71,73,73,73,75,75,75,75,77,79,81,81,83,83,85,101,101,101,101,103,105,105,105,105,105,105,105,105,105],"card_choices":[{"not_picked":["Blizzard","FTL"],"picked":"Sweeping Beam","floor":1.0},{"not_picked":["Streamline","Redo"],"picked":"Self Repair","floor":3.0},{"not_picked":["Turbo","Barrage","Redo"],"picked":"SKIP","floor":4.0},{"not_picked":["Ball Lightning","Lockon"],"picked":"Steam","floor":7.0},{"not_picked":["Sunder","Recycle"],"picked":"Glacier","floor":8.0},{"not_picked":["Stack","Gash","Beam Cell"],"picked":"SKIP","floor":10.0},{"not_picked":["Steam+1","Go for the Eyes","Sunder"],"picked":"SKIP","floor":11.0},{"not_picked":["Gash","Stack+1"],"picked":"Static Discharge","floor":13.0},{"not_picked":["Melter","Rebound"],"picked":"Coolheaded+1","floor":14.0},{"not_picked":["Electrodynamics","Buffer"],"picked":"Fission+1","floor":16.0},{"not_picked":["Loop","Gash"],"picked":"Leap+1","floor":18.0},{"not_picked":["BootSequence+1","Skim+1","Rebound"],"picked":"SKIP","floor":22.0},{"not_picked":["Ball Lightning","Turbo+1"],"picked":"Conserve Battery+1","floor":23.0},{"not_picked":["White Noise+1","Redo+1"],"picked":"Seek+1","floor":25.0},{"not_picked":["Coolheaded+1","Gash+1","Stack+1"],"picked":"Singing Bowl","floor":28.0},{"not_picked":["Redo+1","Beam Cell","Cold Snap"],"picked":"Singing Bowl","floor":31.0},{"not_picked":["Buffer","Rainbow+1"],"picked":"Biased Cognition","floor":33.0},{"not_picked":["Ball Lightning","Cold Snap","Double Energy+1"],"picked":"Singing Bowl","floor":35.0},{"not_picked":["Auto Shields+1","BootSequence+1","Rebound"],"picked":"Singing Bowl","floor":36.0},{"not_picked":["Barrage+1","Conserve Battery+1","Gash"],"picked":"Singing Bowl","floor":37.0},{"not_picked":["Ball Lightning","Stack+1","Rebound+1"],"picked":"Singing Bowl","floor":39.0},{"not_picked":["Rebound","Coolheaded+1","Conserve Battery+1"],"picked":"Singing Bowl","floor":41.0},{"not_picked":["Go for the Eyes","Conserve Battery+1","Turbo+1"],"picked":"Singing Bowl","floor":42.0},{"not_picked":["Go for the Eyes+1","Melter","Creative AI"],"picked":"Singing Bowl","floor":46.0},{"not_picked":["BootSequence+1","Steam+1","Rebound+1"],"picked":"Singing Bowl","floor":47.0},{"not_picked":["Loop","Blizzard"],"picked":"Hologram+1","floor":54.0}],"player_experience":2429096,"relics_obtained":[{"floor":8.0,"key":"Omamori"},{"floor":9.0,"key":"Happy Flower"},{"floor":10.0,"key":"Toxic Egg 2"},{"floor":14.0,"key":"Mummified Hand"},{"floor":25.0,"key":"Oddly Smooth Stone"},{"floor":26.0,"key":"Singing Bowl"},{"floor":29.0,"key":"Necronomicon"},{"floor":37.0,"key":"Pocketwatch"},{"floor":41.0,"key":"Juzu Bracelet"},{"floor":42.0,"key":"Mango"},{"floor":46.0,"key":"Pen Nib"}],"event_choices":[{"damage_healed":0.0,"max_hp_gain":0.0,"max_hp_loss":0.0,"gold_gain":0.0,"cards_transformed":["Strike_B"],"event_name":"Transmorgrifier","player_choice":"Transformed","floor":5.0,"gold_loss":0.0,"damage_taken":0.0,"cards_obtained":["Electrodynamics"]},{"damage_healed":0.0,"max_hp_gain":0.0,"max_hp_loss":0.0,"gold_gain":0.0,"event_name":"Addict","player_choice":"Stole Relic","floor":20.0,"gold_loss":0.0,"damage_taken":0.0,"relics_obtained":["Anchor"],"cards_obtained":["Shame"]},{"damage_healed":0.0,"max_hp_gain":0.0,"max_hp_loss":0.0,"gold_gain":50.0,"event_name":"Nest","player_choice":"Stole From Cult","floor":21.0,"gold_loss":0.0,"damage_taken":0.0},{"damage_healed":0.0,"max_hp_gain":0.0,"max_hp_loss":0.0,"gold_gain":0.0,"event_name":"Cursed Tome","player_choice":"Obtained Book","floor":29.0,"gold_loss":0.0,"damage_taken":21.0},{"damage_healed":0.0,"max_hp_gain":0.0,"max_hp_loss":0.0,"gold_gain":0.0,"event_name":"Mysterious Sphere","player_choice":"Fight","floor":37.0,"gold_loss":0.0,"damage_taken":0.0},{"damage_healed":0.0,"max_hp_gain":0.0,"max_hp_loss":0.0,"gold_gain":0.0,"event_name":"MindBloom","player_choice":"Fight","floor":42.0,"gold_loss":0.0,"damage_taken":0.0},{"damage_healed":0.0,"max_hp_gain":0.0,"max_hp_loss":0.0,"gold_gain":0.0,"event_name":"Duplicator","player_choice":"Copied","floor":45.0,"gold_loss":0.0,"damage_taken":0.0,"cards_obtained":["Capacitor"]},{"damage_healed":0.0,"max_hp_gain":0.0,"max_hp_loss":0.0,"gold_gain":0.0,"cards_transformed":["Sweeping Beam","Self Repair"],"event_name":"Designer","player_choice":"Transformed Cards","floor":48.0,"gold_loss":75.0,"damage_taken":0.0,"cards_obtained":["Gash","Doom and Gloom"]}],"is_beta":true,"boss_relics":[{"not_picked":["Tiny House","Runic Dome"],"picked":"FrozenCore"},{"not_picked":["Coffee Dripper","Orrery"],"picked":"Fusion Hammer"}],"items_purged_floors":[2,19,30],"is_endless":false,"potions_floor_spawned":[1,7,8,11,13,22,28,33,35,41,42,47],"ascension_level":15}