{"path_per_floor":["M","$","?","M","?","R","M","?","T","R","$","M","M","E","R","B",null,"M","?","M","M","?"],"character_chosen":"IRONCLAD","items_purchased":["Barricade","Paper Frog","Cleave"],"gold_per_floor":[364,41,41,55,55,55,70,70,70,70,46,61,77,111,111,237,237,251,151,169,185,185],"floor_reached":23,"campfire_rested":0,"playtime":1899,"current_hp_per_floor":[72,72,72,68,50,50,56,56,56,56,56,62,46,30,30,12,72,60,60,48,47,47],"items_purged":[],"gold":185,"score":191,"play_id":"8373e7ab-07fd-4229-8305-16ee632a136e","is_prod":false,"is_daily":false,"is_ascension_mode":false,"campfire_upgraded":3,"path_taken":["M","$","?","M","?","R","M","?","T","R","?","M","?","E","R","BOSS","M","?","M","M","?","E"],"build_version":"2018-02-08-PROD1","purchased_purges":1,"victory":false,"master_deck":["Strike_R","Strike_R","Strike_R","Strike_R","Strike_R","Defend_R","Defend_R","Defend_R","Defend_R","Bash+1","Metallicize","Barricade+1","Shrug It Off","Evolve+1","Cleave","Thunderclap","Entrench+1","Bludgeon","Iron Wave+1"],"max_hp_per_floor":[72,72,72,72,72,72,72,72,72,72,72,72,72,72,72,72,72,72,72,72,72,72],"relics":["Burning Blood","Paper Frog","Golden Idol","Smiling Mask","Bag of Preparation","Philosopher\u0027s Stone","Matryoshka"],"card_choices":[{"not_picked":["Warcry","Clash"],"picked":"Metallicize"},{"not_picked":["Flex","Perfected Strike"],"picked":"Shrug It Off"},{"not_picked":["Sword Boomerang","Sentinel"],"picked":"Evolve"},{"not_picked":["Bludgeon","Headbutt"],"picked":"Thunderclap"},{"not_picked":["Infernal Blade","Clash"],"picked":"Entrench"},{"not_picked":["Offering","Reaper"],"picked":"Bludgeon"},{"not_picked":["Thunderclap","Headbutt"],"picked":"Iron Wave"}],"player_experience":167455,"potions_floor_usage":[13,14,18,23],"damage_taken":[{"damage":0,"enemies":"Small Slimes","floor":1,"turns":3},{"damage":10,"enemies":"Blue Slaver","floor":4,"turns":6},{"damage":0,"enemies":"Cultist","floor":7,"turns":5},{"damage":0,"enemies":"Large Slime","floor":12,"turns":7},{"damage":22,"enemies":"Exordium Wildlife","floor":13,"turns":4},{"damage":22,"enemies":"Gremlin Nob","floor":14,"turns":4},{"damage":24,"enemies":"The Guardian","floor":16,"turns":18},{"damage":18,"enemies":"Shell Parasite","floor":18,"turns":6},{"damage":18,"enemies":"Spheric Guardian","floor":20,"turns":8},{"damage":7,"enemies":"Cultist and Chosen","floor":21,"turns":6},{"damage":47,"enemies":"Gremlin Leader","floor":23,"turns":8}],"event_choices":[{"event_name":"Upgrade Shrine","player_choice":"Upgraded","floor":3,"damage_taken":0},{"event_name":"Golden Idol","player_choice":"Take Damage","floor":5,"damage_taken":0},{"event_name":"The Cleric","player_choice":"Leave","floor":8,"damage_taken":0},{"event_name":"Drug Dealer","player_choice":"Got JAXXED","floor":19,"damage_taken":0},{"event_name":"Addict","player_choice":"Gave JAX","floor":22,"damage_taken":0}],"boss_relics":[{"not_picked":["Black Blood","Cursed Key"],"picked":"Philosopher\u0027s Stone"}],"potions_floor_spawned":[4,13,16,20],"seed_played":"1971758666722108380","killed_by":"Gremlin Leader","ascension_level":0,"is_trial":false}