{"gold_per_floor":[114,127,127,146,159,159,179,206,229,261,273,303,315,340,352,438,450,481,505,530,561,573],"floor_reached":22,"playtime":720,"items_purged":[],"score":340,"play_id":"d58d86fb-2215-41e4-91dc-7d6e2ab17732","local_time":"20180810131934","is_ascension_mode":true,"campfire_choices":[{"data":"Neutralize","floor":6,"key":"SMITH"},{"data":"Noxious Fumes","floor":13,"key":"SMITH"},{"data":"Sucker Punch","floor":15,"key":"SMITH"}],"neow_cost":"TEN_PERCENT_HP_LOSS","seed_source_timestamp":423301355741042,"circlet_count":0,"master_deck":["Defend_G","Defend_G","Defend_G","Defend_G","Defend_G","Strike_G","Strike_G","Strike_G","Survivor","Neutralize+1","AscendersBane","Flying Knee","Sucker Punch+1","Poisoned Stab","Dagger Spray","Noxious Fumes+1","Quick Slash","Backstab+1","After Image","PiercingWail+1","PiercingWail","Dodge and Roll"],"relics":["Ring of the Snake","Molten Egg 2","MawBank","Philosopher\u0027s Stone"],"potions_floor_usage":[8,10,20],"damage_taken":[{"damage":0,"enemies":"Small Slimes","floor":1,"turns":5},{"damage":0,"enemies":"Cultist","floor":2,"turns":4},{"damage":5,"enemies":"2 Louse","floor":4,"turns":2},{"damage":2,"enemies":"Gremlin Gang","floor":5,"turns":6},{"damage":4,"enemies":"Blue Slaver","floor":7,"turns":4},{"damage":13,"enemies":"Gremlin Nob","floor":8,"turns":4},{"damage":0,"enemies":"Lots of Slimes","floor":10,"turns":1},{"damage":2,"enemies":"Exordium Wildlife","floor":12,"turns":4},{"damage":0,"enemies":"2 Fungi Beasts","floor":14,"turns":4},{"damage":44,"enemies":"The Guardian","floor":16,"turns":13},{"damage":3,"enemies":"Chosen","floor":18,"turns":4},{"damage":18,"enemies":"Shell Parasite","floor":19,"turns":5},{"damage":17,"enemies":"Cultist and Chosen","floor":20,"turns":8},{"damage":13,"enemies":"Snake Plant","floor":21,"turns":5},{"damage":8,"enemies":"Centurion and Healer","floor":22,"turns":6}],"seed_played":"-7464914460957538648","potions_obtained":[{"floor":4,"key":"PowerPotion"},{"floor":5,"key":"Explosive Potion"},{"floor":7,"key":"Regen Potion"},{"floor":16,"key":"Dexterity Potion"},{"floor":19,"key":"FairyPotion"}],"is_trial":false,"path_per_floor":["M","M","?","M","M","R","M","E","T","M","?","M","R","M","R","B",null,"M","M","M","M"],"character_chosen":"THE_SILENT","items_purchased":[],"campfire_rested":0,"item_purchase_floors":[],"current_hp_per_floor":[59,59,60,55,53,53,49,48,48,48,48,46,46,46,46,2,46,43,25,8,6,0],"gold":573,"neow_bonus":"TRANSFORM_TWO_CARDS","is_prod":false,"is_daily":false,"chose_seed":false,"campfire_upgraded":3,"win_rate":0,"timestamp":1533932374,"path_taken":["M","M","?","M","M","R","M","E","T","M","?","M","R","M","R","BOSS","M","?","M","M","M"],"build_version":"2018-08-08","purchased_purges":0,"victory":false,"max_hp_per_floor":[60,60,60,60,60,60,60,60,60,60,60,60,60,60,60,60,60,60,60,60,60,60],"card_choices":[{"not_picked":["Bane","Finisher"],"picked":"Sucker Punch","floor":1},{"not_picked":["Dodge and Roll","Backflip"],"picked":"Poisoned Stab","floor":2},{"not_picked":["Flying Knee","Acrobatics"],"picked":"Dagger Spray","floor":4},{"not_picked":["Accuracy","Backstab"],"picked":"Noxious Fumes","floor":5},{"not_picked":["Bane","Blade Dance"],"picked":"Quick Slash","floor":7},{"not_picked":["Blade Dance","Poisoned Stab","Bane"],"picked":"SKIP","floor":8},{"not_picked":["Reflex","Phantasmal Killer","Deflect"],"picked":"SKIP","floor":10},{"not_picked":["Concentrate","Expertise"],"picked":"Backstab+1","floor":12},{"not_picked":["Concentrate","Deadly Poison","Outmaneuver"],"picked":"SKIP","floor":14},{"not_picked":["Bullet Time","Unload+1"],"picked":"After Image","floor":16},{"not_picked":["Deflect","Blade Dance","Outmaneuver"],"picked":"SKIP","floor":18},{"not_picked":["Poisoned Stab+1","Skewer+1"],"picked":"PiercingWail+1","floor":19},{"not_picked":["Terror","Sucker Punch+1"],"picked":"PiercingWail","floor":20},{"not_picked":["Dagger Spray+1","Crippling Poison"],"picked":"Dodge and Roll","floor":21}],"player_experience":869165,"relics_obtained":[{"floor":8,"key":"Molten Egg 2"},{"floor":9,"key":"MawBank"}],"event_choices":[{"event_name":"Bonfire Elementals","player_choice":"UNCOMMON","floor":3,"damage_taken":0},{"event_name":"NoteForYourself","player_choice":"Took Card","floor":11,"damage_taken":0}],"is_beta":true,"boss_relics":[{"not_picked":["Ectoplasm","HoveringKite"],"picked":"Philosopher\u0027s Stone"}],"items_purged_floors":[],"is_endless":false,"potions_floor_spawned":[4,5,7,16,19],"killed_by":"Centurion and Healer","ascension_level":15}