{"gold_per_floor":[115,130,27,27,40,0,29,39,66,66,85,113,113,113,113,192,192,203,203,215,229,229,229,243,277,300,300,313,329,346,380,380,380],"floor_reached":33,"playtime":1718,"items_purged":[],"score":598,"play_id":"3f668bb3-dd4f-4e91-ac2d-d8970e124ca3","local_time":"20190502083722","is_ascension_mode":true,"campfire_choices":[{"data":"True Grit","floor":10,"key":"SMITH"},{"data":"Juggernaut","floor":13,"key":"SMITH"},{"data":"Feel No Pain","floor":15,"key":"SMITH"},{"floor":23,"key":"REST"},{"floor":27,"key":"RECALL"},{"floor":32,"key":"REST"}],"neow_cost":"NONE","seed_source_timestamp":829137889245682,"circlet_count":0,"master_deck":["AscendersBane","Strike_R","Strike_R","Strike_R","Defend_R","Defend_R","Defend_R","Defend_R","Bash+1","True Grit+1","Wild Strike","Shrug It Off","Inflame","Shrug It Off","Juggernaut+1","Feel No Pain+1","Clothesline","Battle Trance","Impervious","Uppercut+1","Reckless Charge","Feel No Pain+1","Disarm","Reaper","Feel No Pain","Seeing Red","Body Slam+1","Demon Form"],"relics":["Burning Blood","NeowsBlessing","Centennial Puzzle","Red Skull","PreservedInsect","Fusion Hammer","Dream Catcher","Vajra","Bag of Marbles"],"potions_floor_usage":[8,16,25,31,33,33],"damage_taken":[{"damage":0,"enemies":"Cultist","floor":1,"turns":1},{"damage":0,"enemies":"2 Louse","floor":2,"turns":2},{"damage":0,"enemies":"Jaw Worm","floor":5,"turns":1},{"damage":7,"enemies":"Looter","floor":6,"turns":4},{"damage":21,"enemies":"Lagavulin","floor":7,"turns":7},{"damage":26,"enemies":"Exordium Thugs","floor":8,"turns":6},{"damage":9,"enemies":"2 Fungi Beasts","floor":11,"turns":4},{"damage":8,"enemies":"Gremlin Nob","floor":12,"turns":3},{"damage":17,"enemies":"The Guardian","floor":16,"turns":11},{"damage":14,"enemies":"3 Byrds","floor":18,"turns":6},{"damage":9,"enemies":"2 Thieves","floor":20,"turns":4},{"damage":2,"enemies":"Chosen and Byrds","floor":21,"turns":6},{"damage":6,"enemies":"Snecko","floor":24,"turns":5},{"damage":21,"enemies":"Book of Stabbing","floor":25,"turns":5},{"damage":15,"enemies":"Sentry and Sphere","floor":28,"turns":5},{"damage":11,"enemies":"Snake Plant","floor":29,"turns":5},{"damage":26,"enemies":"Shelled Parasite and Fungi","floor":30,"turns":6},{"damage":39,"enemies":"Slavers","floor":31,"turns":5},{"damage":72,"enemies":"Collector","floor":33,"turns":9}],"seed_played":"8045881414975496903","potions_obtained":[{"floor":2,"key":"LiquidBronze"},{"floor":5,"key":"FearPotion"},{"floor":12,"key":"Block Potion"},{"floor":25,"key":"FairyPotion"},{"floor":28,"key":"Dexterity Potion"},{"floor":30,"key":"PowerPotion"},{"floor":31,"key":"FearPotion"}],"is_trial":false,"path_per_floor":["M","M","$","?","M","M","E","M","T","R","M","E","R","?","R","B",null,"M","?","M","M","?","R","M","E","T","R","M","M","M","E","R","B"],"character_chosen":"IRONCLAD","items_purchased":["Shrug It Off","Inflame"],"campfire_rested":2,"item_purchase_floors":[3,3],"current_hp_per_floor":[74,75,75,75,75,74,59,39,39,39,36,34,34,27,27,16,60,52,52,49,53,53,75,75,60,60,60,58,57,47,32,54,0],"gold":380,"neow_bonus":"THREE_ENEMY_KILL","is_prod":false,"is_daily":false,"chose_seed":false,"campfire_upgraded":3,"win_rate":0,"timestamp":1556800642,"path_taken":["M","?","$","?","?","M","E","M","T","R","?","E","R","?","R","BOSS","M","?","M","?","?","R","M","E","T","R","?","M","M","E","R","BOSS"],"build_version":"2019-01-23","purchased_purges":0,"victory":false,"max_hp_per_floor":[75,75,75,75,75,75,75,75,75,75,75,75,75,75,75,75,75,75,75,75,75,75,75,75,75,75,75,75,75,75,75,75,75],"card_choices":[{"not_picked":["Flex","Anger"],"picked":"True Grit","floor":1},{"not_picked":["Sword Boomerang","Flex"],"picked":"Wild Strike","floor":2},{"not_picked":["Combust","Perfected Strike"],"picked":"Shrug It Off","floor":5},{"not_picked":["Anger","Iron Wave"],"picked":"Juggernaut","floor":6},{"not_picked":["Sword Boomerang","Ghostly Armor","Inflame"],"picked":"SKIP","floor":7},{"not_picked":["Clothesline","Heavy Blade"],"picked":"Feel No Pain","floor":8},{"not_picked":["Iron Wave","Havoc"],"picked":"Clothesline","floor":11},{"not_picked":["Seeing Red","Heavy Blade"],"picked":"Battle Trance","floor":12},{"not_picked":["Limit Break","Bludgeon"],"picked":"Impervious","floor":16},{"not_picked":["Anger","Whirlwind"],"picked":"Uppercut+1","floor":18},{"not_picked":["Pommel Strike","Wild Strike","Iron Wave"],"picked":"SKIP","floor":20},{"not_picked":["Clash","Blood for Blood+1","Wild Strike"],"picked":"SKIP","floor":21},{"not_picked":["Sword Boomerang","Havoc"],"picked":"Disarm","floor":24},{"not_picked":["Sword Boomerang+1","Intimidate"],"picked":"Reaper","floor":25},{"not_picked":["Thunderclap","Cleave"],"picked":"Feel No Pain","floor":28},{"not_picked":["Anger+1","Carnage+1"],"picked":"Seeing Red","floor":29},{"not_picked":["Sword Boomerang","Twin Strike","Anger"],"picked":"SKIP","floor":30},{"not_picked":["Rampage","Fire Breathing"],"picked":"Body Slam+1","floor":31},{"not_picked":["Thunderclap","Pummel"],"picked":"Demon Form","floor":32}],"player_experience":2239831,"relics_obtained":[{"floor":7,"key":"Centennial Puzzle"},{"floor":9,"key":"Red Skull"},{"floor":12,"key":"PreservedInsect"},{"floor":25,"key":"Dream Catcher"},{"floor":26,"key":"Vajra"},{"floor":31,"key":"Bag of Marbles"}],"event_choices":[{"damage_healed":0,"gold_gain":0,"player_choice":"Upgraded","damage_taken":0,"max_hp_gain":0,"max_hp_loss":0,"event_name":"Upgrade Shrine","floor":4,"gold_loss":0,"cards_upgraded":["Bash"]},{"cards_removed":["Strike_R"],"damage_healed":0,"gold_gain":0,"player_choice":"Card Removal","damage_taken":7,"max_hp_gain":0,"max_hp_loss":0,"event_name":"Golden Wing","floor":14,"gold_loss":0},{"damage_healed":0,"gold_gain":0,"cards_transformed":["Strike_R"],"player_choice":"Transformed","damage_taken":0,"max_hp_gain":0,"max_hp_loss":0,"event_name":"Transmorgrifier","floor":19,"gold_loss":0,"cards_obtained":["Reckless Charge"]},{"damage_healed":0,"gold_gain":0,"player_choice":"Copied","damage_taken":0,"max_hp_gain":0,"max_hp_loss":0,"event_name":"Duplicator","floor":22,"gold_loss":0,"cards_obtained":["Feel No Pain"]}],"is_beta":false,"boss_relics":[{"not_picked":["Runic Pyramid","Eternal Feather"],"picked":"Fusion Hammer"}],"items_purged_floors":[],"is_endless":false,"potions_floor_spawned":[2,5,7,12,25,28,30,31],"killed_by":"Collector","ascension_level":20}