{"path_per_floor":["M","T","M","$","M","R","E","R","T","R","E","?","M","T","R"],"character_chosen":"DEFECT","items_purchased":["Static Discharge"],"gold_per_floor":[116,171,183,146,160,160,186,186,186,186,221,221,239,263,263,263],"floor_reached":16,"campfire_rested":0,"playtime":903,"item_purchase_floors":[4],"current_hp_per_floor":[68,68,60,60,60,60,30,30,30,30,21,21,21,21,21,0],"items_purged":[],"gold":263,"score":173,"play_id":"f0ba9d58-d571-4892-834d-cd001daed3f3","local_time":"20180612113641","is_prod":false,"is_daily":false,"chose_seed":false,"is_ascension_mode":true,"campfire_upgraded":4,"win_rate":0,"timestamp":1528828601,"campfire_choices":[{"data":"Zap","floor":6,"key":"SMITH"},{"data":"Redo","floor":8,"key":"SMITH"},{"data":"Redo","floor":10,"key":"SMITH"},{"data":"Static Discharge","floor":15,"key":"SMITH"}],"path_taken":["M","?","M","$","M","R","E","R","T","R","E","?","M","?","R","BOSS"],"build_version":"2018-06-11","seed_source_timestamp":179345477471614,"purchased_purges":0,"victory":false,"master_deck":["Strike_B","Strike_B","Strike_B","Strike_B","Defend_B","Defend_B","Defend_B","Defend_B","Zap+1","Dualcast","AscendersBane","Storm","Redo+1","Redo+1","Static Discharge+1","Go for the Eyes","Redo+1","Glacier+1","Coolheaded+1"],"max_hp_per_floor":[75,75,75,75,75,75,75,75,75,75,75,75,75,75,75,75],"special_seed":0,"relics":["Cracked Core","Tiny Chest","Pen Nib","Symbiotic Virus","Toxic Egg 2","Happy Flower"],"card_choices":[{"not_picked":["Steam","Double Energy"],"picked":"Storm","floor":0},{"not_picked":["Darkness","Compile Driver"],"picked":"Redo","floor":1},{"not_picked":["Double Energy","Turbo"],"picked":"Redo","floor":3},{"not_picked":["Beam Cell","Hologram"],"picked":"Go for the Eyes","floor":5},{"not_picked":["Turbo","Consume"],"picked":"Redo","floor":7},{"not_picked":["Auto Shields","Consume"],"picked":"Glacier","floor":11},{"not_picked":["Leap+1","FTL"],"picked":"Coolheaded+1","floor":13}],"player_experience":641387,"potions_floor_usage":[11],"damage_taken":[{"damage":0,"enemies":"Cultist","floor":1,"turns":3},{"damage":8,"enemies":"Jaw Worm","floor":3,"turns":4},{"damage":0,"enemies":"Small Slimes","floor":5,"turns":3},{"damage":30,"enemies":"Lagavulin","floor":7,"turns":6},{"damage":9,"enemies":"Gremlin Nob","floor":11,"turns":3},{"damage":0,"enemies":"Looter","floor":13,"turns":3},{"damage":22,"enemies":"The Guardian","floor":16,"turns":2}],"relics_obtained":[{"floor":2,"key":"Tiny Chest"},{"floor":7,"key":"Pen Nib"},{"floor":9,"key":"Symbiotic Virus"},{"floor":11,"key":"Toxic Egg 2"},{"floor":14,"key":"Happy Flower"}],"event_choices":[{"event_name":"Living Wall","player_choice":"Grow","floor":12,"damage_taken":0}],"boss_relics":[],"items_purged_floors":[],"potions_floor_spawned":[3,11,13],"seed_played":"-6552929140159943962","killed_by":"The Guardian","ascension_level":12,"potions_obtained":[{"floor":3,"key":"Swift Potion"},{"floor":11,"key":"FocusPotion"},{"floor":13,"key":"Poison Potion"}],"is_trial":false}