{"path_per_floor":["M","M","M","M","T","R","E","?","T","R","M","M","M","M","R","B",null,"M","?","?","?","M","R","M"],"character_chosen":"IRONCLAD","items_purchased":[],"gold_per_floor":[116,134,148,166,238,238,264,264,319,319,335,345,358,368,368,467,467,483,483,483,483,502,502,514],"floor_reached":25,"campfire_rested":0,"playtime":966,"current_hp_per_floor":[77,78,80,77,77,77,73,57,57,57,52,40,38,34,34,21,65,43,43,34,34,36,36,32],"items_purged":[],"gold":514,"score":337,"play_id":"64eb52cf-b5b4-4023-8fe9-ba48de388eaa","local_time":"20180317132203","is_prod":false,"is_daily":false,"is_ascension_mode":true,"campfire_upgraded":4,"timestamp":1521307323,"path_taken":["M","M","?","M","?","R","E","?","T","R","?","M","?","M","R","BOSS","M","?","?","?","M","R","M","M"],"build_version":"2018-03-15v2","purchased_purges":0,"victory":false,"master_deck":["Defend_R","Defend_R","Defend_R","Defend_R","Bash+1","Parasite","Thunderclap+1","Inflame+1","Power Through","Feel No Pain","Uppercut+1","Heavy Blade","Blood for Blood","True Grit","Body Slam+1","Immolate+1","Havoc","Bite","Bite","Bite","Bite","Bite","Flame Barrier","Limit Break"],"max_hp_per_floor":[80,80,80,80,80,80,80,80,80,80,80,80,80,80,80,80,80,80,56,61,61,61,61,61],"relics":["Burning Blood","Centennial Puzzle","Regal Pillow","Ancient Tea Set","Mark of Pain","Frozen Egg 2"],"card_choices":[{"not_picked":["Heavy Blade","Evolve"],"picked":"Thunderclap"},{"not_picked":["True Grit","Anger"],"picked":"Inflame"},{"not_picked":["Pommel Strike","Seeing Red"],"picked":"Power Through"},{"not_picked":["Iron Wave","Warcry"],"picked":"Feel No Pain"},{"not_picked":["Twin Strike","Flex"],"picked":"Uppercut"},{"not_picked":["Clothesline","Rupture"],"picked":"Heavy Blade"},{"not_picked":["Thunderclap","Pommel Strike"],"picked":"Blood for Blood"},{"not_picked":["Headbutt","Twin Strike"],"picked":"True Grit"},{"not_picked":["Second Wind","Shrug It Off"],"picked":"Body Slam"},{"not_picked":["Juggernaut","Berserk"],"picked":"Immolate"},{"not_picked":["Perfected Strike","Pommel Strike"],"picked":"Havoc"},{"not_picked":["Pommel Strike","Headbutt"],"picked":"Flame Barrier"},{"not_picked":["Flex","Body Slam"],"picked":"Limit Break"}],"player_experience":534646,"potions_floor_usage":[4,7,12,16,25],"damage_taken":[{"damage":1,"enemies":"Cultist","floor":1,"turns":3},{"damage":5,"enemies":"Small Slimes","floor":2,"turns":3},{"damage":1,"enemies":"2 Louse","floor":3,"turns":2},{"damage":9,"enemies":"Blue Slaver","floor":4,"turns":5},{"damage":10,"enemies":"3 Sentries","floor":7,"turns":8},{"damage":11,"enemies":"Gremlin Gang","floor":11,"turns":4},{"damage":33,"enemies":"Lots of Slimes","floor":12,"turns":6},{"damage":8,"enemies":"Blue Slaver","floor":13,"turns":3},{"damage":10,"enemies":"Looter","floor":14,"turns":4},{"damage":19,"enemies":"Slime Boss","floor":16,"turns":12},{"damage":28,"enemies":"Spheric Guardian","floor":18,"turns":5},{"damage":12,"enemies":"Shell Parasite","floor":22,"turns":4},{"damage":14,"enemies":"Snake Plant","floor":24,"turns":4},{"damage":47,"enemies":"3 Cultists","floor":25,"turns":4}],"event_choices":[{"event_name":"Shining Light","player_choice":"Entered Light","floor":8,"damage_taken":0},{"event_name":"Vampires","player_choice":"Became a vampire","floor":19,"damage_taken":0},{"event_name":"Forgotten Altar","player_choice":"Shed Blood","floor":20,"damage_taken":0},{"event_name":"The Mausoleum","player_choice":"Yes","floor":21,"damage_taken":0}],"boss_relics":[{"not_picked":["Eternal Feather","Pandora\u0027s Box"],"picked":"Mark of Pain"}],"potions_floor_spawned":[2,3,11,12,24],"seed_played":"1266057173627147422","killed_by":"3 Cultists","ascension_level":10,"is_trial":false}