{"gold_per_floor":[118,136,150,150,150,150,168,230,256,282,302,377,377,395,395,471,471,487,461,461],"floor_reached":20,"playtime":1189,"items_purged":[],"score":372,"play_id":"052dfeef-9a81-471a-8c1d-ac464f2feaab","local_time":"20190423231227","is_ascension_mode":true,"campfire_choices":[{"floor":6,"key":"REST"},{"floor":15,"key":"REST"}],"neow_cost":"NONE","seed_source_timestamp":104514787495554,"circlet_count":0,"master_deck":["AscendersBane","Defend_G","Defend_G","Defend_G","Defend_G","Defend_G","Strike_G","Strike_G","Strike_G","Strike_G","Survivor","Neutralize","Deadly Poison","PiercingWail","Footwork","Footwork","Dodge and Roll","After Image","Glass Knife","Catalyst","Bouncing Flask"],"relics":["Fusion Hammer","Lantern","Tiny Chest","Omamori","Dead Branch","Orichalcum","Eternal Feather"],"potions_floor_usage":[10,14,19],"damage_taken":[{"damage":7,"enemies":"Jaw Worm","floor":1,"turns":6},{"damage":3,"enemies":"Cultist","floor":2,"turns":4},{"damage":2,"enemies":"Small Slimes","floor":3,"turns":5},{"damage":0,"enemies":"3 Louse","floor":7,"turns":5},{"damage":20,"enemies":"Lagavulin","floor":8,"turns":11},{"damage":7,"enemies":"3 Sentries","floor":10,"turns":8},{"damage":0,"enemies":"Looter","floor":11,"turns":5},{"damage":1,"enemies":"2 Fungi Beasts","floor":14,"turns":4},{"damage":17,"enemies":"The Guardian","floor":16,"turns":15},{"damage":11,"enemies":"3 Byrds","floor":18,"turns":10},{"damage":12,"enemies":"2 Thieves","floor":19,"turns":5},{"damage":32,"enemies":"Colosseum Slavers","floor":20,"turns":4}],"seed_played":"-8917538409531788912","potions_obtained":[{"floor":3,"key":"Regen Potion"},{"floor":7,"key":"SteroidPotion"},{"floor":8,"key":"PowerPotion"},{"floor":10,"key":"SkillPotion"},{"floor":18,"key":"Weak Potion"}],"is_trial":false,"path_per_floor":["M","M","M","?","?","R","M","E","T","E","M","?","?","M","R","B",null,"M","M","?"],"character_chosen":"THE_SILENT","items_purchased":[],"campfire_rested":2,"item_purchase_floors":[],"current_hp_per_floor":[52,49,47,40,40,59,59,39,39,32,32,21,10,9,28,11,52,41,29,0],"gold":461,"neow_bonus":"BOSS_RELIC","is_prod":false,"is_daily":false,"chose_seed":false,"campfire_upgraded":0,"win_rate":0,"timestamp":1556075547,"path_taken":["M","M","M","?","?","R","M","E","T","E","?","?","?","M","R","BOSS","M","M","?"],"build_version":"2019-01-23","purchased_purges":0,"victory":false,"max_hp_per_floor":[66,66,66,66,66,66,66,66,66,66,66,66,66,66,66,66,66,66,66,66],"card_choices":[{"not_picked":["Infinite Blades","Cloak And Dagger"],"picked":"Deadly Poison","floor":1},{"not_picked":["Underhanded Strike","Distraction"],"picked":"PiercingWail","floor":2},{"not_picked":["Tactician","Choke"],"picked":"Footwork","floor":3},{"not_picked":["Prepared","Sucker Punch"],"picked":"Footwork","floor":7},{"not_picked":["Underhanded Strike","Cloak And Dagger"],"picked":"Dodge and Roll","floor":8},{"not_picked":["Poisoned Stab","Backflip"],"picked":"After Image","floor":10},{"not_picked":["Dagger Throw","Flying Knee","Deflect"],"picked":"SKIP","floor":11},{"not_picked":["Reflex","Outmaneuver","Infinite Blades"],"picked":"SKIP","floor":14},{"not_picked":["Storm of Steel","Doppelganger"],"picked":"Glass Knife","floor":16},{"not_picked":["Masterful Stab","Calculated Gamble"],"picked":"Catalyst","floor":18},{"not_picked":["Finisher","Quick Slash"],"picked":"Bouncing Flask","floor":19}],"player_experience":1898622,"relics_obtained":[{"floor":8,"key":"Tiny Chest"},{"floor":9,"key":"Omamori"},{"floor":10,"key":"Dead Branch"}],"event_choices":[{"cards_removed":["Strike_G"],"damage_healed":0,"gold_gain":0,"player_choice":"Card Removal","damage_taken":7,"max_hp_gain":0,"max_hp_loss":0,"event_name":"Golden Wing","floor":4,"gold_loss":0},{"damage_healed":0,"gold_gain":0,"player_choice":"Gave Potion","damage_taken":0,"relics_obtained":["Lantern"],"max_hp_gain":0,"max_hp_loss":0,"event_name":"WeMeetAgain","floor":5,"gold_loss":0},{"damage_healed":0,"gold_gain":75,"player_choice":"Gather Gold","damage_taken":11,"max_hp_gain":0,"max_hp_loss":0,"event_name":"World of Goop","floor":12,"gold_loss":0},{"damage_healed":0,"gold_gain":0,"player_choice":"Success","damage_taken":11,"relics_obtained":["Orichalcum"],"max_hp_gain":0,"max_hp_loss":0,"event_name":"Scrap Ooze","floor":13,"gold_loss":0},{"damage_healed":0,"gold_gain":0,"player_choice":"Fight","damage_taken":0,"max_hp_gain":0,"max_hp_loss":0,"event_name":"Colosseum","floor":20,"gold_loss":0}],"is_beta":false,"boss_relics":[{"not_picked":["WristBlade","Cursed Key"],"picked":"Eternal Feather"}],"items_purged_floors":[],"is_endless":false,"potions_floor_spawned":[3,7,8,10,18],"killed_by":"Colosseum Slavers","ascension_level":20}