{"gold_per_floor":[363,379,397,48,48,48,98,138,168,168,268,291,291,315,315,445,445,460,79,129],"floor_reached":20,"playtime":927,"items_purged":["Eviscerate+1"],"score":172,"play_id":"1026a35a-b946-4c80-8f03-d4b9c9e86d7c","local_time":"20190225215039","is_ascension_mode":false,"campfire_choices":[{"data":"Accuracy","floor":10,"key":"SMITH"},{"data":"Accuracy","floor":13,"key":"SMITH"},{"floor":15,"key":"REST"}],"neow_cost":"TEN_PERCENT_HP_LOSS","seed_source_timestamp":213546205540677,"circlet_count":0,"master_deck":["Defend_G","Defend_G","Defend_G","Defend_G+1","Strike_G","Strike_G","Strike_G","Survivor","Neutralize","Accuracy+1","Slice","Backstab","Envenom","Accuracy+1","Cloak And Dagger+1","Injury","Flying Knee","Noxious Fumes+1","Deflect","Glass Knife","PiercingWail+1","Infinite Blades+1","Accuracy+1"],"relics":["Ring of the Snake","DollysMirror","SsserpentHead","Golden Idol","Frozen Egg 2","Tiny Chest","Lantern","Astrolabe","Snake Skull","War Paint"],"potions_floor_usage":[8,16,16,20],"damage_taken":[{"damage":4,"enemies":"Jaw Worm","floor":1,"turns":6},{"damage":0,"enemies":"Cultist","floor":2,"turns":4},{"damage":0,"enemies":"Small Slimes","floor":3,"turns":4},{"damage":19,"enemies":"Gremlin Nob","floor":8,"turns":5},{"damage":0,"enemies":"Looter","floor":12,"turns":3},{"damage":6,"enemies":"Exordium Wildlife","floor":14,"turns":4},{"damage":36,"enemies":"The Guardian","floor":16,"turns":10},{"damage":14,"enemies":"3 Byrds","floor":18,"turns":5},{"damage":15,"enemies":"Colosseum Slavers","floor":20,"turns":5},{"damage":41,"enemies":"Colosseum Nobs","floor":20,"turns":3}],"seed_played":"1082780813224709618","potions_obtained":[{"floor":1,"key":"SneckoOil"},{"floor":2,"key":"SkillPotion"},{"floor":14,"key":"SpeedPotion"},{"floor":16,"key":"Energy Potion"}],"is_trial":false,"path_per_floor":["M","M","M","$","?","$","?","E","T","R","T","M","R","M","R","B",null,"M","$","?"],"character_chosen":"THE_SILENT","items_purchased":["Envenom","DollysMirror","Cloak And Dagger","Snake Skull","War Paint"],"campfire_rested":1,"item_purchase_floors":[4,4,6,19,19],"current_hp_per_floor":[59,59,59,59,59,59,59,40,40,40,40,40,40,34,52,16,63,49,49,0],"gold":129,"neow_bonus":"TWO_FIFTY_GOLD","is_prod":false,"is_daily":false,"chose_seed":false,"campfire_upgraded":2,"win_rate":0,"timestamp":1551149439,"path_taken":["M","M","M","$","?","?","?","E","T","R","?","M","R","M","R","BOSS","M","$","?"],"build_version":"2019-01-23","purchased_purges":1,"victory":false,"max_hp_per_floor":[63,63,63,63,63,63,63,63,63,63,63,63,63,63,63,63,63,63,63,63],"card_choices":[{"not_picked":["Blur","Finisher"],"picked":"Accuracy","floor":1},{"not_picked":["Endless Agony","Bane"],"picked":"Slice","floor":2},{"not_picked":["Setup","Deadly Poison"],"picked":"Backstab","floor":3},{"not_picked":["Expertise","Reflex"],"picked":"Flying Knee","floor":8},{"not_picked":["Prepared","Sucker Punch"],"picked":"Noxious Fumes+1","floor":12},{"not_picked":["Escape Plan","Deadly Poison"],"picked":"Deflect","floor":14},{"not_picked":["Grand Finale","Phantasmal Killer"],"picked":"Glass Knife","floor":16},{"not_picked":["Dagger Throw","PiercingWail"],"picked":"Accuracy+1","floor":18}],"player_experience":609885,"relics_obtained":[{"floor":8,"key":"Frozen Egg 2"},{"floor":9,"key":"Tiny Chest"},{"floor":11,"key":"Lantern"}],"event_choices":[{"damage_healed":0,"gold_gain":0,"player_choice":"Trade","damage_taken":0,"relics_obtained":["SsserpentHead"],"max_hp_gain":0,"max_hp_loss":0,"event_name":"FaceTrader","floor":5,"gold_loss":0},{"damage_healed":0,"gold_gain":0,"player_choice":"Take Wound","damage_taken":0,"relics_obtained":["Golden Idol"],"max_hp_gain":0,"max_hp_loss":0,"event_name":"Golden Idol","floor":7,"gold_loss":0,"cards_obtained":["Injury"]},{"damage_healed":0,"gold_gain":0,"player_choice":"Fight","damage_taken":0,"max_hp_gain":0,"max_hp_loss":0,"event_name":"Colosseum","floor":20,"gold_loss":0},{"damage_healed":0,"gold_gain":0,"player_choice":"Fought Nobs","damage_taken":0,"max_hp_gain":0,"max_hp_loss":0,"event_name":"Colosseum","floor":20,"gold_loss":0}],"is_beta":false,"boss_relics":[{"not_picked":["Ectoplasm","HoveringKite"],"picked":"Astrolabe"}],"items_purged_floors":[19],"is_endless":false,"potions_floor_spawned":[1,2,14,16,20],"killed_by":"Colosseum Nobs","ascension_level":0}