{"gold_per_floor":[219,7,157,170,190,190,205,205,205,216,1,1,33,33,33,129,129,145,115,129,179,48,48,81,81],"floor_reached":25,"playtime":836,"items_purged":["Doubt"],"score":427,"play_id":"e96fa600-278b-415e-ab17-2fa3ccefef7e","local_time":"20190327004548","is_ascension_mode":true,"campfire_choices":[{"data":"Consume","floor":6,"key":"SMITH"},{"data":"Zap","floor":8,"key":"SMITH"},{"data":"Doom and Gloom","floor":15,"key":"SMITH"},{"floor":23,"key":"REST"}],"neow_cost":"NONE","seed_source_timestamp":860887335145470,"circlet_count":0,"master_deck":["AscendersBane","Strike_B","Strike_B","Strike_B","Strike_B","Defend_B","Defend_B","Defend_B","Defend_B","Zap+1","Dualcast","Doom and Gloom+1","Rip and Tear","Consume+1","Ball Lightning","Coolheaded","Ball Lightning","Core Surge","Go for the Eyes","Sunder","White Noise"],"relics":["Cracked Core","Orichalcum","Oddly Smooth Stone","Sling","Pear","Golden Idol","Fusion Hammer","DataDisk"],"potions_floor_usage":[4,7,13,13,20,24],"damage_taken":[{"damage":2,"enemies":"Jaw Worm","floor":1,"turns":3},{"damage":1,"enemies":"2 Louse","floor":4,"turns":2},{"damage":0,"enemies":"Cultist","floor":5,"turns":4},{"damage":7,"enemies":"Exordium Wildlife","floor":7,"turns":3},{"damage":2,"enemies":"Exordium Thugs","floor":10,"turns":3},{"damage":14,"enemies":"Lagavulin","floor":13,"turns":5},{"damage":22,"enemies":"Slime Boss","floor":16,"turns":9},{"damage":21,"enemies":"3 Byrds","floor":18,"turns":3},{"damage":21,"enemies":"2 Thieves","floor":20,"turns":3},{"damage":37,"enemies":"Slavers","floor":24,"turns":4},{"damage":15,"enemies":"Shelled Parasite and Fungi","floor":25,"turns":1}],"seed_played":"6730112425728184851","potions_obtained":[{"floor":1,"key":"FearPotion"},{"floor":4,"key":"FearPotion"},{"floor":5,"key":"PowerPotion"},{"floor":10,"key":"Poison Potion"},{"floor":19,"key":"Weak Potion"},{"floor":19,"key":"Ancient Potion"}],"is_trial":false,"path_per_floor":["M","$","?","M","M","R","M","R","T","M","$","?","E","?","R","B",null,"M","?","M","?","$","R","E","M"],"character_chosen":"DEFECT","items_purchased":["Orichalcum","Rip and Tear","Sling","PowerPotion"],"campfire_rested":1,"item_purchase_floors":[2,2,11,22],"current_hp_per_floor":[62,62,62,61,61,61,54,54,54,52,52,57,53,23,23,1,65,44,44,23,23,23,48,11,0],"gold":81,"neow_bonus":"HUNDRED_GOLD","is_prod":false,"is_daily":false,"chose_seed":false,"campfire_upgraded":3,"win_rate":0,"timestamp":1553661948,"path_taken":["M","$","?","M","M","R","M","R","T","M","$","?","E","?","R","BOSS","M","?","?","?","?","R","E","M"],"build_version":"2019-01-23","purchased_purges":1,"victory":false,"max_hp_per_floor":[71,71,71,71,71,71,71,71,71,71,71,76,86,86,86,86,86,86,86,86,86,86,86,86,86],"card_choices":[{"not_picked":["Scrape","Turbo"],"picked":"Doom and Gloom","floor":1},{"not_picked":["Aggregate","Stack"],"picked":"Consume","floor":4},{"not_picked":["Hologram","Rebound"],"picked":"Ball Lightning","floor":5},{"not_picked":["Stack","Barrage","Beam Cell"],"picked":"SKIP","floor":7},{"not_picked":["Hologram","Meteor Strike"],"picked":"Coolheaded","floor":10},{"not_picked":["Double Energy","Hologram"],"picked":"Ball Lightning","floor":13},{"not_picked":["Rainbow","All For One"],"picked":"Core Surge","floor":16},{"not_picked":["Redo","Sweeping Beam"],"picked":"Go for the Eyes","floor":18},{"not_picked":["Storm","Stack"],"picked":"Sunder","floor":20},{"not_picked":["Sweeping Beam","Go for the Eyes"],"picked":"White Noise","floor":24}],"player_experience":1443719,"relics_obtained":[{"floor":9,"key":"Oddly Smooth Stone"},{"floor":13,"key":"Pear"},{"floor":24,"key":"DataDisk"}],"event_choices":[{"damage_healed":0,"gold_gain":150,"player_choice":"AGREE","damage_taken":0,"max_hp_gain":0,"max_hp_loss":0,"event_name":"Liars Game","floor":3,"gold_loss":0,"cards_obtained":["Doubt"]},{"damage_healed":0,"gold_gain":0,"player_choice":"Donut","damage_taken":0,"max_hp_gain":5,"max_hp_loss":0,"event_name":"Big Fish","floor":12,"gold_loss":0},{"damage_healed":0,"gold_gain":0,"player_choice":"Take Damage","damage_taken":30,"relics_obtained":["Golden Idol"],"max_hp_gain":0,"max_hp_loss":0,"event_name":"Golden Idol","floor":14,"gold_loss":0},{"damage_healed":0,"gold_gain":0,"player_choice":"Bought 2 Potions","damage_taken":0,"max_hp_gain":0,"max_hp_loss":0,"event_name":"The Woman in Blue","floor":19,"gold_loss":0},{"damage_healed":0,"gold_gain":100,"player_choice":"Bet on Murderer","damage_taken":0,"max_hp_gain":0,"max_hp_loss":0,"event_name":"The Joust","floor":21,"gold_loss":50}],"is_beta":false,"boss_relics":[{"not_picked":["Inserter","Calling Bell"],"picked":"Fusion Hammer"}],"items_purged_floors":[22],"is_endless":false,"potions_floor_spawned":[1,4,5,10],"killed_by":"Shelled Parasite and Fungi","ascension_level":19}