{"gold_per_floor":[118,132,152,152,73,73,100,100,124,124,134,154,168,193,193,193],"floor_reached":16,"playtime":483,"items_purged":[],"score":224,"play_id":"8950e5b5-d950-4514-bf42-4dfb5808ca06","local_time":"20190415231548","is_ascension_mode":true,"campfire_choices":[{"data":"Bash","floor":6,"key":"SMITH"},{"data":"Feed","floor":8,"key":"SMITH"},{"data":"Cleave","floor":10,"key":"SMITH"},{"data":"Perfected Strike","floor":15,"key":"SMITH"}],"neow_cost":"NONE","seed_source_timestamp":363044957161400,"circlet_count":0,"master_deck":["AscendersBane","Strike_R","Strike_R","Strike_R","Strike_R","Defend_R","Defend_R","Defend_R","Defend_R","Bash+1","Clash","Pommel Strike","Cleave+1","Feed+1","Pommel Strike","Inflame","Shrug It Off","Perfected Strike+1"],"relics":["Burning Blood","NeowsBlessing","Potion Belt","Omamori","Ornamental Fan"],"potions_floor_usage":[14,14],"damage_taken":[{"damage":0,"enemies":"Cultist","floor":1,"turns":1},{"damage":0,"enemies":"Jaw Worm","floor":2,"turns":1},{"damage":0,"enemies":"Small Slimes","floor":3,"turns":1},{"damage":30,"enemies":"Lagavulin","floor":7,"turns":6},{"damage":9,"enemies":"2 Fungi Beasts","floor":11,"turns":3},{"damage":21,"enemies":"Exordium Thugs","floor":12,"turns":4},{"damage":19,"enemies":"Exordium Wildlife","floor":13,"turns":4},{"damage":28,"enemies":"3 Sentries","floor":14,"turns":10},{"damage":16,"enemies":"Hexaghost","floor":16,"turns":4}],"seed_played":"-2703040577397448240","potions_obtained":[{"floor":7,"key":"EssenceOfSteel"},{"floor":12,"key":"FearPotion"}],"is_trial":false,"path_per_floor":["M","M","M","?","$","R","E","R","T","R","M","M","M","E","R","B"],"character_chosen":"IRONCLAD","items_purchased":["Feed"],"campfire_rested":0,"item_purchase_floors":[5],"current_hp_per_floor":[74,75,75,75,75,75,54,54,54,54,55,44,35,13,13,0],"gold":193,"neow_bonus":"THREE_ENEMY_KILL","is_prod":false,"is_daily":false,"chose_seed":false,"campfire_upgraded":4,"win_rate":0,"timestamp":1555384548,"path_taken":["M","?","M","?","$","R","E","R","T","R","M","M","M","E","R","BOSS"],"build_version":"2019-01-23","purchased_purges":0,"victory":false,"max_hp_per_floor":[75,75,75,75,75,75,78,78,78,78,82,86,90,90,90,90],"card_choices":[{"not_picked":["Body Slam","Headbutt"],"picked":"Clash","floor":1},{"not_picked":["Body Slam","Rupture"],"picked":"Pommel Strike","floor":2},{"not_picked":["Blood for Blood","Dual Wield"],"picked":"Cleave","floor":3},{"not_picked":["Havoc","Searing Blow"],"picked":"Pommel Strike","floor":7},{"not_picked":["Headbutt","Twin Strike"],"picked":"Inflame","floor":11},{"not_picked":["Headbutt","Carnage"],"picked":"Shrug It Off","floor":12},{"not_picked":["Wild Strike","Intimidate"],"picked":"Perfected Strike","floor":13},{"not_picked":["Sentinel","Sword Boomerang","Body Slam"],"picked":"SKIP","floor":14}],"player_experience":1844725,"relics_obtained":[{"floor":7,"key":"Potion Belt"},{"floor":9,"key":"Omamori"},{"floor":14,"key":"Ornamental Fan"}],"event_choices":[{"cards_removed":["Strike_R"],"damage_healed":0,"gold_gain":0,"player_choice":"Offered Basic","damage_taken":0,"max_hp_gain":0,"max_hp_loss":0,"event_name":"Bonfire Elementals","floor":4,"gold_loss":0}],"is_beta":false,"boss_relics":[],"items_purged_floors":[],"is_endless":false,"potions_floor_spawned":[7,12],"killed_by":"Hexaghost","ascension_level":20}