{"path_per_floor":["M","$","?","M","$","M","?","R","T","M","M","?","M","M","R","B",null,"M","M","$","M","$","R","$","R","T","M"],"character_chosen":"IRONCLAD","items_purchased":["Flex","Pummel","Inflame"],"gold_per_floor":[112,28,28,41,41,55,55,55,81,93,106,106,119,137,137,239,239,250,264,120,132,32,32,32,32,108,122,122],"floor_reached":28,"campfire_rested":1,"playtime":882,"current_hp_per_floor":[80,80,73,76,76,80,80,80,80,65,52,52,55,45,45,36,80,79,48,48,20,20,45,45,45,45,21,0],"items_purged":["Defend_R","Defend_R"],"gold":122,"score":212,"play_id":"8f7be261-ca2a-4cee-9f03-c4f6138bd641","local_time":"20180405112332","is_prod":false,"is_daily":false,"is_ascension_mode":false,"campfire_upgraded":3,"timestamp":1522941812,"path_taken":["M","?","?","M","$","M","?","R","T","M","?","?","M","M","R","BOSS","M","M","$","M","?","R","$","R","T","M","?"],"build_version":"2018-03-29v2","purchased_purges":2,"victory":false,"master_deck":["Strike_R","Strike_R","Strike_R","Strike_R","Strike_R","Defend_R","Bash","Spot Weakness","Flex","Pummel+1","Uppercut","Pommel Strike","Limit Break+1","Perfected Strike","Perfected Strike","Heavy Blade+1","Feed","Flex","Inflame+1","Perfected Strike"],"max_hp_per_floor":[80,80,80,80,80,80,80,80,80,80,80,80,80,80,80,80,80,83,83,83,86,86,86,86,86,86,86,86],"relics":["Burning Blood"],"card_choices":[{"not_picked":["Iron Wave","Twin Strike"],"picked":"Spot Weakness","floor":1},{"not_picked":["Cleave","Rage"],"picked":"Uppercut","floor":4},{"not_picked":["Brutality","True Grit"],"picked":"Pommel Strike","floor":6},{"not_picked":["Headbutt","Warcry"],"picked":"Perfected Strike","floor":10},{"not_picked":["Clothesline","Anger"],"picked":"Perfected Strike","floor":11},{"not_picked":["Evolve","Carnage"],"picked":"Heavy Blade","floor":14},{"not_picked":["Immolate","Fiend Fire"],"picked":"Feed","floor":16},{"not_picked":["True Grit","Searing Blow"],"picked":"Flex","floor":19},{"not_picked":["Clash","Pummel"],"picked":"Perfected Strike","floor":21}],"player_experience":680490,"potions_floor_usage":[13,14,16,18],"damage_taken":[{"damage":6,"enemies":"Cultist","floor":1,"turns":3},{"damage":3,"enemies":"Jaw Worm","floor":4,"turns":3},{"damage":0,"enemies":"2 Louse","floor":6,"turns":1},{"damage":21,"enemies":"Lots of Slimes","floor":10,"turns":5},{"damage":19,"enemies":"Blue Slaver","floor":11,"turns":3},{"damage":3,"enemies":"Exordium Thugs","floor":13,"turns":2},{"damage":16,"enemies":"Lots of Slimes","floor":14,"turns":4},{"damage":30,"enemies":"Slime Boss","floor":16,"turns":10},{"damage":10,"enemies":"Spheric Guardian","floor":18,"turns":3},{"damage":37,"enemies":"Shell Parasite","floor":19,"turns":6},{"damage":37,"enemies":"3 Cultists","floor":21,"turns":5},{"damage":30,"enemies":"Snecko","floor":27,"turns":4},{"damage":23,"enemies":"Snake Plant","floor":28,"turns":3}],"event_choices":[{"event_name":"Golden Wing","player_choice":"Card Removal","floor":3,"damage_taken":0},{"event_name":"Match and Keep!","player_choice":"1 cards matched","floor":7,"damage_taken":0},{"event_name":"Accursed Blacksmith","player_choice":"Forge","floor":12,"damage_taken":0}],"boss_relics":[{"not_picked":["Philosopher\u0027s Stone","Sozu","Orrery"]}],"potions_floor_spawned":[1,10,11,16],"seed_played":"1099865287137302860","killed_by":"Snake Plant","ascension_level":0,"is_trial":false}