{"gold_per_floor":[131,143,173,195,207,219,243,284,296,308,355,367,379,407,419,508,520,549,263,273,292,292,292,292],"floor_reached":24,"playtime":1663,"items_purged":["Strike_B"],"score":416,"play_id":"cf19a5d4-1999-44c1-8760-8c0dcf7bf6ed","local_time":"20190403184709","is_ascension_mode":true,"campfire_choices":[{"data":"Consume","floor":6,"key":"SMITH"},{"floor":10,"key":"REST"},{"data":"Defragment","floor":13,"key":"SMITH"},{"floor":15,"key":"REST"}],"neow_cost":"NONE","seed_source_timestamp":202447810420432,"circlet_count":0,"master_deck":["AscendersBane","Strike_B","Defend_B","Defend_B","Defend_B","Defend_B","Zap","Dualcast","Defragment+1","Streamline","Consume+1","Steam","FTL","Loop","Coolheaded","Seek","Chill","Hologram+1","Hologram+1"],"relics":["Cracked Core","MawBank","Centennial Puzzle","Kunai","Bag of Preparation","Orichalcum","Nuclear Battery","DataDisk"],"potions_floor_usage":[4,7,8,16,18,21,23,24],"damage_taken":[{"damage":1,"enemies":"2 Louse","floor":1,"turns":2},{"damage":4,"enemies":"Small Slimes","floor":3,"turns":4},{"damage":0,"enemies":"Cultist","floor":4,"turns":3},{"damage":6,"enemies":"2 Fungi Beasts","floor":7,"turns":4},{"damage":31,"enemies":"Gremlin Nob","floor":8,"turns":4},{"damage":14,"enemies":"Lagavulin","floor":11,"turns":6},{"damage":11,"enemies":"Exordium Thugs","floor":14,"turns":5},{"damage":24,"enemies":"Slime Boss","floor":16,"turns":9},{"damage":9,"enemies":"Shell Parasite","floor":18,"turns":3},{"damage":0,"enemies":"Spheric Guardian","floor":20,"turns":4},{"damage":0,"enemies":"Centurion and Healer","floor":21,"turns":14},{"damage":0,"enemies":"Snake Plant","floor":23,"turns":1},{"damage":58,"enemies":"Gremlin Leader","floor":24,"turns":10}],"seed_played":"1431372879207559354","potions_obtained":[{"floor":1,"key":"SpeedPotion"},{"floor":3,"key":"Explosive Potion"},{"floor":4,"key":"PowerPotion"},{"floor":8,"key":"SpeedPotion"},{"floor":16,"key":"Block Potion"},{"floor":18,"key":"Poison Potion"},{"floor":22,"key":"SmokeBomb"},{"floor":22,"key":"Dexterity Potion"}],"is_trial":false,"path_per_floor":["M","?","M","M","?","R","M","E","T","R","E","?","R","M","R","B",null,"M","$","M","M","?","M","E"],"character_chosen":"DEFECT","items_purchased":["DataDisk","PowerPotion"],"campfire_rested":2,"item_purchase_floors":[19,19],"current_hp_per_floor":[63,58,54,54,47,47,41,10,10,31,17,17,17,6,27,3,54,45,45,45,45,45,45,0],"gold":292,"neow_bonus":"RANDOM_COMMON_RELIC","is_prod":false,"is_daily":false,"chose_seed":false,"campfire_upgraded":2,"win_rate":0,"timestamp":1554331629,"path_taken":["M","?","M","M","?","R","M","E","T","R","E","?","R","M","R","BOSS","M","$","?","M","?","?","E"],"build_version":"2019-01-23","purchased_purges":1,"victory":false,"max_hp_per_floor":[71,71,71,71,71,71,71,71,71,71,71,71,71,71,71,71,71,71,71,71,71,71,71,71],"card_choices":[{"not_picked":["Hello World","Sweeping Beam"],"picked":"Defragment","floor":1},{"not_picked":["Heatsinks","Force Field"],"picked":"Streamline","floor":3},{"not_picked":["White Noise","Darkness"],"picked":"Consume","floor":4},{"not_picked":["Sweeping Beam","Stack"],"picked":"Steam","floor":7},{"not_picked":["Stack","Sweeping Beam"],"picked":"FTL","floor":8},{"not_picked":["Barrage","Leap"],"picked":"Loop","floor":11},{"not_picked":["Gash","Steam","Stack"],"picked":"SKIP","floor":14},{"not_picked":["All For One","Multi-Cast"],"picked":"Seek","floor":16},{"not_picked":["Streamline+1","Coolheaded"],"picked":"Chill","floor":18},{"not_picked":["Conserve Battery","Beam Cell"],"picked":"Hologram+1","floor":20},{"not_picked":["Leap","Steam"],"picked":"Hologram+1","floor":21}],"player_experience":1572956,"relics_obtained":[{"floor":8,"key":"Kunai"},{"floor":9,"key":"Bag of Preparation"},{"floor":11,"key":"Orichalcum"}],"event_choices":[{"damage_healed":0,"gold_gain":0,"player_choice":"Success","damage_taken":5,"relics_obtained":["Centennial Puzzle"],"max_hp_gain":0,"max_hp_loss":0,"event_name":"Scrap Ooze","floor":2,"gold_loss":0},{"cards_removed":["Strike_B"],"damage_healed":0,"gold_gain":0,"player_choice":"Card Removal","damage_taken":7,"max_hp_gain":0,"max_hp_loss":0,"event_name":"Golden Wing","floor":5,"gold_loss":0},{"damage_healed":0,"gold_gain":0,"cards_transformed":["Strike_B"],"player_choice":"Transformed","damage_taken":0,"max_hp_gain":0,"max_hp_loss":0,"event_name":"Transmorgrifier","floor":12,"gold_loss":0,"cards_obtained":["Coolheaded"]},{"damage_healed":0,"gold_gain":0,"player_choice":"Got Potions","damage_taken":0,"max_hp_gain":0,"max_hp_loss":0,"event_name":"Lab","floor":22,"gold_loss":0}],"is_beta":false,"boss_relics":[{"not_picked":["Eternal Feather","Pandora\u0027s Box"],"picked":"Nuclear Battery"}],"items_purged_floors":[19],"is_endless":false,"potions_floor_spawned":[1,3,4,8,16,18,23],"killed_by":"Gremlin Leader","ascension_level":20}