{"gold_per_floor":[113,128,128,147,147,147,147,159,159,159,173,205,216,74,74,148,148,160,174,193,193,193,193,205,205,205,135,149,149,180,195,195,266,266,277,277,277,297,345,375,375,194,241,241,274,293,293,308,308,308,308,308,14,39,39],"floor_reached":55,"playtime":2169,"items_purged":["Pain","Regret"],"score":1264,"play_id":"67a08b48-2421-43ae-a3c6-c41aeaf4555b","local_time":"20190428004253","is_ascension_mode":true,"campfire_choices":[{"data":"Bash","floor":6.0,"key":"SMITH"},{"data":"True Grit","floor":10.0,"key":"SMITH"},{"data":"Barricade","floor":15.0,"key":"SMITH"},{"floor":23.0,"key":"REST"},{"floor":25.0,"key":"REST"},{"floor":29.0,"key":"REST"},{"floor":32.0,"key":"REST"},{"floor":41,"key":"REST"},{"floor":47,"key":"RECALL"},{"data":"Entrench","floor":49,"key":"SMITH"},{"data":"Feel No Pain","floor":52,"key":"SMITH"}],"neow_cost":"NONE","seed_source_timestamp":1503189011689150,"circlet_count":0,"master_deck":["AscendersBane","Defend_R","Defend_R","Defend_R","Bash+1","Barricade+1","Spot Weakness","Body Slam","True Grit+1","Limit Break","Headbutt","Battle Trance","Bloodletting","Ghostly Armor","Feel No Pain+1","Clash+1","Intimidate+1","Immolate+1","True Grit+1","Havoc+1","Iron Wave+1","Disarm+1","Entrench+1","Power Through","Evolve+1","Flame Barrier","Secret Technique","Shockwave"],"special_seed":0,"relics":["Burning Blood","WarpedTongs","Paper Frog","Dead Branch","Cursed Key","Pen Nib","Astrolabe","Oddly Smooth Stone","Gambling Chip","Blood Vial","Anchor","Smiling Mask","Strawberry"],"potions_floor_usage":[39,54],"damage_taken":[{"damage":6.0,"enemies":"Cultist","floor":1.0,"turns":3.0},{"damage":7.0,"enemies":"Jaw Worm","floor":2.0,"turns":3.0},{"damage":0.0,"enemies":"Small Slimes","floor":4.0,"turns":3.0},{"damage":22.0,"enemies":"Red Slaver","floor":8.0,"turns":4.0},{"damage":10.0,"enemies":"2 Fungi Beasts","floor":11.0,"turns":4.0},{"damage":11.0,"enemies":"Gremlin Nob","floor":12.0,"turns":3.0},{"damage":14.0,"enemies":"Gremlin Gang","floor":13.0,"turns":6.0},{"damage":22.0,"enemies":"Hexaghost","floor":16.0,"turns":8.0},{"damage":27.0,"enemies":"2 Thieves","floor":18.0,"turns":5.0},{"damage":30.0,"enemies":"Shell Parasite","floor":19.0,"turns":4.0},{"damage":14.0,"enemies":"Snake Plant","floor":20.0,"turns":5.0},{"damage":28.0,"enemies":"Snecko","floor":24.0,"turns":4.0},{"damage":15.0,"enemies":"Centurion and Healer","floor":28.0,"turns":5.0},{"damage":21.0,"enemies":"Gremlin Leader","floor":30.0,"turns":5.0},{"damage":19.0,"enemies":"3 Cultists","floor":31.0,"turns":6.0},{"damage":3.0,"enemies":"Champ","floor":33.0,"turns":14.0},{"damage":7.0,"enemies":"3 Darklings","floor":35.0,"turns":3.0},{"damage":2.0,"enemies":"3 Shapes","floor":38.0,"turns":4.0},{"damage":40,"enemies":"2 Orb Walkers","floor":39,"turns":5},{"damage":18,"enemies":"Giant Head","floor":40,"turns":7},{"damage":12,"enemies":"Reptomancer","floor":45,"turns":5},{"damage":0,"enemies":"Jaw Worm Horde","floor":46,"turns":6},{"damage":6,"enemies":"Spire Growth","floor":48,"turns":5},{"damage":18,"enemies":"Time Eater","floor":50,"turns":7},{"damage":30,"enemies":"Shield and Spear","floor":54,"turns":8},{"damage":61,"enemies":"The Heart","floor":55,"turns":5}],"seed_played":"7705282352904353565","potions_obtained":[{"floor":2.0,"key":"Swift Potion"},{"floor":4.0,"key":"FearPotion"},{"floor":8.0,"key":"SteroidPotion"},{"floor":13.0,"key":"Weak Potion"},{"floor":30.0,"key":"SteroidPotion"},{"floor":33.0,"key":"Strength Potion"},{"floor":38.0,"key":"GamblersBrew"},{"floor":39,"key":"SpeedPotion"},{"floor":46,"key":"Block Potion"}],"is_trial":false,"path_per_floor":["M","M","?","M","?","R","?","M","T","R","M","E","M","$","R","B",null,"M","M","M","?","?","R","M","R","T","$","M","R","E","M","R","B",null,"M","?","$","M","?","E","R","$","T","T","E","M","R","M","R","B",null,"R","$","E","B"],"character_chosen":"IRONCLAD","items_purchased":["Limit Break","Ghostly Armor","Anchor","Entrench","Flame Barrier","Secret Technique"],"campfire_rested":5,"item_purchase_floors":[14,27,42,42,53,53],"current_hp_per_floor":[68,67,72,78,71,71,71,55,55,55,51,46,38,38,38,22,66,45,21,13,13,13,37,15,39,39,39,30,54,39,26,50,53,73,72,72,72,76,42,30,54,54,54,54,50,58,58,60,60,50,73,73,73,58,0],"gold":39,"neow_bonus":"TRANSFORM_CARD","is_prod":false,"is_daily":false,"chose_seed":false,"campfire_upgraded":5,"win_rate":0,"timestamp":1556426573,"path_taken":["M","M","?","M","?","R","?","M","T","R","?","E","M","$","R","BOSS","M","?","M","?","?","R","M","R","T","$","?","R","E","M","R","BOSS","M","?","$","?","?","E","R","$","T","?","E","M","R","?","R","BOSS","R","$","E","BOSS"],"build_version":"2019-04-23","purchased_purges":2,"victory":false,"max_hp_per_floor":[75,75,80,80,80,80,80,80,80,80,80,80,80,80,80,80,80,80,80,80,80,80,80,80,80,80,80,80,80,80,80,80,80,80,80,80,80,80,80,80,80,80,80,80,80,80,80,80,80,80,80,80,80,87,87],"card_choices":[{"not_picked":["Perfected Strike","Battle Trance"],"picked":"Anger","floor":1.0},{"not_picked":["Searing Blow","Sever Soul"],"picked":"Spot Weakness","floor":2.0},{"not_picked":["Searing Blow","Bloodletting"],"picked":"Body Slam","floor":4.0},{"not_picked":["Armaments","Flex"],"picked":"True Grit","floor":8.0},{"not_picked":["Flex","Hemokinesis","Havoc"],"picked":"SKIP","floor":11.0},{"not_picked":["Flex","Searing Blow","Thunderclap"],"picked":"SKIP","floor":12.0},{"not_picked":["Second Wind","Combust","Warcry"],"picked":"SKIP","floor":13.0},{"not_picked":["Inflame","Heavy Blade"],"picked":"Headbutt","floor":18.0},{"not_picked":["Second Wind","Thunderclap","Clash"],"picked":"SKIP","floor":19.0},{"not_picked":["Clothesline","Uppercut"],"picked":"Battle Trance","floor":20.0},{"not_picked":["Cleave+1","Spot Weakness+1","Clash"],"picked":"SKIP","floor":24.0},{"not_picked":["Metallicize","Pommel Strike","Warcry"],"picked":"SKIP","floor":28.0},{"not_picked":["Intimidate","Bloodletting"],"picked":"Feel No Pain","floor":30.0},{"not_picked":["Metallicize","Havoc","Clothesline"],"picked":"SKIP","floor":31.0},{"not_picked":["Bloodletting","Clash"],"picked":"True Grit+1","floor":35.0},{"not_picked":["Intimidate","Warcry"],"picked":"Havoc+1","floor":38.0},{"not_picked":["Body Slam+1","Evolve"],"picked":"Iron Wave+1","floor":39},{"not_picked":["Juggernaut","Battle Trance"],"picked":"Disarm+1","floor":40},{"not_picked":["Dropkick","Iron Wave+1"],"picked":"Power Through","floor":45},{"not_picked":["Uppercut","Thunderclap"],"picked":"Evolve+1","floor":46},{"not_picked":["Sword Boomerang","True Grit","Anger"],"picked":"SKIP","floor":48},{"not_picked":["Headbutt+1","Sentinel"],"picked":"Shockwave","floor":54}],"player_experience":2470637,"relics_obtained":[{"floor":9.0,"key":"Paper Frog"},{"floor":12.0,"key":"Dead Branch"},{"floor":30.0,"key":"Pen Nib"},{"floor":39,"key":"Gambling Chip"},{"floor":40,"key":"Blood Vial"},{"floor":45,"key":"Smiling Mask"},{"floor":54,"key":"Strawberry"}],"event_choices":[{"damage_healed":0.0,"max_hp_gain":5.0,"max_hp_loss":0.0,"gold_gain":0.0,"event_name":"Big Fish","player_choice":"Donut","floor":3.0,"gold_loss":0.0,"damage_taken":0.0},{"cards_removed":["Strike_R"],"damage_healed":0.0,"max_hp_gain":0.0,"max_hp_loss":0.0,"gold_gain":0.0,"event_name":"Golden Wing","player_choice":"Card Removal","floor":5.0,"gold_loss":0.0,"damage_taken":7.0},{"damage_healed":0.0,"max_hp_gain":0.0,"max_hp_loss":0.0,"gold_gain":0.0,"event_name":"Accursed Blacksmith","player_choice":"Rummage","floor":7.0,"gold_loss":0.0,"damage_taken":0.0,"relics_obtained":["WarpedTongs"],"cards_obtained":["Pain"]},{"damage_healed":0.0,"max_hp_gain":0.0,"max_hp_loss":0.0,"gold_gain":0.0,"cards_transformed":["Strike_R","Strike_R"],"event_name":"Drug Dealer","player_choice":"Became Test Subject","floor":21.0,"gold_loss":0.0,"damage_taken":0.0,"cards_obtained":["Reckless Charge","Bloodletting"]},{"cards_removed":["Strike_R"],"damage_healed":0.0,"max_hp_gain":0.0,"max_hp_loss":0.0,"gold_gain":0.0,"event_name":"Wheel of Change","player_choice":"Card Removal","floor":22.0,"gold_loss":0.0,"damage_taken":0.0},{"damage_healed":0.0,"max_hp_gain":0.0,"max_hp_loss":0.0,"gold_gain":0.0,"event_name":"WeMeetAgain","player_choice":"Gave Potion","floor":36.0,"gold_loss":0.0,"damage_taken":0.0,"relics_obtained":["Oddly Smooth Stone"]},{"damage_healed":0,"gold_gain":0,"player_choice":"Fight","damage_taken":0,"max_hp_gain":0,"max_hp_loss":0,"event_name":"Mysterious Sphere","floor":39,"gold_loss":0}],"is_beta":true,"boss_relics":[{"not_picked":["Runic Dome","Mark of Pain"],"picked":"Cursed Key"},{"not_picked":["Empty Cage","Philosopher\u0027s Stone"],"picked":"Astrolabe"}],"items_purged_floors":[14,53],"is_endless":false,"potions_floor_spawned":[2,4,8,11,13,30,33,35,38,39,46],"killed_by":"The Heart","ascension_level":15}