{"gold_per_floor":[112,73,73,91,111,111,145,145,172,172,190,219,5,16,16,16],"floor_reached":16,"playtime":689,"items_purged":[],"score":220,"play_id":"0018cf4b-ede0-4396-8ca6-cfccaa454304","local_time":"20190316024838","is_ascension_mode":true,"campfire_choices":[{"data":"Bash","floor":6,"key":"SMITH"},{"data":"Perfected Strike","floor":8,"key":"SMITH"},{"data":"Feel No Pain","floor":10,"key":"SMITH"},{"data":"True Grit","floor":15,"key":"SMITH"}],"neow_cost":"NONE","seed_source_timestamp":228971818547374,"circlet_count":0,"master_deck":["AscendersBane","Strike_R","Strike_R","Strike_R","Strike_R","Strike_R","Defend_R","Defend_R","Defend_R","Defend_R","Bash+1","Evolve","Shockwave","Feel No Pain+1","Metallicize","Perfected Strike+1","True Grit+1","Dark Embrace"],"relics":["Burning Blood","Art of War","Bag of Preparation","Regal Pillow","Red Skull"],"potions_floor_usage":[4,7,7,11,12,16,16],"damage_taken":[{"damage":6,"enemies":"Cultist","floor":1,"turns":3},{"damage":4,"enemies":"Jaw Worm","floor":4,"turns":4},{"damage":17,"enemies":"Small Slimes","floor":5,"turns":4},{"damage":29,"enemies":"Gremlin Nob","floor":7,"turns":6},{"damage":5,"enemies":"Exordium Thugs","floor":11,"turns":6},{"damage":18,"enemies":"3 Sentries","floor":12,"turns":7},{"damage":30,"enemies":"Gremlin Gang","floor":14,"turns":4},{"damage":12,"enemies":"Hexaghost","floor":16,"turns":7}],"seed_played":"-1790302555810750109","potions_obtained":[{"floor":1,"key":"Weak Potion"},{"floor":3,"key":"Ancient Potion"},{"floor":4,"key":"FearPotion"},{"floor":7,"key":"EssenceOfSteel"},{"floor":11,"key":"Energy Potion"},{"floor":14,"key":"Energy Potion"}],"is_trial":false,"path_per_floor":["M","$","?","M","M","R","E","R","T","R","M","E","$","M","R","B"],"character_chosen":"IRONCLAD","items_purchased":["Shockwave","Red Skull","Strength Potion"],"campfire_rested":0,"item_purchase_floors":[2,13,13],"current_hp_per_floor":[75,75,75,77,66,66,43,43,43,43,44,32,32,8,8,0],"gold":16,"neow_bonus":"TEN_PERCENT_HP_BONUS","is_prod":false,"is_daily":false,"chose_seed":false,"campfire_upgraded":4,"win_rate":0,"timestamp":1552718918,"path_taken":["M","?","?","?","M","R","E","R","T","R","M","E","$","M","R","BOSS"],"build_version":"2019-01-23","purchased_purges":0,"victory":false,"max_hp_per_floor":[82,82,82,82,82,82,82,82,82,82,82,82,82,82,82,82],"card_choices":[{"not_picked":["Pummel","Corruption"],"picked":"Evolve","floor":1},{"not_picked":["Heavy Blade","Cleave"],"picked":"Feel No Pain","floor":4},{"not_picked":["Havoc","Dropkick"],"picked":"Metallicize","floor":5},{"not_picked":["Sword Boomerang","Anger"],"picked":"Perfected Strike","floor":7},{"not_picked":["Rage","Heavy Blade","Anger"],"picked":"SKIP","floor":11},{"not_picked":["Fire Breathing","Warcry"],"picked":"True Grit","floor":12},{"not_picked":["Sword Boomerang","Dropkick"],"picked":"Dark Embrace","floor":14}],"player_experience":1154068,"relics_obtained":[{"floor":7,"key":"Art of War"},{"floor":9,"key":"Bag of Preparation"},{"floor":12,"key":"Regal Pillow"}],"event_choices":[{"damage_healed":0,"gold_gain":0,"player_choice":"Got Potions","damage_taken":0,"max_hp_gain":0,"max_hp_loss":0,"event_name":"Lab","floor":3,"gold_loss":0}],"is_beta":false,"boss_relics":[],"items_purged_floors":[],"is_endless":false,"potions_floor_spawned":[1,4,7,11,14],"killed_by":"Hexaghost","ascension_level":20}