{"gold_per_floor":[115,127,202,202,91,91,91,126,195,215,215,250,267,25,25,99,99,114,114,133,148,2,2,18,36,36,36,36,51,51,70,70,146,146,165,185,185],"floor_reached":37,"playtime":917,"items_purged":["Strike_R"],"score":667,"play_id":"36d976c4-f26a-4daf-bb5d-f2ef624cd76b","local_time":"20190329230349","is_ascension_mode":true,"campfire_choices":[{"data":"Spot Weakness","floor":6.0,"key":"SMITH"},{"data":"Heavy Blade","floor":11.0,"key":"SMITH"},{"data":"Apotheosis","floor":15.0,"key":"SMITH"},{"floor":23.0,"key":"REST"},{"floor":30.0,"key":"REST"},{"floor":32.0,"key":"REST"}],"neow_cost":"NONE","seed_source_timestamp":0,"circlet_count":0,"master_deck":["AscendersBane","Bash+1","Spot Weakness+1","Pummel","Feel No Pain","Heavy Blade+1","Apotheosis+1","Metallicize","Offering","Rampage","Flex","Flex","Cleave","Bludgeon","Sever Soul","Sever Soul","Ghostly Armor","Whirlwind+1","Anger+1","Evolve","True Grit","Dark Embrace","Shockwave","Warcry+1"],"special_seed":0,"relics":["Burning Blood","Bronze Scales","Lantern","Shuriken","Potion Belt","Pandora\u0027s Box","Vajra","Pantograph","Enchiridion","Mark of Pain"],"potions_floor_usage":[35,37],"damage_taken":[{"damage":12.0,"enemies":"Small Slimes","floor":1.0,"turns":4.0},{"damage":7.0,"enemies":"Jaw Worm","floor":2.0,"turns":3.0},{"damage":35.0,"enemies":"Gremlin Nob","floor":8.0,"turns":4.0},{"damage":0.0,"enemies":"2 Louse","floor":10.0,"turns":2.0},{"damage":27.0,"enemies":"Lagavulin","floor":12.0,"turns":6.0},{"damage":0.0,"enemies":"Large Slime","floor":13.0,"turns":6.0},{"damage":13.0,"enemies":"Hexaghost","floor":16.0,"turns":7.0},{"damage":22.0,"enemies":"2 Thieves","floor":18.0,"turns":3.0},{"damage":19.0,"enemies":"Spheric Guardian","floor":20.0,"turns":4.0},{"damage":2.0,"enemies":"Chosen and Byrds","floor":21.0,"turns":3.0},{"damage":35.0,"enemies":"Snake Plant","floor":24.0,"turns":3.0},{"damage":0.0,"enemies":"Snecko","floor":25.0,"turns":2.0},{"damage":6.0,"enemies":"Cultist and Chosen","floor":29.0,"turns":1.0},{"damage":12.0,"enemies":"3 Cultists","floor":31.0,"turns":4.0},{"damage":77.0,"enemies":"Champ","floor":33.0,"turns":6.0},{"damage":39,"enemies":"3 Darklings","floor":35,"turns":4},{"damage":24,"enemies":"Orb Walker","floor":36,"turns":4},{"damage":16,"enemies":"Writhing Mass","floor":37,"turns":2}],"seed_played":"-8478814848303928947","potions_obtained":[{"floor":1.0,"key":"Poison Potion"},{"floor":24.0,"key":"GamblersBrew"},{"floor":25.0,"key":"SkillPotion"},{"floor":31.0,"key":"Energy Potion"},{"floor":33.0,"key":"SpeedPotion"},{"floor":36,"key":"Block Potion"}],"is_trial":false,"path_per_floor":["M","M","?","?","$","R","?","E","T","M","R","E","M","$","R","B",null,"M","?","M","M","$","R","M","M","T","?","$","M","R","M","R","B",null,"M","M","M"],"character_chosen":"IRONCLAD","items_purchased":["Pummel","Apotheosis","Metallicize","Vajra"],"campfire_rested":3,"item_purchase_floors":[5,14,14,22],"current_hp_per_floor":[62,61,50,50,50,50,55,26,26,32,32,11,17,17,17,10,63,47,47,34,38,38,62,33,39,39,18,18,18,42,36,60,9,62,29,11,0],"gold":185,"neow_bonus":"RANDOM_COMMON_RELIC","is_prod":false,"is_daily":false,"chose_seed":false,"campfire_upgraded":3,"win_rate":0,"timestamp":1553915029,"path_taken":["M","M","?","?","?","R","?","E","T","M","R","E","M","$","R","BOSS","M","?","M","M","$","R","M","?","T","?","$","M","R","M","R","BOSS","M","M","M"],"build_version":"2019-03-15","purchased_purges":1,"victory":false,"max_hp_per_floor":[75,75,75,75,75,75,80,80,80,80,80,80,80,80,80,80,80,80,80,80,80,80,80,80,80,80,80,80,80,80,80,80,80,80,80,80,80],"card_choices":[{"not_picked":["Evolve","Thunderclap","Second Wind"],"picked":"SKIP","floor":1.0},{"not_picked":["Heavy Blade","Clash"],"picked":"Spot Weakness","floor":2.0},{"not_picked":["Combust","Infernal Blade"],"picked":"Feel No Pain","floor":8.0},{"not_picked":["Entrench","Armaments"],"picked":"Heavy Blade","floor":10.0},{"not_picked":["Warcry","Second Wind","Havoc"],"picked":"SKIP","floor":12.0},{"not_picked":["Sword Boomerang","Fire Breathing","Exhume"],"picked":"SKIP","floor":13.0},{"not_picked":["Juggernaut","Fiend Fire"],"picked":"Offering","floor":16.0},{"not_picked":["Sword Boomerang","Warcry"],"picked":"Whirlwind","floor":18.0},{"not_picked":["Spot Weakness","Searing Blow"],"picked":"Anger+1","floor":20.0},{"not_picked":["Fire Breathing","Headbutt","Clash"],"picked":"SKIP","floor":21.0},{"not_picked":["Sword Boomerang","Body Slam+1","Combust+1"],"picked":"SKIP","floor":24.0},{"not_picked":["Thunderclap","Anger"],"picked":"Evolve","floor":25.0},{"not_picked":["Burning Pact","Body Slam","Infernal Blade"],"picked":"SKIP","floor":29.0},{"not_picked":["Pommel Strike","Flame Barrier"],"picked":"True Grit","floor":31.0},{"not_picked":["Limit Break","Juggernaut"],"picked":"Dark Embrace","floor":33.0},{"not_picked":["Sword Boomerang+1","Heavy Blade"],"picked":"Shockwave","floor":35},{"not_picked":["Twin Strike","Sword Boomerang"],"picked":"Warcry+1","floor":36}],"player_experience":2310770,"relics_obtained":[{"floor":8.0,"key":"Lantern"},{"floor":9.0,"key":"Shuriken"},{"floor":12.0,"key":"Potion Belt"},{"floor":26.0,"key":"Pantograph"},{"floor":27.0,"key":"Enchiridion"}],"event_choices":[{"damage_healed":0.0,"max_hp_gain":0.0,"max_hp_loss":0.0,"gold_gain":75.0,"event_name":"World of Goop","player_choice":"Gather Gold","floor":3.0,"gold_loss":0.0,"damage_taken":11.0},{"damage_healed":0.0,"max_hp_gain":0.0,"max_hp_loss":0.0,"gold_gain":0.0,"event_name":"Living Wall","player_choice":"Grow","floor":4.0,"gold_loss":0.0,"damage_taken":0.0,"cards_upgraded":["Bash"]},{"damage_healed":0.0,"max_hp_gain":5.0,"max_hp_loss":0.0,"gold_gain":0.0,"event_name":"Big Fish","player_choice":"Donut","floor":7.0,"gold_loss":0.0,"damage_taken":0.0},{"damage_healed":0.0,"max_hp_gain":0.0,"max_hp_loss":0.0,"gold_gain":0.0,"event_name":"Accursed Blacksmith","player_choice":"Forge","floor":19.0,"gold_loss":0.0,"damage_taken":0.0,"cards_upgraded":["Whirlwind"]},{"damage_healed":0.0,"max_hp_gain":0.0,"max_hp_loss":0.0,"gold_gain":0.0,"event_name":"Cursed Tome","player_choice":"Obtained Book","floor":27.0,"gold_loss":0.0,"damage_taken":21.0}],"is_beta":true,"boss_relics":[{"not_picked":["Busted Crown","White Beast Statue"],"picked":"Pandora\u0027s Box"},{"not_picked":["Astrolabe","Tiny House"],"picked":"Mark of Pain"}],"items_purged_floors":[5],"is_endless":false,"potions_floor_spawned":[1,24,25,31,33,36],"killed_by":"Writhing Mass","ascension_level":15}