{"path_per_floor":["M","?","T","M","M","R","E","R","T","?","R","M","?","$","R","B",null,"M","?","M","M","?","R","M","?","T","M","M","R","?","M","R","B",null,"M","?","?","M","?"],"character_chosen":"THE_SILENT","items_purchased":["After Image"],"gold_per_floor":[114,114,114,134,153,153,188,188,188,188,188,203,278,134,134,234,234,252,252,272,285,285,285,297,222,249,263,275,275,275,294,294,399,399,415,415,415,435,435,435],"floor_reached":40,"campfire_rested":0,"playtime":4015,"current_hp_per_floor":[70,70,70,70,70,70,64,64,64,50,50,49,38,38,38,33,70,61,61,48,38,38,38,38,38,38,28,26,26,49,39,39,2,70,60,60,60,53,53,0],"items_purged":["Strike_G"],"gold":435,"score":386,"play_id":"93ede9d3-2a39-4f44-a80d-b68c16c32cb4","local_time":"20180408214946","is_prod":false,"is_daily":false,"is_ascension_mode":false,"campfire_upgraded":7,"timestamp":1523238586,"path_taken":["M","?","?","M","?","R","E","R","T","?","R","M","?","$","R","BOSS","M","?","M","M","?","R","M","?","T","?","M","R","?","M","R","BOSS","M","?","?","?","?","BOSS"],"build_version":"2018-04-05v2","purchased_purges":1,"victory":false,"master_deck":["Defend_G","Defend_G","Defend_G","Defend_G","Defend_G+1","Strike_G","Strike_G","Strike_G+1","Survivor","Neutralize+1","Deflect","Noxious Fumes+1","Dodge and Roll+1","Calculated Gamble+1","Acrobatics+1","After Image","Tactician+1","Acrobatics+1","Reflex+1","Catalyst+1","Reflex+1","Prepared+1","Tools of the Trade","Catalyst+1"],"max_hp_per_floor":[70,70,70,70,70,70,70,70,70,70,70,70,70,70,70,70,70,70,70,70,70,70,70,70,70,70,70,70,70,70,70,70,70,70,70,70,70,70,70,70],"relics":["Orrery"],"card_choices":[{"not_picked":["Finisher","Slice"],"picked":"Deflect","floor":0},{"not_picked":["Quick Slash","Underhanded Strike"],"picked":"Noxious Fumes","floor":0},{"not_picked":["Accuracy","Distraction"],"picked":"Dodge and Roll","floor":0},{"not_picked":["Flying Knee","Endless Agony"],"picked":"Calculated Gamble","floor":0},{"not_picked":["Bullet Time","Setup"],"picked":"Acrobatics","floor":4},{"not_picked":["Phantasmal Killer","Bullet Time"],"picked":"Tactician","floor":16},{"not_picked":["Dash","Sucker Punch"],"picked":"Acrobatics","floor":18},{"not_picked":["Expertise","Backflip"],"picked":"Reflex","floor":20},{"not_picked":["Deadly Poison","Calculated Gamble"],"picked":"Catalyst","floor":21},{"not_picked":["Bane","Cloak And Dagger"],"picked":"Reflex","floor":28},{"not_picked":["Distraction","PiercingWail"],"picked":"Prepared","floor":31},{"not_picked":["Venomology","After Image"],"picked":"Tools of the Trade","floor":33}],"player_experience":777835,"potions_floor_usage":[18,28,33,33,35,40],"damage_taken":[{"damage":0,"enemies":"Jaw Worm","floor":1,"turns":5},{"damage":0,"enemies":"Small Slimes","floor":4,"turns":4},{"damage":0,"enemies":"Cultist","floor":5,"turns":4},{"damage":6,"enemies":"3 Sentries","floor":7,"turns":9},{"damage":1,"enemies":"Large Slime","floor":12,"turns":7},{"damage":5,"enemies":"The Guardian","floor":16,"turns":14},{"damage":9,"enemies":"3 Byrds","floor":18,"turns":6},{"damage":13,"enemies":"Spheric Guardian","floor":20,"turns":7},{"damage":10,"enemies":"Centurion and Healer","floor":21,"turns":10},{"damage":0,"enemies":"Sentry and Sphere","floor":24,"turns":7},{"damage":10,"enemies":"3 Cultists","floor":27,"turns":6},{"damage":2,"enemies":"Snecko","floor":28,"turns":7},{"damage":10,"enemies":"Cultist and Chosen","floor":31,"turns":8},{"damage":37,"enemies":"Champ","floor":33,"turns":21},{"damage":10,"enemies":"3 Shapes","floor":35,"turns":6},{"damage":7,"enemies":"3 Darklings","floor":38,"turns":6},{"damage":62,"enemies":"Time Eater","floor":40,"turns":11}],"event_choices":[{"event_name":"Living Wall","player_choice":"Grow","floor":2,"damage_taken":0},{"event_name":"Shining Light","player_choice":"Entered Light","floor":10,"damage_taken":0},{"event_name":"World of Goop","player_choice":"Gather Gold","floor":13,"damage_taken":0},{"event_name":"Drug Dealer","player_choice":"Ignored","floor":19,"damage_taken":0},{"event_name":"Ghosts","player_choice":"Ignored","floor":22,"damage_taken":0},{"event_name":"Beggar","player_choice":"Gave Gold","floor":25,"damage_taken":0},{"event_name":"The Library","player_choice":"Heal","floor":30,"damage_taken":0},{"event_name":"Duplicator","player_choice":"One dupe","floor":36,"damage_taken":0},{"event_name":"Tomb of Lord Red Mask","player_choice":"Ignored","floor":37,"damage_taken":0},{"event_name":"SecretPortal","player_choice":"Took Portal.","floor":39,"damage_taken":0}],"boss_relics":[{"not_picked":["Runic Pyramid","Snecko Eye","Pandora\u0027s Box"]},{"not_picked":["Runic Pyramid","Snecko Eye","Pandora\u0027s Box"]}],"potions_floor_spawned":[5,7,12,20,27,28,35],"seed_played":"150361094690493239","killed_by":"Time Eater","ascension_level":0,"is_trial":false}