{"gold_per_floor":[114,114,114,127,147,172,172,199,199,83,111,111,111,125,125,197,197,207,207,217,117,42,77,96,110,110,138,150,150,178,197,197,274,274,292,292,292,51,62,62,87,87,114,147,147,193,2,29,29,29,29,29,29,58,78],"floor_reached":56,"playtime":2113,"items_purged":["Strike_R","Strike_R"],"score":2197,"play_id":"0d6b8872-ca48-46eb-9dcb-d38f29ae7a5c","local_time":"20190424232215","is_ascension_mode":true,"campfire_choices":[{"floor":7,"key":"REST"},{"data":"Bludgeon","floor":12,"key":"SMITH"},{"data":"Anger","floor":15,"key":"SMITH"},{"data":"Armaments","floor":29,"key":"SMITH"},{"data":"Strike_R","floor":32,"key":"PURGE"},{"data":"True Grit","floor":40,"key":"SMITH"},{"floor":42,"key":"RECALL"},{"data":"Regret","floor":49,"key":"PURGE"},{"data":"Injury","floor":52,"key":"PURGE"}],"neow_cost":"NONE","seed_source_timestamp":1239222457083845,"circlet_count":0,"master_deck":["AscendersBane","Defend_R","Defend_R","Defend_R","Defend_R","Bash+1","Anger+1","Headbutt","Shrug It Off","Clothesline","Bludgeon+1","Uppercut+1","Shrug It Off","Immolate+1","True Grit+1","Armaments+1","Shockwave","Shrug It Off+1","Exhume","Reaper+1","Inflame","Corruption+1","True Grit+1","The Bomb","Magnetism","Bludgeon+1","Barricade"],"relics":["Burning Blood","Meat on the Bone","Kunai","Juzu Bracelet","Molten Egg 2","Orichalcum","Snecko Eye","Pen Nib","Oddly Smooth Stone","Peace Pipe","Cursed Key","Paper Frog","Happy Flower","Sundial","Strawberry","DollysMirror","Bronze Scales","Shuriken"],"potions_floor_usage":[8,18,50,54,55],"damage_taken":[{"damage":11,"enemies":"Small Slimes","floor":1,"turns":4},{"damage":5,"enemies":"Cultist","floor":4,"turns":4},{"damage":7,"enemies":"Jaw Worm","floor":5,"turns":3},{"damage":47,"enemies":"3 Sentries","floor":6,"turns":9},{"damage":5,"enemies":"Gremlin Nob","floor":8,"turns":3},{"damage":18,"enemies":"Lagavulin","floor":11,"turns":5},{"damage":3,"enemies":"2 Fungi Beasts","floor":14,"turns":3},{"damage":0,"enemies":"Slime Boss","floor":16,"turns":6},{"damage":0,"enemies":"Spheric Guardian","floor":18,"turns":3},{"damage":6,"enemies":"3 Byrds","floor":20,"turns":4},{"damage":15,"enemies":"Slavers","floor":23,"turns":4},{"damage":6,"enemies":"3 Cultists","floor":24,"turns":3},{"damage":0,"enemies":"Snake Plant","floor":25,"turns":2},{"damage":1,"enemies":"Book of Stabbing","floor":27,"turns":2},{"damage":3,"enemies":"Sentry and Sphere","floor":28,"turns":3},{"damage":1,"enemies":"Gremlin Leader","floor":30,"turns":4},{"damage":4,"enemies":"Centurion and Healer","floor":31,"turns":5},{"damage":22,"enemies":"Collector","floor":33,"turns":7},{"damage":5,"enemies":"3 Darklings","floor":35,"turns":4},{"damage":0,"enemies":"3 Shapes","floor":39,"turns":2},{"damage":0,"enemies":"Reptomancer","floor":41,"turns":2},{"damage":23,"enemies":"Giant Head","floor":44,"turns":8},{"damage":34,"enemies":"Nemesis","floor":48,"turns":5},{"damage":15,"enemies":"Donu and Deca","floor":50,"turns":6},{"damage":33,"enemies":"Shield and Spear","floor":54,"turns":5},{"damage":67,"enemies":"The Heart","floor":55,"turns":8}],"seed_played":"-3492499583459392310","potions_obtained":[{"floor":1,"key":"Poison Potion"},{"floor":8,"key":"AttackPotion"},{"floor":11,"key":"Weak Potion"},{"floor":14,"key":"Fruit Juice"},{"floor":18,"key":"AttackPotion"},{"floor":54,"key":"SkillPotion"}],"is_trial":false,"path_per_floor":["M","?","?","M","M","E","R","E","T","$","E","R","?","M","R","B",null,"M","$","M","$","?","E","M","M","T","E","M","R","E","M","R","B",null,"M","?","?","$","M","R","E","R","T","E","?","T","$","E","R","B",null,"R","$","E","B",null],"character_chosen":"IRONCLAD","items_purchased":["Uppercut+1","Paper Frog","DollysMirror"],"campfire_rested":1,"item_purchase_floors":[10,38,47],"current_hp_per_floor":[63,37,37,50,49,20,42,55,55,55,55,55,51,54,54,60,71,80,80,80,80,80,71,71,77,77,80,80,80,80,80,80,64,76,77,77,77,77,80,80,80,80,80,63,53,60,60,44,44,52,78,78,78,64,43],"gold":78,"neow_bonus":"UPGRADE_CARD","is_prod":false,"is_daily":false,"chose_seed":false,"campfire_upgraded":4,"win_rate":0,"timestamp":1556162535,"path_taken":["M","?","?","M","M","E","R","E","T","$","E","R","?","M","R","BOSS","M","?","M","$","?","E","M","M","T","E","M","R","E","M","R","BOSS","M","?","?","$","M","R","E","R","T","E","?","?","$","E","R","BOSS","R","$","E","BOSS"],"build_version":"2019-04-23","purchased_purges":2,"victory":true,"max_hp_per_floor":[75,75,75,75,75,75,75,75,75,75,75,75,75,75,75,75,75,80,80,80,80,80,80,80,80,80,80,80,80,80,80,80,80,80,80,80,80,80,80,80,80,80,80,80,80,87,87,87,87,87,87,87,87,87,87],"card_choices":[{"not_picked":["Feel No Pain","Perfected Strike"],"picked":"Anger","floor":1},{"not_picked":["Clash","Clothesline"],"picked":"Headbutt","floor":4},{"not_picked":["Cleave","Sentinel"],"picked":"Shrug It Off","floor":5},{"not_picked":["Feel No Pain","Armaments"],"picked":"Clothesline","floor":6},{"not_picked":["Inflame","Heavy Blade"],"picked":"Bludgeon","floor":8},{"not_picked":["Sever Soul+1","Havoc","Twin Strike+1"],"picked":"SKIP","floor":11},{"not_picked":["Rupture","Thunderclap+1"],"picked":"Shrug It Off","floor":14},{"not_picked":["Reaper+1","Bludgeon+1"],"picked":"Immolate+1","floor":16},{"not_picked":["Dropkick+1","Flex","Warcry"],"picked":"SKIP","floor":18},{"not_picked":["Shrug It Off","Iron Wave+1"],"picked":"True Grit","floor":20},{"not_picked":["Evolve","Exhume"],"picked":"Juggernaut","floor":23},{"not_picked":["True Grit","Hemokinesis+1"],"picked":"Armaments","floor":24},{"not_picked":["Body Slam+1","Wild Strike+1"],"picked":"Shockwave","floor":25},{"not_picked":["Uppercut+1","Wild Strike+1"],"picked":"Shrug It Off+1","floor":27},{"not_picked":["Cleave+1","Sword Boomerang+1","Warcry"],"picked":"SKIP","floor":28},{"not_picked":["Sword Boomerang+1","Warcry","Perfected Strike+1"],"picked":"SKIP","floor":30},{"not_picked":["Metallicize","Anger+1"],"picked":"Exhume","floor":31},{"not_picked":["Limit Break","Exhume"],"picked":"Reaper+1","floor":33},{"not_picked":["Iron Wave+1","Clothesline+1"],"picked":"Inflame","floor":35},{"not_picked":["True Grit","Hemokinesis+1","Reckless Charge+1"],"picked":"SKIP","floor":39},{"not_picked":["Body Slam+1","Armaments"],"picked":"Corruption+1","floor":41},{"not_picked":["Wild Strike+1","Reckless Charge+1"],"picked":"True Grit+1","floor":44},{"not_picked":["Madness","Flash of Steel+1"],"picked":"The Bomb","floor":45},{"not_picked":["Dramatic Entrance+1","Enlightenment"],"picked":"Magnetism","floor":45},{"not_picked":["Spot Weakness","Headbutt+1","Combust"],"picked":"SKIP","floor":48},{"not_picked":["Spot Weakness","Headbutt+1","Combust"],"picked":"SKIP","floor":48},{"not_picked":["Spot Weakness","Headbutt+1","Combust"],"picked":"SKIP","floor":48},{"not_picked":["Sword Boomerang+1","Metallicize"],"picked":"Barricade","floor":54}],"player_experience":2453972,"relics_obtained":[{"floor":6,"key":"Kunai"},{"floor":8,"key":"Juzu Bracelet"},{"floor":9,"key":"Molten Egg 2"},{"floor":11,"key":"Orichalcum"},{"floor":23,"key":"Pen Nib"},{"floor":26,"key":"Oddly Smooth Stone"},{"floor":30,"key":"Peace Pipe"},{"floor":41,"key":"Happy Flower"},{"floor":44,"key":"Sundial"},{"floor":46,"key":"Strawberry"},{"floor":48,"key":"Bronze Scales"},{"floor":54,"key":"Shuriken"}],"event_choices":[{"damage_healed":0,"gold_gain":0,"player_choice":"Success","damage_taken":26,"relics_obtained":["Meat on the Bone"],"max_hp_gain":0,"max_hp_loss":0,"event_name":"Scrap Ooze","floor":2,"gold_loss":0},{"cards_removed":["Strike_R"],"damage_healed":0,"gold_gain":0,"player_choice":"Forget","damage_taken":0,"max_hp_gain":0,"max_hp_loss":0,"event_name":"Living Wall","floor":3,"gold_loss":0},{"damage_healed":0,"gold_gain":0,"player_choice":"Bought 0 Potions","damage_taken":0,"max_hp_gain":0,"max_hp_loss":0,"event_name":"The Woman in Blue","floor":13,"gold_loss":0},{"cards_removed":["Strike_R"],"damage_healed":0,"gold_gain":0,"player_choice":"Gave Gold","damage_taken":0,"max_hp_gain":0,"max_hp_loss":0,"event_name":"Beggar","floor":22,"gold_loss":75},{"cards_removed":["Juggernaut"],"damage_healed":0,"gold_gain":0,"player_choice":"Removed Power","damage_taken":0,"max_hp_gain":0,"max_hp_loss":0,"event_name":"Falling","floor":36,"gold_loss":0},{"damage_healed":0,"gold_gain":0,"player_choice":"Ignored","damage_taken":0,"max_hp_gain":0,"max_hp_loss":0,"event_name":"Tomb of Lord Red Mask","floor":37,"gold_loss":0},{"damage_healed":0,"gold_gain":0,"player_choice":"Memory 3","damage_taken":10,"max_hp_gain":0,"max_hp_loss":0,"event_name":"SensoryStone","floor":45,"gold_loss":0}],"is_beta":true,"boss_relics":[{"not_picked":["Mark of Pain","Orrery"],"picked":"Snecko Eye"},{"not_picked":["Philosopher\u0027s Stone","Velvet Choker"],"picked":"Cursed Key"}],"items_purged_floors":[10,21],"is_endless":false,"potions_floor_spawned":[1,8,11,14,18,23,28,30,33,35,41,44,54],"ascension_level":15}