{"path_per_floor":["M","?","?","M","M","R","$","R","T","T","$","?","R","E","R","B",null,"M","?","$","?","?","M","R","M","T","R","E","M","$","M","R","B",null,"M","$","?","?","?","R","?","T","T","R","$","?","M","M","R","B"],"character_chosen":"THE_SILENT","items_purchased":["Noxious Fumes","Footwork","Fire Potion","Poison Potion","Swift Potion","Snake Skull"],"gold_per_floor":[112,112,112,126,146,146,66,66,66,147,72,72,72,113,113,206,206,227,227,7,7,7,30,30,50,75,75,110,125,25,48,48,143,143,159,14,14,14,14,14,14,14,68,68,68,0,25,45,45,45],"floor_reached":51,"campfire_rested":3,"playtime":1673,"current_hp_per_floor":[63,50,50,46,46,46,46,46,46,46,46,34,34,7,7,3,44,38,52,52,52,52,50,50,46,46,67,34,11,11,11,32,32,62,41,41,41,41,59,59,59,59,59,59,59,59,28,24,45,15],"items_purged":["Strike_G","Strike_G"],"gold":45,"score":1200,"play_id":"a32c0a08-fee9-4a2f-b9c1-3353f36cf3fd","local_time":"20180405234109","is_prod":false,"is_daily":false,"is_ascension_mode":true,"campfire_upgraded":7,"timestamp":1522986069,"path_taken":["M","?","?","?","M","R","?","R","T","?","$","?","R","E","R","BOSS","M","?","$","?","?","M","R","M","T","R","E","M","?","M","R","BOSS","M","$","?","?","?","R","?","?","T","R","?","?","M","M","R","BOSS"],"build_version":"2018-04-05","purchased_purges":3,"victory":true,"master_deck":["Defend_G","Defend_G+1","Defend_G","Strike_G+1","Survivor","Neutralize","AscendersBane","Poisoned Stab+1","Catalyst+1","Noxious Fumes+1","After Image+1","PiercingWail","Footwork","Noxious Fumes+1","Corpse Explosion+1","Deadly Poison","Outmaneuver+1","Writhe","Writhe","Writhe","Leg Sweep","Well Laid Plans"],"max_hp_per_floor":[63,63,58,58,58,58,58,58,58,58,58,58,58,58,58,58,58,58,72,72,72,72,72,72,72,72,72,72,72,72,72,72,72,72,72,72,72,72,72,72,72,72,72,72,72,72,72,72,72,72],"relics":["Ring of the Snake","Golden Idol","Unceasing Top","Matryoshka","Ancient Tea Set","Question Card","Lizard Tail","Mango","Juzu Bracelet","Dream Catcher","Anchor","Cursed Key","Snake Skull","Blood Vial","Ginger","Tiny Chest","Red Mask"],"card_choices":[{"not_picked":["Deflect","Backstab"],"picked":"Poisoned Stab","floor":1},{"not_picked":["Blade Dance","Cloak And Dagger"],"picked":"Poisoned Stab","floor":4},{"not_picked":["Bouncing Flask","Acrobatics"],"picked":"Catalyst","floor":5},{"not_picked":["Unload","Night Terror","Wraith Form"],"picked":"After Image","floor":16},{"not_picked":["Flechettes","Outmaneuver","Backflip"],"picked":"PiercingWail","floor":18},{"not_picked":["Flying Knee","Underhanded Strike","Slice"],"picked":"Noxious Fumes","floor":23},{"not_picked":["Prepared","Bullet Time","Calculated Gamble"],"picked":"Corpse Explosion","floor":28},{"not_picked":["Bane","Acrobatics","Cloak And Dagger"],"picked":"Deadly Poison","floor":29},{"not_picked":["Footwork","Underhanded Strike","Skewer"],"picked":"Outmaneuver","floor":35},{"not_picked":["Dagger Spray","Quick Slash","Infinite Blades"],"picked":"Leg Sweep","floor":48},{"not_picked":["Cloak And Dagger","Backstab","A Thousand Cuts"],"picked":"Well Laid Plans","floor":49}],"player_experience":688221,"potions_floor_usage":[16,25,29,31,35,47,48,48,50],"damage_taken":[{"damage":0,"enemies":"2 Louse","floor":1,"turns":4},{"damage":4,"enemies":"Small Slimes","floor":4,"turns":3},{"damage":0,"enemies":"Jaw Worm","floor":5,"turns":3},{"damage":27,"enemies":"Lagavulin","floor":14,"turns":4},{"damage":4,"enemies":"The Guardian","floor":16,"turns":8},{"damage":6,"enemies":"Chosen","floor":18,"turns":5},{"damage":2,"enemies":"Shell Parasite","floor":23,"turns":5},{"damage":4,"enemies":"Centurion and Healer","floor":25,"turns":6},{"damage":33,"enemies":"Book of Stabbing","floor":28,"turns":7},{"damage":23,"enemies":"Cultist and Chosen","floor":29,"turns":5},{"damage":0,"enemies":"Snake Plant","floor":31,"turns":4},{"damage":0,"enemies":"Champ","floor":33,"turns":8},{"damage":21,"enemies":"3 Shapes","floor":35,"turns":6},{"damage":33,"enemies":"3 Darklings","floor":47,"turns":3},{"damage":6,"enemies":"4 Shapes","floor":48,"turns":5},{"damage":68,"enemies":"Time Eater","floor":50,"turns":6}],"event_choices":[{"event_name":"Shining Light","player_choice":"Entered Light","floor":2,"damage_taken":0},{"event_name":"Golden Idol","player_choice":"Lose Max HP","floor":3,"damage_taken":0},{"event_name":"Scrap Ooze","player_choice":"success","floor":12,"damage_taken":12},{"event_name":"The Mausoleum","player_choice":"Yes","floor":19,"damage_taken":0},{"event_name":"Ghosts","player_choice":"Ignored","floor":21,"damage_taken":0},{"event_name":"Back to Basics","player_choice":"Elegance","floor":22,"damage_taken":0},{"event_name":"Purifier","player_choice":"One Purge","floor":38,"damage_taken":0},{"event_name":"Winding Halls","player_choice":"Writhe","floor":39,"damage_taken":0},{"event_name":"The Lab","player_choice":"Got Potions","floor":41,"damage_taken":0},{"event_name":"Tomb of Lord Red Mask","player_choice":"Paid","floor":46,"damage_taken":0}],"boss_relics":[{"not_picked":["Calling Bell","Ectoplasm"],"picked":"Lizard Tail"},{"not_picked":["Runic Pyramid","Snecko Eye"],"picked":"Cursed Key"}],"potions_floor_spawned":[14,28,47],"seed_played":"-3387642748720483544","ascension_level":13,"is_trial":false}