{"gold_per_floor":[113,1,1,22,197,197,238,238,265,265,33,54,77,120,120,243,243,259,284,159,159,174,174,194,194],"floor_reached":25,"playtime":2520,"items_purged":["Strike_G","Strike_G","Strike_G"],"score":211,"play_id":"2d51610e-f191-4386-8ac0-9e5e87ff9217","local_time":"20190506203243","is_ascension_mode":false,"campfire_choices":[{"data":"Neutralize","floor":6,"key":"SMITH"},{"data":"Quick Slash","floor":8,"key":"SMITH"},{"floor":15,"key":"REST"},{"floor":23,"key":"REST"}],"neow_cost":"NONE","seed_source_timestamp":171970545435526,"circlet_count":0,"master_deck":["Defend_G","Defend_G","Defend_G","Defend_G","Defend_G","Strike_G","Survivor","Neutralize+1","Expertise","Caltrops","Slice","Doubt","Quick Slash+1","Endless Agony","Footwork","Distraction","Doppelganger","Night Terror","Blade Dance+1","Well Laid Plans+1","Blade Dance+1"],"relics":["Ring of the Snake","Golden Idol","Bottled Flame","Orichalcum","Frozen Egg 2","WristBlade"],"potions_floor_usage":[7,14,16,16,22,22],"damage_taken":[{"damage":1,"enemies":"Cultist","floor":1,"turns":4},{"damage":0,"enemies":"Small Slimes","floor":4,"turns":4},{"damage":29,"enemies":"3 Sentries","floor":7,"turns":10},{"damage":5,"enemies":"2 Louse","floor":12,"turns":2},{"damage":2,"enemies":"Looter","floor":13,"turns":2},{"damage":9,"enemies":"Lagavulin","floor":14,"turns":6},{"damage":17,"enemies":"The Guardian","floor":16,"turns":17},{"damage":23,"enemies":"3 Byrds","floor":18,"turns":5},{"damage":15,"enemies":"Shell Parasite","floor":19,"turns":4},{"damage":25,"enemies":"Shelled Parasite and Fungi","floor":22,"turns":5},{"damage":26,"enemies":"Snake Plant","floor":24,"turns":6},{"damage":14,"enemies":"Centurion and Healer","floor":25,"turns":2}],"seed_played":"-5984243029110910261","potions_obtained":[{"floor":1,"key":"Weak Potion"},{"floor":12,"key":"AttackPotion"},{"floor":14,"key":"GamblersBrew"},{"floor":16,"key":"PowerPotion"},{"floor":18,"key":"Regen Potion"}],"is_trial":false,"path_per_floor":["M","$","?","M","?","R","E","R","T","?","$","M","M","E","R","B",null,"M","M","$","?","M","R","M","M"],"character_chosen":"THE_SILENT","items_purchased":["Caltrops","Block Potion","Footwork"],"campfire_rested":2,"item_purchase_floors":[2,11,11],"current_hp_per_floor":[76,76,71,71,71,71,42,42,42,42,42,37,35,26,47,30,71,48,33,33,33,17,38,12,0],"gold":194,"neow_bonus":"TEN_PERCENT_HP_BONUS","is_prod":false,"is_daily":false,"chose_seed":false,"campfire_upgraded":2,"win_rate":0.0,"timestamp":1557192763,"path_taken":["M","?","?","M","?","R","E","R","T","?","?","M","M","E","R","BOSS","M","M","$","?","M","R","M","M"],"build_version":"2019-01-23","purchased_purges":3,"victory":false,"max_hp_per_floor":[77,77,71,71,71,71,71,71,71,71,71,71,71,71,71,71,71,71,71,71,71,71,71,71,71],"card_choices":[{"not_picked":["Backflip","PiercingWail"],"picked":"Expertise","floor":1},{"not_picked":["Endless Agony","Poisoned Stab"],"picked":"Slice","floor":4},{"not_picked":["Flechettes","Poisoned Stab"],"picked":"Quick Slash","floor":7},{"not_picked":["Backflip","Riddle With Holes"],"picked":"Distraction","floor":12},{"not_picked":["PiercingWail","Skewer","Distraction"],"picked":"SKIP","floor":13},{"not_picked":["Infinite Blades","Quick Slash"],"picked":"Doppelganger","floor":14},{"not_picked":["Corpse Explosion","Malaise"],"picked":"Night Terror","floor":16},{"not_picked":["Dagger Throw+1","Slice+1"],"picked":"Blade Dance+1","floor":18},{"not_picked":["All Out Attack","Terror"],"picked":"Well Laid Plans+1","floor":19},{"not_picked":["Escape Plan","Quick Slash","Dagger Spray+1"],"picked":"SKIP","floor":22},{"not_picked":["Dodge and Roll","Dagger Throw+1"],"picked":"Blade Dance+1","floor":24}],"player_experience":18085,"relics_obtained":[{"floor":7,"key":"Bottled Flame"},{"floor":9,"key":"Orichalcum"},{"floor":14,"key":"Frozen Egg 2"}],"event_choices":[{"damage_healed":0,"gold_gain":0,"player_choice":"Lose Max HP","damage_taken":0,"relics_obtained":["Golden Idol"],"max_hp_gain":0,"max_hp_loss":6,"event_name":"Golden Idol","floor":3,"gold_loss":0},{"damage_healed":0,"gold_gain":175,"player_choice":"AGREE","damage_taken":0,"max_hp_gain":0,"max_hp_loss":0,"event_name":"Liars Game","floor":5,"gold_loss":0,"cards_obtained":["Doubt"]},{"damage_healed":0,"gold_gain":0,"cards_transformed":["Strike_G"],"player_choice":"Change","damage_taken":0,"max_hp_gain":0,"max_hp_loss":0,"event_name":"Living Wall","floor":10,"gold_loss":0,"cards_obtained":["Endless Agony"]},{"damage_healed":0,"gold_gain":0,"player_choice":"Ignored","damage_taken":0,"max_hp_gain":0,"max_hp_loss":0,"event_name":"Vampires","floor":21,"gold_loss":0}],"is_beta":false,"boss_relics":[{"not_picked":["Ring of the Serpent","Busted Crown"],"picked":"WristBlade"}],"items_purged_floors":[2,11,20],"is_endless":false,"potions_floor_spawned":[1,12,14,16,18],"killed_by":"Centurion and Healer","ascension_level":0}