{"gold_per_floor":[114,114,43,56,56,56,74,74,74,98,98,98,173,186,186,282,282,296,221,235,260,260,291,291,324,378,378,394,410,410,433,433,532,532,547,570,593,593,618,618,618],"floor_reached":41,"playtime":1520,"items_purged":[],"score":734,"play_id":"19313490-8e5e-4846-afab-5fb7a1629468","local_time":"20180814112229","is_ascension_mode":true,"campfire_choices":[{"data":"Neutralize","floor":6,"key":"SMITH"},{"data":"Cloak And Dagger","floor":12,"key":"SMITH"},{"data":"Sucker Punch","floor":15,"key":"SMITH"},{"floor":24,"key":"REST"},{"floor":27,"key":"REST"},{"floor":30,"key":"REST"},{"floor":32,"key":"REST"},{"floor":40,"key":"REST"}],"neow_cost":"","seed_source_timestamp":175053503037722,"circlet_count":0,"master_deck":["Defend_G","Defend_G","Defend_G","Defend_G","Defend_G","Strike_G","Strike_G","Strike_G","Strike_G","Survivor","Neutralize+1","AscendersBane","Quick Slash","Noxious Fumes+1","Backflip","Sucker Punch+1","Cloak And Dagger+1","After Image","Backstab","Cloak And Dagger+1","Cloak And Dagger+1","Backflip","Cloak And Dagger","Burst","Dodge and Roll+1","Infinite Blades","Dash","Noxious Fumes","Dash","Dagger Spray"],"relics":["Ring of the Snake","Golden Idol","Du-Vu Doll","Fusion Hammer","Ice Cream","Red Mask","Omamori","Orrery"],"potions_floor_usage":[10,21,23,31,39,39],"damage_taken":[{"damage":0,"enemies":"2 Louse","floor":1,"turns":3},{"damage":0,"enemies":"Cultist","floor":4,"turns":4},{"damage":1,"enemies":"Jaw Worm","floor":7,"turns":6},{"damage":4,"enemies":"Looter","floor":10,"turns":5},{"damage":0,"enemies":"2 Fungi Beasts","floor":14,"turns":3},{"damage":7,"enemies":"Hexaghost","floor":16,"turns":12},{"damage":16,"enemies":"2 Thieves","floor":18,"turns":4},{"damage":0,"enemies":"Shell Parasite","floor":20,"turns":6},{"damage":3,"enemies":"Chosen and Byrds","floor":21,"turns":7},{"damage":5,"enemies":"Gremlin Leader","floor":23,"turns":8},{"damage":32,"floor":25,"turns":6},{"damage":0,"enemies":"Snecko","floor":28,"turns":5},{"damage":13,"enemies":"Snake Plant","floor":29,"turns":5},{"damage":2,"enemies":"Cultist and Chosen","floor":31,"turns":6},{"damage":54,"enemies":"Automaton","floor":33,"turns":14},{"damage":0,"enemies":"Orb Walker","floor":35,"turns":4},{"damage":8,"enemies":"3 Darklings","floor":36,"turns":6},{"damage":16,"enemies":"4 Shapes","floor":37,"turns":6},{"damage":13,"enemies":"Transient","floor":39,"turns":5},{"damage":36,"enemies":"2 Orb Walkers","floor":41,"turns":3}],"seed_played":"681265085077008976","potions_obtained":[{"floor":4,"key":"SteroidPotion"},{"floor":10,"key":"Ancient Potion"},{"floor":21,"key":"Weak Potion"},{"floor":23,"key":"GhostInAJar"},{"floor":25,"key":"Regen Potion"},{"floor":33,"key":"LiquidBronze"},{"floor":37,"key":"GhostInAJar"}],"is_trial":false,"path_per_floor":["M","?","$","M","?","R","M","?","T","M","?","R","?","M","R","B",null,"M","?","M","M","?","E","R","?","T","R","M","M","R","M","R","B",null,"M","M","M","?","M","R"],"character_chosen":"THE_SILENT","items_purchased":["Noxious Fumes"],"campfire_rested":5,"item_purchase_floors":[3],"current_hp_per_floor":[59,59,59,59,59,59,58,58,58,54,54,54,43,43,43,36,54,38,38,38,35,35,30,48,16,16,34,34,21,39,52,60,6,47,47,39,23,23,10,28,0],"gold":618,"neow_bonus":"","is_prod":false,"is_daily":false,"chose_seed":false,"campfire_upgraded":3,"win_rate":0,"timestamp":1534270949,"path_taken":["M","?","$","M","?","R","M","?","T","M","?","R","?","?","R","BOSS","M","?","M","M","?","E","R","?","T","R","M","?","R","M","R","BOSS","M","M","M","?","M","R","E"],"build_version":"2018-08-13v2","purchased_purges":0,"victory":false,"max_hp_per_floor":[66,66,66,66,60,60,60,60,60,60,60,60,60,60,60,60,60,60,60,60,60,60,60,60,60,60,60,60,60,60,60,60,60,60,60,60,60,60,60,60,60],"card_choices":[{"not_picked":["Dodge and Roll","Acrobatics"],"picked":"Quick Slash","floor":1},{"not_picked":["Choke","Bane"],"picked":"Backflip","floor":4},{"not_picked":["Concentrate","Underhanded Strike"],"picked":"Sucker Punch","floor":7},{"not_picked":["Dodge and Roll","Prepared"],"picked":"Cloak And Dagger","floor":10},{"not_picked":["Accuracy","Sucker Punch","Distraction"],"picked":"SKIP","floor":14},{"not_picked":["Malaise","Phantasmal Killer"],"picked":"After Image","floor":16},{"not_picked":["Deadly Poison","Riddle With Holes"],"picked":"Backstab","floor":18},{"not_picked":["Sucker Punch","Tactician","Acrobatics"],"picked":"SKIP","floor":20},{"not_picked":["Sucker Punch","Blade Dance"],"picked":"Cloak And Dagger+1","floor":21},{"not_picked":["Slice","PiercingWail"],"picked":"Cloak And Dagger+1","floor":23},{"not_picked":["Slice","Concentrate","Sucker Punch"],"picked":"SKIP","floor":28},{"not_picked":["Flechettes","Catalyst"],"picked":"Backflip","floor":29},{"not_picked":["Bullet Time","Blade Dance"],"picked":"Cloak And Dagger","floor":31},{"not_picked":["Grand Finale","Envenom"],"picked":"Burst","floor":33},{"not_picked":["Deflect","Bane"],"picked":"Dodge and Roll+1","floor":34},{"not_picked":["Flying Knee+1","Slice+1"],"picked":"Infinite Blades","floor":34},{"not_picked":["Blade Dance","Reflex"],"picked":"Cloak And Dagger","floor":34},{"not_picked":["Well Laid Plans","Dagger Spray"],"picked":"Dash","floor":35},{"not_picked":["Sucker Punch","Outmaneuver+1"],"picked":"Noxious Fumes","floor":36},{"not_picked":["Infinite Blades","Crippling Poison"],"picked":"Dash","floor":37},{"not_picked":["Poisoned Stab+1","Bouncing Flask","Outmaneuver"],"picked":"SKIP","floor":39}],"player_experience":876503,"relics_obtained":[{"floor":9,"key":"Du-Vu Doll"},{"floor":23,"key":"Ice Cream"},{"floor":25,"key":"Red Mask"},{"floor":26,"key":"Omamori"}],"event_choices":[{"event_name":"Shining Light","player_choice":"Ignored","floor":2,"damage_taken":0},{"event_name":"Golden Idol","player_choice":"Lose Max HP","floor":5,"damage_taken":0},{"event_name":"Accursed Blacksmith","player_choice":"Forge","floor":8,"damage_taken":0},{"event_name":"Dead Adventurer","player_choice":"Searched \u00270\u0027 times","floor":11,"damage_taken":0},{"event_name":"World of Goop","player_choice":"Gather Gold","floor":13,"damage_taken":0},{"event_name":"Beggar","player_choice":"Gave Gold","floor":19,"damage_taken":0},{"event_name":"Ghosts","player_choice":"Ignored","floor":22,"damage_taken":0},{"event_name":"Masked Bandits","player_choice":"Fought Bandits","floor":25,"damage_taken":0},{"event_name":"NoteForYourself","player_choice":"Took Card","floor":38,"damage_taken":0}],"is_beta":true,"boss_relics":[{"not_picked":["Empty Cage","Velvet Choker"],"picked":"Fusion Hammer"},{"not_picked":["Black Star","Ring of the Serpent"],"picked":"Orrery"}],"items_purged_floors":[],"is_endless":false,"potions_floor_spawned":[4,10,21,23,25,33,35,37],"killed_by":"2 Orb Walkers","ascension_level":15}