{"gold_per_floor":[118,134,150,160,160,187,187,218,218,218,250,262,14,34,34,109,109,109,109,109,59,59,59,2,2,2,2,2,2,2,2,2,2,2,2,2,2,2,2,2,2],"floor_reached":41,"playtime":2428,"items_purged":[],"score":1080,"play_id":"44b7fcb4-5824-463a-8f0a-b5f57bfbf54b","local_time":"20190506145803","is_ascension_mode":true,"campfire_choices":[{"floor":7.0,"key":"REST"},{"floor":10.0,"key":"REST"},{"data":"Reinforced Body","floor":12.0,"key":"SMITH"},{"data":"Loop","floor":15.0,"key":"SMITH"},{"floor":25.0,"key":"REST"},{"data":"1","floor":32.0,"key":"LIFT"},{"data":"2","floor":40.0,"key":"LIFT"}],"neow_cost":"NONE","seed_source_timestamp":1196305067492095,"circlet_count":0,"master_deck":["AscendersBane","Strike_B","Strike_B","Defend_B","Defend_B","Defend_B","Defend_B","Zap+1","Dualcast","Ball Lightning","Loop+1","Cold Snap","Reinforced Body+1","Genetic Algorithm","BootSequence","Loop+1","Hologram+1","Electrodynamics","Conserve Battery","Conserve Battery","Gash+1","Glacier","Genetic Algorithm","Core Surge","Compile Driver+1","Biased Cognition","Glacier+1","Rebound"],"special_seed":0,"relics":["Cracked Core","FossilizedHelix","Question Card","Kunai","MawBank","Toy Ornithopter","Ectoplasm","Ginger","Mummified Hand","PreservedInsect","The Courier","Girya","Fusion Hammer"],"potions_floor_usage":[],"damage_taken":[{"damage":0.0,"enemies":"Cultist","floor":1.0,"turns":3.0},{"damage":4.0,"enemies":"Small Slimes","floor":2.0,"turns":3.0},{"damage":1.0,"enemies":"2 Louse","floor":3.0,"turns":3.0},{"damage":12.0,"enemies":"Gremlin Gang","floor":4.0,"turns":3.0},{"damage":32.0,"enemies":"Gremlin Nob","floor":6.0,"turns":4.0},{"damage":24.0,"enemies":"3 Sentries","floor":8.0,"turns":7.0},{"damage":0.0,"enemies":"Gremlin Nob","floor":11.0,"turns":4.0},{"damage":0.0,"enemies":"Looter","floor":14.0,"turns":3.0},{"damage":3.0,"enemies":"The Guardian","floor":16.0,"turns":11.0},{"damage":0.0,"enemies":"Chosen","floor":18.0,"turns":4.0},{"damage":9.0,"enemies":"Colosseum Slavers","floor":19.0,"turns":5.0},{"damage":0.0,"enemies":"Colosseum Nobs","floor":19.0,"turns":3.0},{"damage":14.0,"enemies":"Spheric Guardian","floor":22.0,"turns":4.0},{"damage":29.0,"enemies":"Slavers","floor":23.0,"turns":4.0},{"damage":0.0,"enemies":"Gremlin Leader","floor":28.0,"turns":6.0},{"damage":0.0,"enemies":"Centurion and Healer","floor":30.0,"turns":8.0},{"damage":0.0,"enemies":"Slavers","floor":31.0,"turns":4.0},{"damage":20.0,"enemies":"Collector","floor":33.0,"turns":14.0},{"damage":30.0,"enemies":"3 Darklings","floor":35.0,"turns":6.0},{"damage":0.0,"enemies":"3 Shapes","floor":37.0,"turns":4.0},{"damage":73,"enemies":"Reptomancer","floor":41,"turns":3}],"seed_played":"-1012266460964467566","potions_obtained":[{"floor":1.0,"key":"Fruit Juice"},{"floor":2.0,"key":"PowerPotion"},{"floor":8.0,"key":"Energy Potion"},{"floor":11.0,"key":"Explosive Potion"},{"floor":22.0,"key":"Fire Potion"},{"floor":23.0,"key":"FairyPotion"},{"floor":30.0,"key":"SteroidPotion"}],"is_trial":false,"path_per_floor":["M","M","M","M","?","E","R","E","T","R","E","R","$","M","R","B",null,"M","?","?","?","M","E","$","R","T","?","E","$","M","E","R","B",null,"M","?","M","?","?","R","E"],"character_chosen":"DEFECT","items_purchased":["Loop","Toy Ornithopter","Swift Potion"],"campfire_rested":3,"item_purchase_floors":[13,13,24],"current_hp_per_floor":[64,60,59,47,47,15,36,12,12,33,33,33,33,33,33,30,61,61,52,32,32,28,9,9,33,33,33,38,38,38,43,43,23,67,37,37,37,37,37,37,0],"gold":2,"neow_bonus":"UPGRADE_CARD","is_prod":false,"is_daily":false,"chose_seed":false,"campfire_upgraded":2,"win_rate":0,"timestamp":1557169083,"path_taken":["M","M","?","M","?","E","R","E","T","R","E","R","?","M","R","BOSS","M","?","?","?","?","E","?","R","T","?","E","$","?","E","R","BOSS","M","?","?","?","?","R","E"],"build_version":"2019-01-23","purchased_purges":0,"victory":false,"max_hp_per_floor":[71,71,71,71,71,71,71,71,71,71,71,71,71,71,71,71,71,71,71,76,76,81,81,81,81,81,81,81,81,81,81,81,81,81,81,81,81,81,81,81,81],"card_choices":[{"not_picked":["Hello World","Turbo","Chaos"],"picked":"SKIP","floor":1.0},{"not_picked":["Hello World","Cold Snap"],"picked":"Ball Lightning","floor":2.0},{"not_picked":["Redo","Leap"],"picked":"Loop","floor":3.0},{"not_picked":["Stack","Compile Driver"],"picked":"Cold Snap","floor":4.0},{"not_picked":["Skim","Double Energy"],"picked":"Reinforced Body","floor":6.0},{"not_picked":["Meteor Strike","Sweeping Beam"],"picked":"Genetic Algorithm","floor":8.0},{"not_picked":["Barrage","FTL","Rip and Tear"],"picked":"BootSequence","floor":11.0},{"not_picked":["Compile Driver","Doom and Gloom","Ball Lightning"],"picked":"Hologram","floor":14.0},{"not_picked":["Seek","Biased Cognition","Buffer"],"picked":"Electrodynamics","floor":16.0},{"not_picked":["Stack","Leap","Reinforced Body"],"picked":"Conserve Battery","floor":18.0},{"not_picked":["Go for the Eyes","White Noise","Scrape"],"picked":"Conserve Battery","floor":19.0},{"not_picked":["Hologram","Reprogram","Sweeping Beam"],"picked":"Gash+1","floor":22.0},{"not_picked":["Barrage","Streamline","Reinforced Body+1"],"picked":"Glacier","floor":23.0},{"not_picked":["Cold Snap","Steam Power","Gash"],"picked":"Core Surge","floor":28.0},{"not_picked":["Heatsinks","Conserve Battery","Coolheaded"],"picked":"Compile Driver+1","floor":30.0},{"not_picked":["Redo","Stack","Coolheaded","Barrage"],"picked":"SKIP","floor":31.0},{"not_picked":["Creative AI","Electrodynamics","Reboot"],"picked":"Biased Cognition","floor":33.0},{"not_picked":["Leap","Cold Snap","Streamline"],"picked":"Glacier+1","floor":35.0},{"not_picked":["Loop","Genetic Algorithm+1","Go for the Eyes","Rainbow"],"picked":"SKIP","floor":37.0}],"player_experience":2408920,"relics_obtained":[{"floor":6.0,"key":"FossilizedHelix"},{"floor":8.0,"key":"Question Card"},{"floor":9.0,"key":"Kunai"},{"floor":11.0,"key":"MawBank"},{"floor":19.0,"key":"Ginger"},{"floor":19.0,"key":"Mummified Hand"},{"floor":23.0,"key":"PreservedInsect"},{"floor":28.0,"key":"The Courier"},{"floor":31.0,"key":"Girya"}],"event_choices":[{"damage_healed":0.0,"max_hp_gain":0.0,"max_hp_loss":0.0,"gold_gain":0.0,"event_name":"Upgrade Shrine","player_choice":"Upgraded","floor":5.0,"gold_loss":0.0,"damage_taken":0.0,"cards_upgraded":["Loop"]},{"damage_healed":0.0,"max_hp_gain":0.0,"max_hp_loss":0.0,"gold_gain":0.0,"event_name":"Colosseum","player_choice":"Fight","floor":19.0,"gold_loss":0.0,"damage_taken":0.0},{"damage_healed":0.0,"max_hp_gain":0.0,"max_hp_loss":0.0,"gold_gain":0.0,"event_name":"Colosseum","player_choice":"Fought Nobs","floor":19.0,"gold_loss":0.0,"damage_taken":0.0},{"damage_healed":0.0,"max_hp_gain":5.0,"max_hp_loss":0.0,"gold_gain":0.0,"event_name":"Forgotten Altar","player_choice":"Shed Blood","floor":20.0,"gold_loss":0.0,"damage_taken":25.0},{"damage_healed":0.0,"max_hp_gain":0.0,"max_hp_loss":0.0,"gold_gain":0.0,"event_name":"Designer","player_choice":"Upgrade","floor":21.0,"gold_loss":50.0,"damage_taken":0.0,"cards_upgraded":["Hologram"]},{"damage_healed":0.0,"max_hp_gain":0.0,"max_hp_loss":0.0,"gold_gain":0.0,"event_name":"Duplicator","player_choice":"Copied","floor":27.0,"gold_loss":0.0,"damage_taken":0.0,"cards_obtained":["Genetic Algorithm"]},{"damage_healed":0.0,"max_hp_gain":0.0,"max_hp_loss":0.0,"gold_gain":0.0,"cards_transformed":["Strike_B"],"event_name":"Transmorgrifier","player_choice":"Transformed","floor":36.0,"gold_loss":0.0,"damage_taken":0.0,"cards_obtained":["Rebound"]},{"damage_healed":0.0,"max_hp_gain":0.0,"max_hp_loss":0.0,"gold_gain":0.0,"event_name":"The Moai Head","player_choice":"Ignored","floor":38.0,"gold_loss":0.0,"damage_taken":0.0},{"cards_removed":["Strike_B"],"damage_healed":0.0,"max_hp_gain":0.0,"max_hp_loss":0.0,"gold_gain":0.0,"event_name":"Purifier","player_choice":"Purged","floor":39.0,"gold_loss":0.0,"damage_taken":0.0}],"is_beta":false,"boss_relics":[{"not_picked":["Philosopher\u0027s Stone","Snecko Eye"],"picked":"Ectoplasm"},{"not_picked":["Velvet Choker","Eternal Feather"],"picked":"Fusion Hammer"}],"items_purged_floors":[],"is_endless":false,"potions_floor_spawned":[1,2,8,11,19,22,23,30],"killed_by":"Reptomancer","ascension_level":20}