{"gold_per_floor":[109,109,76,76,96,125,125,145,192,227,245,258,258,277,277,277],"floor_reached":16,"playtime":1208,"items_purged":[],"score":151,"play_id":"4ac3c840-2ad0-4dab-a03f-3c4e264093f0","local_time":"20181124232211","is_ascension_mode":true,"campfire_choices":[{"floor":13.0,"key":"RECALL"},{"floor":15.0,"key":"REST"}],"neow_cost":"NONE","seed_source_timestamp":0,"circlet_count":0,"master_deck":["Strike_R","Strike_R","Strike_R","Strike_R","Strike_R","Defend_R","Defend_R","Defend_R","Defend_R","Bash","Heavy Blade+1","Flame Barrier","Seeing Red","Pummel+1","Iron Wave","Anger","Armaments","Sword Boomerang"],"special_seed":0,"relics":["Burning Blood","NeowsBlessing","Smiling Mask","Lantern"],"potions_floor_usage":[16],"damage_taken":[{"damage":0.0,"enemies":"2 Louse","floor":1.0,"turns":1.0},{"damage":0.0,"enemies":"Jaw Worm","floor":5.0,"turns":1.0},{"damage":0.0,"enemies":"Gremlin Nob","floor":6.0,"turns":1.0},{"damage":11.0,"enemies":"Cultist","floor":8.0,"turns":4.0},{"damage":62.0,"enemies":"3 Sentries","floor":10.0,"turns":16.0},{"damage":11.0,"enemies":"Looter","floor":11.0,"turns":3.0},{"damage":0.0,"enemies":"Gremlin Gang","floor":12.0,"turns":4.0},{"damage":14.0,"enemies":"Red Slaver","floor":14.0,"turns":2.0},{"damage":58,"enemies":"Slime Boss","floor":16,"turns":12}],"seed_played":"3846182135449409340","potions_obtained":[{"floor":1.0,"key":"LiquidBronze"},{"floor":8.0,"key":"Regen Potion"},{"floor":10.0,"key":"EssenceOfSteel"},{"floor":11.0,"key":"SteroidPotion"}],"is_trial":false,"path_per_floor":["M","?","$","?","M","E","?","M","T","E","M","M","R","M","R","B"],"character_chosen":"IRONCLAD","items_purchased":["Flame Barrier"],"campfire_rested":1,"item_purchase_floors":[3],"current_hp_per_floor":[80,80,80,80,80,80,80,75,75,34,29,35,35,27,51,0],"gold":277,"neow_bonus":"THREE_ENEMY_KILL","is_prod":false,"is_daily":false,"chose_seed":false,"campfire_upgraded":0,"win_rate":0,"timestamp":1543119731,"path_taken":["M","?","$","?","M","E","?","M","T","E","?","M","R","M","R","BOSS"],"build_version":"2018-11-15","purchased_purges":0,"victory":false,"max_hp_per_floor":[80,80,80,80,80,80,80,80,80,80,80,80,80,80,80,80],"card_choices":[{"not_picked":["Corruption","Sword Boomerang"],"picked":"Heavy Blade","floor":1.0},{"not_picked":["True Grit","Anger"],"picked":"Seeing Red","floor":5.0},{"not_picked":["Fire Breathing","Body Slam"],"picked":"Pummel","floor":6.0},{"not_picked":["Fiend Fire","Havoc"],"picked":"Iron Wave","floor":8.0},{"not_picked":["Ghostly Armor","Dropkick"],"picked":"Anger","floor":10.0},{"not_picked":["Sever Soul","Heavy Blade"],"picked":"Armaments","floor":11.0},{"not_picked":["Battle Trance","Shrug It Off","Wild Strike"],"picked":"SKIP","floor":12.0},{"not_picked":["Dark Embrace","Shrug It Off"],"picked":"Sword Boomerang","floor":14.0}],"player_experience":366901,"relics_obtained":[{"floor":6.0,"key":"Smiling Mask"},{"floor":10.0,"key":"Lantern"}],"event_choices":[{"damage_healed":0.0,"max_hp_gain":0.0,"max_hp_loss":0.0,"gold_gain":0.0,"event_name":"Living Wall","player_choice":"Grow","floor":2.0,"gold_loss":0.0,"damage_taken":0.0,"cards_upgraded":["Heavy Blade"]},{"damage_healed":0.0,"max_hp_gain":0.0,"max_hp_loss":0.0,"gold_gain":0.0,"event_name":"The Cleric","player_choice":"Leave","floor":4.0,"gold_loss":0.0,"damage_taken":0.0},{"damage_healed":0.0,"max_hp_gain":0.0,"max_hp_loss":0.0,"gold_gain":0.0,"event_name":"Accursed Blacksmith","player_choice":"Forge","floor":7.0,"gold_loss":0.0,"damage_taken":0.0,"cards_upgraded":["Pummel"]}],"is_beta":false,"boss_relics":[],"items_purged_floors":[],"is_endless":false,"potions_floor_spawned":[1,8,10,11],"killed_by":"Slime Boss","ascension_level":2}