{"gold_per_floor":[119,119,133,151,51,81,81,101,150,150,170,11,11,27,27,105,105,120,120,120,10,22,22,52,83,95,107,119,131],"floor_reached":29,"playtime":540,"items_purged":["Pain"],"score":486,"play_id":"e6e39354-7053-4ab5-a675-672cc26c08b6","local_time":"20190327224504","is_ascension_mode":true,"campfire_choices":[{"data":"Defragment","floor":7,"key":"SMITH"},{"floor":10,"key":"REST"},{"data":"Loop","floor":13,"key":"SMITH"},{"data":"Echo Form","floor":15,"key":"SMITH"},{"floor":23,"key":"REST"},{"floor":27,"key":"REST"}],"neow_cost":"NONE","seed_source_timestamp":301289449681473,"circlet_count":0,"master_deck":["AscendersBane","Strike_B","Strike_B","Strike_B","Defend_B","Defend_B","Defend_B","Defend_B","Zap+1","Dualcast","Defragment+1","Ball Lightning","Sweeping Beam","Cold Snap+1","Echo Form+1","Loop+1","Echo Form","Stack","Loop"],"relics":["Cracked Core","WarpedTongs","Shuriken","Vajra","Cursed Key","MawBank"],"potions_floor_usage":[14,16,24],"damage_taken":[{"damage":11,"enemies":"Small Slimes","floor":1,"turns":3},{"damage":3,"enemies":"Cultist","floor":3,"turns":3},{"damage":3,"enemies":"2 Louse","floor":4,"turns":1},{"damage":24,"enemies":"3 Sentries","floor":6,"turns":5},{"damage":8,"enemies":"Large Slime","floor":8,"turns":3},{"damage":13,"enemies":"Blue Slaver","floor":11,"turns":2},{"damage":0,"enemies":"Gremlin Gang","floor":14,"turns":1},{"damage":7,"enemies":"Hexaghost","floor":16,"turns":9},{"damage":27,"enemies":"Shell Parasite","floor":18,"turns":3},{"damage":12,"enemies":"Chosen","floor":22,"turns":3},{"damage":36,"enemies":"Book of Stabbing","floor":24,"turns":5},{"damage":8,"enemies":"3 Cultists","floor":25,"turns":4},{"damage":35,"enemies":"Snecko","floor":29,"turns":4}],"seed_played":"2788958342191767298","potions_obtained":[{"floor":6,"key":"AttackPotion"},{"floor":14,"key":"SteroidPotion"},{"floor":16,"key":"LiquidBronze"}],"is_trial":false,"path_per_floor":["M","?","M","M","$","E","R","M","T","R","M","$","R","M","R","B",null,"M","?","?","?","M","R","E","M","T","R","$","M"],"character_chosen":"DEFECT","items_purchased":["Cold Snap","Loop","Regen Potion"],"campfire_rested":3,"item_purchase_floors":[5,12,12],"current_hp_per_floor":[53,53,50,47,47,23,23,15,15,36,23,23,23,23,23,31,61,34,48,48,48,36,57,21,13,13,34,34,0],"gold":131,"neow_bonus":"UPGRADE_CARD","is_prod":false,"is_daily":false,"chose_seed":false,"campfire_upgraded":3,"win_rate":0,"timestamp":1553751904,"path_taken":["M","?","M","?","$","E","R","M","T","R","M","$","R","M","R","BOSS","M","?","?","?","?","R","E","M","T","R","?","M"],"build_version":"2019-03-15","purchased_purges":1,"victory":false,"max_hp_per_floor":[71,71,71,71,71,71,71,71,71,71,71,71,71,71,71,71,71,71,71,71,71,71,71,71,71,71,71,71,71],"card_choices":[{"not_picked":["Rebound","Redo"],"picked":"Defragment","floor":1},{"not_picked":["Beam Cell","Stack"],"picked":"Ball Lightning","floor":3},{"not_picked":["Reprogram","Fusion"],"picked":"Sweeping Beam","floor":4},{"not_picked":["Double Energy","Beam Cell"],"picked":"Echo Form","floor":6},{"not_picked":["Streamline","Scrape","Consume"],"picked":"SKIP","floor":8},{"not_picked":["Cold Snap","Barrage","Scrape"],"picked":"SKIP","floor":11},{"not_picked":["Double Energy","Lockon","Gash"],"picked":"SKIP","floor":14},{"not_picked":["Meteor Strike","Thunder Strike"],"picked":"Echo Form","floor":16},{"not_picked":["Scrape","Hologram","Genetic Algorithm"],"picked":"SKIP","floor":18},{"not_picked":["Barrage","Rebound"],"picked":"Stack","floor":22},{"not_picked":["Gash","Ball Lightning"],"picked":"Loop","floor":24},{"not_picked":["Gash","Scrape","Heatsinks"],"picked":"SKIP","floor":25}],"player_experience":1175882,"relics_obtained":[{"floor":6,"key":"Shuriken"},{"floor":9,"key":"Vajra"},{"floor":24,"key":"MawBank"}],"event_choices":[{"damage_healed":0,"gold_gain":0,"player_choice":"Rummage","damage_taken":0,"relics_obtained":["WarpedTongs"],"max_hp_gain":0,"max_hp_loss":0,"event_name":"Accursed Blacksmith","floor":2,"gold_loss":0,"cards_obtained":["Pain"]},{"damage_healed":14,"gold_gain":0,"player_choice":"Heal","damage_taken":0,"max_hp_gain":0,"max_hp_loss":0,"event_name":"The Library","floor":19,"gold_loss":0},{"damage_healed":0,"gold_gain":0,"player_choice":"Ignored","damage_taken":0,"max_hp_gain":0,"max_hp_loss":0,"event_name":"The Mausoleum","floor":20,"gold_loss":0},{"cards_removed":["Strike_B"],"damage_healed":0,"gold_gain":0,"player_choice":"Upgrade and Remove","damage_taken":0,"max_hp_gain":0,"max_hp_loss":0,"event_name":"Designer","floor":21,"gold_loss":110,"cards_upgraded":["Cold Snap"]}],"is_beta":true,"boss_relics":[{"not_picked":["Runic Dome","Sozu"],"picked":"Cursed Key"}],"items_purged_floors":[5],"is_endless":false,"potions_floor_spawned":[6,14,16,18],"killed_by":"Snecko","ascension_level":20}