{"gold_per_floor":[114,114,43,93,113,145,156,156,456,62,81,81],"floor_reached":12,"playtime":204,"items_purged":["Strike_R"],"score":180,"play_id":"caca38b2-e11f-44a2-9068-da4fdb084c5c","local_time":"20181225115259","is_ascension_mode":true,"campfire_choices":[],"neow_cost":"NONE","seed_source_timestamp":177304124479399,"circlet_count":0,"master_deck":["AscendersBane","Strike_R","Strike_R","Strike_R","Strike_R","Defend_R","Defend_R","Defend_R","Defend_R","Bash","True Grit","True Grit","Shrug It Off","Iron Wave","Battle Trance","Clothesline","Evolve+1","Body Slam"],"relics":["Burning Blood","NeowsBlessing","Turnip","Golden Idol","Old Coin","Frozen Egg 2"],"potions_floor_usage":[12,12],"damage_taken":[{"damage":0,"enemies":"Small Slimes","floor":1,"turns":1},{"damage":0,"enemies":"Cultist","floor":5,"turns":1},{"damage":0,"enemies":"Lagavulin","floor":6,"turns":1},{"damage":0,"enemies":"Jaw Worm","floor":7,"turns":4},{"damage":7,"enemies":"Exordium Wildlife","floor":11,"turns":6},{"damage":72,"enemies":"Gremlin Nob","floor":12,"turns":6}],"seed_played":"5542771629587519504","potions_obtained":[{"floor":5,"key":"FearPotion"},{"floor":6,"key":"Weak Potion"},{"floor":11,"key":"BloodPotion"}],"is_trial":false,"path_per_floor":["M","?","$","?","M","E","M","?","T","$","M","E"],"character_chosen":"IRONCLAD","items_purchased":["True Grit","Shrug It Off","Frozen Egg 2","Evolve+1"],"campfire_rested":0,"item_purchase_floors":[3,3,10,10],"current_hp_per_floor":[74,74,74,74,75,75,75,49,49,49,48,0],"gold":81,"neow_bonus":"THREE_ENEMY_KILL","is_prod":false,"is_daily":false,"chose_seed":false,"campfire_upgraded":0,"win_rate":0,"timestamp":1545763979,"path_taken":["M","?","$","?","M","E","?","?","T","$","M","E"],"build_version":"2018-12-20","purchased_purges":1,"victory":false,"max_hp_per_floor":[75,75,75,75,75,75,75,75,75,75,75,75],"card_choices":[{"not_picked":["Disarm","Armaments"],"picked":"True Grit","floor":1},{"not_picked":["Wild Strike","Heavy Blade"],"picked":"Iron Wave","floor":5},{"not_picked":["Havoc","Dropkick"],"picked":"Battle Trance","floor":6},{"not_picked":["Sword Boomerang","Pummel"],"picked":"Clothesline","floor":7},{"not_picked":["Evolve+1","Seeing Red"],"picked":"Body Slam","floor":11}],"player_experience":993338,"relics_obtained":[{"floor":6,"key":"Turnip"},{"floor":9,"key":"Old Coin"}],"event_choices":[{"damage_healed":0,"gold_gain":0,"player_choice":"Ignored","damage_taken":0,"max_hp_gain":0,"max_hp_loss":0,"event_name":"Liars Game","floor":2,"gold_loss":0},{"damage_healed":0,"gold_gain":50,"player_choice":"Pray","damage_taken":0,"max_hp_gain":0,"max_hp_loss":0,"event_name":"Golden Shrine","floor":4,"gold_loss":0},{"damage_healed":0,"gold_gain":0,"player_choice":"Take Damage","damage_taken":26,"relics_obtained":["Golden Idol"],"max_hp_gain":0,"max_hp_loss":0,"event_name":"Golden Idol","floor":8,"gold_loss":0}],"is_beta":true,"boss_relics":[],"items_purged_floors":[10],"is_endless":false,"potions_floor_spawned":[5,6,11],"killed_by":"Gremlin Nob","ascension_level":15}