{"gold_per_floor":[219,6,22,33,33,33,65,65,111,111,144,294,294,294,294,367,367,382,393,32,43,93,93,108,137,137,137,137,137,151,55,55,133,133,143,143,243,89,103,131,131,166,235,253,253,253,267,54,54,54,54,54,54,1,1],"floor_reached":55,"playtime":4185,"items_purged":["Doubt","Strike_B","Strike_B"],"score":2073,"play_id":"64ecac37-62c4-43af-9503-b905092c3c3a","local_time":"20190502114506","is_ascension_mode":true,"campfire_choices":[{"data":"Loop","floor":6.0,"key":"SMITH"},{"data":"Barrage","floor":8.0,"key":"SMITH"},{"floor":10.0,"key":"REST"},{"data":"Genetic Algorithm","floor":15.0,"key":"SMITH"},{"data":"Consume","floor":23.0,"key":"SMITH"},{"floor":27.0,"key":"REST"},{"floor":29.0,"key":"REST"},{"data":"Electrodynamics","floor":32.0,"key":"SMITH"},{"floor":41.0,"key":"RECALL"},{"floor":49.0,"key":"REST"},{"floor":53,"key":"REST"}],"neow_cost":"NONE","seed_source_timestamp":837850668205552,"circlet_count":0,"master_deck":["AscendersBane","Strike_B","Strike_B","Defend_B","Defend_B","Defend_B","Zap+1","Dualcast","Genetic Algorithm+1","Glacier","Loop+1","Barrage+1","Reinforced Body","Electrodynamics+1","Barrage+1","Ball Lightning","Ball Lightning","Consume+1","Leap+1","Glacier","Core Surge","Leap+1","Chill","Skim","Secret Weapon","Cold Snap+1","Doom and Gloom+1","Capacitor","Thunder Strike+1","Skim","Heatsinks+1"],"special_seed":0,"relics":["Cracked Core","Medical Kit","Orichalcum","Ancient Tea Set","Regal Pillow","Kunai","Bag of Preparation","Velvet Choker","Runic Capacitor","PreservedInsect","Letter Opener","Nilry\u0027s Codex","Orrery","FossilizedHelix","Molten Egg 2","Frozen Egg 2","Art of War"],"potions_floor_usage":[50,51,55],"damage_taken":[{"damage":6.0,"enemies":"Cultist","floor":1.0,"turns":3.0},{"damage":4.0,"enemies":"Small Slimes","floor":3.0,"turns":3.0},{"damage":7.0,"enemies":"Jaw Worm","floor":4.0,"turns":4.0},{"damage":18.0,"enemies":"Gremlin Nob","floor":7.0,"turns":4.0},{"damage":29.0,"enemies":"Lagavulin","floor":11.0,"turns":8.0},{"damage":20.0,"enemies":"The Guardian","floor":16.0,"turns":16.0},{"damage":18.0,"enemies":"Shell Parasite","floor":18.0,"turns":6.0},{"damage":0.0,"enemies":"3 Byrds","floor":19.0,"turns":2.0},{"damage":0.0,"enemies":"Snecko","floor":21.0,"turns":5.0},{"damage":20.0,"enemies":"Centurion and Healer","floor":24.0,"turns":3.0},{"damage":27.0,"enemies":"Gremlin Leader","floor":25.0,"turns":4.0},{"damage":6.0,"enemies":"Cultist and Chosen","floor":30.0,"turns":3.0},{"damage":0.0,"enemies":"Automaton","floor":33.0,"turns":8.0},{"damage":0.0,"enemies":"3 Shapes","floor":35.0,"turns":2.0},{"damage":0.0,"enemies":"Mind Bloom Boss Battle","floor":37.0,"turns":4.0},{"damage":11.0,"enemies":"3 Darklings","floor":39.0,"turns":5.0},{"damage":0.0,"enemies":"Nemesis","floor":40.0,"turns":7.0},{"damage":0.0,"enemies":"Reptomancer","floor":42.0,"turns":4.0},{"damage":16.0,"enemies":"Writhing Mass","floor":44.0,"turns":6.0},{"damage":0.0,"enemies":"Sphere and 2 Shapes","floor":47.0,"turns":3.0},{"damage":30,"enemies":"Time Eater","floor":50,"turns":11},{"damage":18,"enemies":"Awakened One","floor":51,"turns":17},{"damage":80,"enemies":"Shield and Spear","floor":55,"turns":5}],"seed_played":"7351689272466719466","potions_obtained":[{"floor":1.0,"key":"PowerPotion"},{"floor":11.0,"key":"Regen Potion"},{"floor":18.0,"key":"Weak Potion"},{"floor":24.0,"key":"FairyPotion"},{"floor":25.0,"key":"Dexterity Potion"},{"floor":30.0,"key":"GamblersBrew"},{"floor":37.0,"key":"FearPotion"},{"floor":39.0,"key":"GamblersBrew"},{"floor":42.0,"key":"Fire Potion"}],"is_trial":false,"path_per_floor":["M","$","M","M","?","R","E","R","T","R","E","?","T","?","R","B",null,"M","M","$","M","?","R","M","E","T","R","?","R","M","$","R","B",null,"M","?","?","$","M","E","R","E","T","M","T","?","M","$","R","B","B",null,"R","$","E"],"character_chosen":"DEFECT","items_purchased":["Medical Kit","Runic Capacitor","Ball Lightning","Glacier","Swift Potion","Fire Potion","Heatsinks+1","Swift Potion"],"campfire_rested":5,"item_purchase_floors":[2,20,20,31,31,38,48,54],"current_hp_per_floor":[58,58,54,47,29,29,11,11,11,47,18,18,18,18,18,13,57,39,39,39,39,39,39,19,7,7,43,22,58,52,52,52,52,66,66,66,66,66,55,55,55,55,55,39,39,39,39,39,71,41,23,59,71,71,0],"gold":1,"neow_bonus":"HUNDRED_GOLD","is_prod":false,"is_daily":false,"chose_seed":false,"campfire_upgraded":5,"win_rate":0,"timestamp":1556811906,"path_taken":["M","?","?","M","?","R","E","R","T","R","E","?","?","?","R","BOSS","M","M","$","?","?","R","M","E","T","R","?","R","M","?","R","BOSS","M","?","?","?","M","E","R","E","T","?","?","?","M","$","R","BOSS","BOSS","R","$","E"],"build_version":"2019-01-23","purchased_purges":3,"victory":false,"max_hp_per_floor":[71,71,71,71,71,71,71,71,71,71,71,71,71,71,71,71,71,71,71,71,71,71,71,71,71,71,71,71,71,71,71,71,71,71,71,71,71,71,71,71,71,71,71,71,71,71,71,71,71,71,71,71,71,71,71],"card_choices":[{"not_picked":["Redo","Beam Cell"],"picked":"Genetic Algorithm","floor":1.0},{"not_picked":["Chill","Undo"],"picked":"Glacier","floor":3.0},{"not_picked":["Fusion","Force Field"],"picked":"Loop","floor":4.0},{"not_picked":["Stack","Turbo"],"picked":"Barrage","floor":7.0},{"not_picked":["Rebound","Leap"],"picked":"Reinforced Body","floor":11.0},{"not_picked":["Rainbow","Fission"],"picked":"Electrodynamics","floor":16.0},{"not_picked":["Double Energy","Recycle"],"picked":"Barrage+1","floor":18.0},{"not_picked":["White Noise","Hologram+1"],"picked":"Ball Lightning","floor":19.0},{"not_picked":["Hologram","Coolheaded"],"picked":"Consume","floor":21.0},{"not_picked":["Tempest","Gash"],"picked":"Leap+1","floor":24.0},{"not_picked":["Stack","Conserve Battery","Redo+1"],"picked":"SKIP","floor":25.0},{"not_picked":["Sweeping Beam","Coolheaded","Turbo"],"picked":"SKIP","floor":30.0},{"not_picked":["Meteor Strike","Fission"],"picked":"Core Surge","floor":33.0},{"not_picked":["Turbo","Streamline+1"],"picked":"Leap+1","floor":34.0},{"not_picked":["Self Repair","Compile Driver"],"picked":"Chill","floor":34.0},{"not_picked":["Recycle","Sunder"],"picked":"Skim","floor":34.0},{"not_picked":["Gash","Hologram","Streamline+1"],"picked":"SKIP","floor":35.0},{"not_picked":["Bandage Up","Forethought"],"picked":"Secret Weapon","floor":36.0},{"not_picked":["Conserve Battery","Turbo"],"picked":"Cold Snap+1","floor":37.0},{"not_picked":["Conserve Battery","Consume+1"],"picked":"Doom and Gloom+1","floor":39.0},{"not_picked":["Leap","Gash"],"picked":"Capacitor","floor":40.0},{"not_picked":["Hologram+1","Steam Power"],"picked":"Thunder Strike+1","floor":42.0},{"not_picked":["Streamline+1","Steam","Reprogram"],"picked":"SKIP","floor":44.0},{"not_picked":["Recycle","Doom and Gloom+1"],"picked":"Skim","floor":47.0}],"player_experience":2248147,"relics_obtained":[{"floor":7.0,"key":"Ancient Tea Set"},{"floor":9.0,"key":"Regal Pillow"},{"floor":11.0,"key":"Kunai"},{"floor":13.0,"key":"Bag of Preparation"},{"floor":25.0,"key":"PreservedInsect"},{"floor":26.0,"key":"Letter Opener"},{"floor":28.0,"key":"Nilry\u0027s Codex"},{"floor":37.0,"key":"FossilizedHelix"},{"floor":40.0,"key":"Molten Egg 2"},{"floor":42.0,"key":"Frozen Egg 2"},{"floor":45.0,"key":"Art of War"}],"event_choices":[{"damage_healed":0.0,"max_hp_gain":0.0,"max_hp_loss":0.0,"gold_gain":0.0,"event_name":"Scrap Ooze","player_choice":"Success","floor":5.0,"gold_loss":0.0,"damage_taken":18.0,"relics_obtained":["Orichalcum"]},{"damage_healed":0.0,"max_hp_gain":0.0,"max_hp_loss":0.0,"gold_gain":150.0,"event_name":"Liars Game","player_choice":"AGREE","floor":12.0,"gold_loss":0.0,"damage_taken":0.0,"cards_obtained":["Doubt"]},{"damage_healed":0.0,"max_hp_gain":0.0,"max_hp_loss":0.0,"gold_gain":0.0,"event_name":"Accursed Blacksmith","player_choice":"Forge","floor":14.0,"gold_loss":0.0,"damage_taken":0.0,"cards_upgraded":["Zap"]},{"damage_healed":0.0,"max_hp_gain":0.0,"max_hp_loss":0.0,"gold_gain":50.0,"event_name":"Nest","player_choice":"Stole From Cult","floor":22.0,"gold_loss":0.0,"damage_taken":0.0},{"damage_healed":0.0,"max_hp_gain":0.0,"max_hp_loss":0.0,"gold_gain":0.0,"event_name":"Cursed Tome","player_choice":"Obtained Book","floor":28.0,"gold_loss":0.0,"damage_taken":21.0},{"damage_healed":0.0,"max_hp_gain":0.0,"max_hp_loss":0.0,"gold_gain":0.0,"event_name":"SensoryStone","player_choice":"Memory 1","floor":36.0,"gold_loss":0.0,"damage_taken":0.0},{"damage_healed":0.0,"max_hp_gain":0.0,"max_hp_loss":0.0,"gold_gain":0.0,"event_name":"MindBloom","player_choice":"Fight","floor":37.0,"gold_loss":0.0,"damage_taken":0.0},{"cards_removed":["Defend_B"],"damage_healed":0.0,"max_hp_gain":0.0,"max_hp_loss":0.0,"gold_gain":0.0,"event_name":"Falling","player_choice":"Removed Skill","floor":46.0,"gold_loss":0.0,"damage_taken":0.0}],"is_beta":false,"boss_relics":[{"not_picked":["Black Star","Busted Crown"],"picked":"Velvet Choker"},{"not_picked":["Pandora\u0027s Box","Philosopher\u0027s Stone"],"picked":"Orrery"}],"items_purged_floors":[20,38,48],"is_endless":false,"potions_floor_spawned":[1,11,18,24,25,30,37,39,42,44],"killed_by":"Shield and Spear","ascension_level":20}