{"gold_per_floor":[109,109,129,54,54,54,71,71,97,115,115,34,34,89,89,160,160,170,0,16,29,29,29,40,40,108,108,124,124],"floor_reached":29,"playtime":857,"items_purged":["Strike_G"],"score":415,"play_id":"0598ae00-ce08-4d82-b884-4adea8b49b1c","local_time":"20180824102402","is_ascension_mode":true,"campfire_choices":[{"data":"Neutralize","floor":6,"key":"SMITH"},{"data":"Defend_G","floor":8,"key":"SMITH"},{"data":"Deadly Poison","floor":11,"key":"SMITH"},{"data":"Noxious Fumes","floor":15,"key":"SMITH"},{"floor":23,"key":"REST"},{"data":"A Thousand Cuts","floor":27,"key":"SMITH"}],"neow_cost":"NONE","seed_source_timestamp":779444054334926,"circlet_count":0,"master_deck":["Defend_G","Defend_G","Defend_G","Defend_G","Defend_G+1","Strike_G","Strike_G","Strike_G","Strike_G","Survivor","Neutralize+1","AscendersBane","Backstab","Poisoned Stab","Deadly Poison+1","Dash","Noxious Fumes+1","A Thousand Cuts+1","Dodge and Roll","Dash"],"relics":["Ring of the Snake","Pen Nib","Pear","Velvet Choker","MutagenicStrength","The Courier"],"potions_floor_usage":[],"damage_taken":[{"damage":0,"enemies":"2 Louse","floor":1,"turns":3},{"damage":0,"enemies":"Jaw Worm","floor":3,"turns":5},{"damage":0,"enemies":"Cultist","floor":7,"turns":3},{"damage":0,"enemies":"Looter","floor":10,"turns":3},{"damage":3,"enemies":"Gremlin Nob","floor":14,"turns":3},{"damage":24,"enemies":"The Guardian","floor":16,"turns":9},{"damage":6,"enemies":"3 Byrds","floor":18,"turns":4},{"damage":12,"enemies":"Chosen","floor":20,"turns":5},{"damage":22,"enemies":"Sentry and Sphere","floor":21,"turns":6},{"damage":9,"enemies":"3 Cultists","floor":24,"turns":5},{"damage":19,"enemies":"Cultist and Chosen","floor":28,"turns":6},{"damage":26,"enemies":"Shelled Parasite and Fungi","floor":29,"turns":1}],"seed_played":"2404140238426772334","potions_obtained":[{"floor":1,"key":"EssenceOfSteel"},{"floor":14,"key":"AttackPotion"},{"floor":16,"key":"Dexterity Potion"},{"floor":21,"key":"Dexterity Potion"},{"floor":28,"key":"GhostInAJar"}],"is_trial":false,"path_per_floor":["M","?","M","$","?","R","M","R","T","M","R","$","$","?","R","B",null,"M","?","M","M","$","R","M","?","T","R","M"],"character_chosen":"THE_SILENT","items_purchased":["Noxious Fumes"],"campfire_rested":1,"item_purchase_floors":[12],"current_hp_per_floor":[59,59,59,59,59,59,59,59,59,59,59,59,59,66,66,42,68,62,62,50,28,28,50,41,41,41,41,22,0],"gold":124,"neow_bonus":"THREE_CARDS","is_prod":false,"is_daily":false,"chose_seed":false,"campfire_upgraded":5,"win_rate":0,"timestamp":1535131442,"path_taken":["M","?","?","$","?","R","M","R","T","M","R","?","$","?","R","BOSS","M","?","M","M","$","R","M","?","T","R","M","M"],"build_version":"2018-08-23v2","purchased_purges":1,"victory":false,"max_hp_per_floor":[66,66,66,66,66,66,66,66,66,66,66,66,66,76,76,76,76,76,76,76,76,76,76,76,76,76,76,76,76],"card_choices":[{"not_picked":["Prepared","Heel Hook"],"picked":"Backstab","floor":0},{"not_picked":["Riddle With Holes","Setup","Slice"],"picked":"SKIP","floor":1},{"not_picked":["Quick Slash","Heel Hook"],"picked":"Poisoned Stab","floor":3},{"not_picked":["Heel Hook","Flechettes"],"picked":"Deadly Poison","floor":7},{"not_picked":["Quick Slash","Choke"],"picked":"Dash","floor":10},{"not_picked":["Glass Knife","Burst"],"picked":"A Thousand Cuts","floor":16},{"not_picked":["Underhanded Strike","Sucker Punch"],"picked":"Dodge and Roll","floor":18},{"not_picked":["Underhanded Strike","Sucker Punch"],"picked":"Dash","floor":20},{"not_picked":["Reflex","Flechettes","Outmaneuver"],"picked":"SKIP","floor":21},{"not_picked":["Deflect","Prepared","Dagger Spray"],"picked":"SKIP","floor":24},{"not_picked":["Dash","Catalyst","Expertise"],"picked":"SKIP","floor":28}],"player_experience":895678,"relics_obtained":[{"floor":9,"key":"Pen Nib"},{"floor":14,"key":"Pear"},{"floor":26,"key":"The Courier"}],"event_choices":[{"event_name":"Liars Game","player_choice":"disagreed","floor":2,"damage_taken":0},{"event_name":"Shining Light","player_choice":"Ignored","floor":5,"damage_taken":0},{"event_name":"Dead Adventurer","player_choice":"Searched \u00271\u0027 times","floor":14,"damage_taken":0},{"event_name":"Masked Bandits","player_choice":"Paid Fearfully","floor":19,"damage_taken":0},{"event_name":"Drug Dealer","player_choice":"Inject Mutagens","floor":25,"damage_taken":0}],"is_beta":true,"boss_relics":[{"not_picked":["Philosopher\u0027s Stone","Calling Bell"],"picked":"Velvet Choker"}],"items_purged_floors":[4],"is_endless":false,"potions_floor_spawned":[1,14,14,16,20,21,28],"killed_by":"Shelled Parasite and Fungi","ascension_level":19}