{"gold_per_floor":[360,510,528,123,136,136,136,136,214,214,226,261,281,281,281,355,355,372,351,51,51,51,51,100,118,172,187,12,12,24,34,34,113,113,124,49,49,7,61,61,94,109,109,123,137,163,2,13,13,13,13,13,13,13,38,38],"floor_reached":56,"playtime":2787,"items_purged":["Doubt","Strike_G","Strike_G","Shame"],"score":1839,"play_id":"fc4878fc-65a2-4277-93b0-c129e1391b8a","local_time":"20190508154010","is_ascension_mode":true,"campfire_choices":[{"data":"Dagger Spray","floor":6.0,"key":"SMITH"},{"floor":10.0,"key":"REST"},{"data":"Neutralize","floor":15.0,"key":"SMITH"},{"floor":23.0,"key":"REST"},{"floor":29.0,"key":"REST"},{"data":"Bouncing Flask","floor":32.0,"key":"SMITH"},{"floor":40.0,"key":"RECALL"},{"floor":49.0,"key":"REST"},{"data":"Strike_G","floor":53.0,"key":"PURGE"}],"neow_cost":"PERCENT_DAMAGE","seed_source_timestamp":1371224645627415,"circlet_count":0,"master_deck":["AscendersBane","Defend_G","Defend_G","Defend_G","Defend_G","Defend_G+1","Strike_G","Survivor+1","Neutralize+1","Dagger Spray+1","Poisoned Stab","Deadly Poison","Dagger Spray+1","Cloak And Dagger","Bouncing Flask+1","Leg Sweep","Night Terror","Catalyst+1","Burst","Leg Sweep","Acrobatics+1","Backflip+1","Bouncing Flask+1","Deflect+1"],"special_seed":0,"relics":["Ring of the Snake","Membership Card","Bronze Scales","Pantograph","Snake Skull","Eternal Feather","Singing Bowl","Sling","Orichalcum","Happy Flower","Lantern","TwistedFunnel","Fusion Hammer","Peace Pipe","Potion Belt","Bag of Marbles","Letter Opener","Blood Vial"],"potions_floor_usage":[],"damage_taken":[{"damage":0.0,"enemies":"2 Louse","floor":1.0,"turns":4.0},{"damage":0.0,"enemies":"Small Slimes","floor":3.0,"turns":4.0},{"damage":0.0,"enemies":"Jaw Worm","floor":5.0,"turns":4.0},{"damage":8.0,"enemies":"Blue Slaver","floor":11.0,"turns":3.0},{"damage":24.0,"enemies":"Gremlin Nob","floor":12.0,"turns":4.0},{"damage":0.0,"enemies":"Large Slime","floor":13.0,"turns":3.0},{"damage":14.0,"enemies":"The Guardian","floor":16.0,"turns":8.0},{"damage":13.0,"enemies":"Shell Parasite","floor":18.0,"turns":4.0},{"damage":19.0,"enemies":"2 Thieves","floor":19.0,"turns":4.0},{"damage":8.0,"enemies":"Colosseum Slavers","floor":21.0,"turns":6.0},{"damage":7.0,"enemies":"Snake Plant","floor":25.0,"turns":4.0},{"damage":29.0,"enemies":"Sentry and Sphere","floor":27.0,"turns":7.0},{"damage":4.0,"enemies":"Centurion and Healer","floor":30.0,"turns":7.0},{"damage":6.0,"enemies":"Snecko","floor":31.0,"turns":5.0},{"damage":40.0,"enemies":"Automaton","floor":33.0,"turns":6.0},{"damage":0.0,"enemies":"3 Shapes","floor":35.0,"turns":6.0},{"damage":15.0,"enemies":"2 Orb Walkers","floor":39.0,"turns":3.0},{"damage":3.0,"enemies":"Giant Head","floor":41.0,"turns":3.0},{"damage":0.0,"enemies":"Orb Walker","floor":42.0,"turns":2.0},{"damage":25.0,"enemies":"Spire Growth","floor":44.0,"turns":3.0},{"damage":0.0,"enemies":"Transient","floor":45.0,"turns":4.0},{"damage":23.0,"enemies":"Nemesis","floor":46.0,"turns":5.0},{"damage":5.0,"enemies":"Maw","floor":48.0,"turns":6.0},{"damage":52.0,"enemies":"Awakened One","floor":50.0,"turns":16.0},{"damage":28.0,"enemies":"Time Eater","floor":51.0,"turns":4.0},{"damage":64.0,"enemies":"Shield and Spear","floor":55.0,"turns":4.0},{"damage":42,"enemies":"The Heart","floor":56,"turns":3}],"seed_played":"2152438323984827380","potions_obtained":[{"floor":3.0,"key":"FearPotion"},{"floor":12.0,"key":"EssenceOfSteel"},{"floor":13.0,"key":"SkillPotion"},{"floor":19.0,"key":"Dexterity Potion"},{"floor":25.0,"key":"SkillPotion"},{"floor":35.0,"key":"SteroidPotion"},{"floor":41.0,"key":"SneckoOil"},{"floor":44.0,"key":"Weak Potion"},{"floor":46.0,"key":"SteroidPotion"}],"is_trial":false,"path_per_floor":["M","?","M","$","M","R","?","?","T","R","M","E","M","?","R","B",null,"M","M","$","?","?","R","T","M","T","M","$","R","M","M","R","B",null,"M","$","?","$","?","R","E","M","T","M","M","E","$","M","R","B","B",null,"R","$","E","B"],"character_chosen":"THE_SILENT","items_purchased":["Membership Card","Bronze Scales","Fire Potion","Deadly Poison","Singing Bowl","Sling","TwistedFunnel","Leg Sweep","Letter Opener","Block Potion"],"campfire_rested":4,"item_purchase_floors":[4,4,4,4,20,20,28,38,47,47],"current_hp_per_floor":[44,44,44,44,44,44,44,24,24,43,35,11,11,4,4,15,53,40,21,21,13,13,44,44,39,39,12,12,42,38,34,46,31,62,64,64,64,64,51,63,62,62,62,39,39,18,18,13,49,22,19,66,78,78,14,0],"gold":38,"neow_bonus":"TWO_FIFTY_GOLD","is_prod":false,"is_daily":false,"chose_seed":false,"campfire_upgraded":3,"win_rate":0,"timestamp":1557344410,"path_taken":["M","?","M","$","M","R","?","?","T","R","M","E","?","?","R","BOSS","M","M","$","?","?","R","?","M","T","M","?","R","?","M","R","BOSS","M","$","?","?","?","R","E","M","T","M","M","E","?","M","R","BOSS","BOSS","R","$","E","BOSS"],"build_version":"2019-01-23","purchased_purges":4,"victory":false,"max_hp_per_floor":[66,66,66,66,66,66,66,66,66,66,66,66,66,66,66,66,66,66,66,66,66,66,66,66,68,68,70,70,70,70,72,72,72,72,74,74,74,74,76,76,78,78,78,80,80,82,82,82,82,82,82,82,82,82,82,82],"card_choices":[{"not_picked":["Prepared","Sucker Punch"],"picked":"Dagger Spray","floor":1.0},{"not_picked":["Reflex","Outmaneuver"],"picked":"Poisoned Stab","floor":3.0},{"not_picked":["Slice","Dodge and Roll"],"picked":"Dagger Spray","floor":5.0},{"not_picked":["Masterful Stab","Accuracy"],"picked":"Cloak And Dagger","floor":11.0},{"not_picked":["Dagger Throw","Concentrate"],"picked":"Bouncing Flask","floor":12.0},{"not_picked":["Crippling Poison","Dagger Spray"],"picked":"Leg Sweep","floor":13.0},{"not_picked":["Bullet Time","Tools of the Trade"],"picked":"Night Terror","floor":16.0},{"not_picked":["Skewer","Poisoned Stab","Acrobatics"],"picked":"SKIP","floor":18.0},{"not_picked":["Flying Knee","Slice","Deadly Poison"],"picked":"SKIP","floor":19.0},{"not_picked":["Bane","Flying Knee","Backflip"],"picked":"Singing Bowl","floor":25.0},{"not_picked":["Dagger Throw","Prepared","Dagger Spray"],"picked":"Singing Bowl","floor":27.0},{"not_picked":["Poisoned Stab","Flying Knee"],"picked":"Catalyst+1","floor":30.0},{"not_picked":["Dodge and Roll","Flying Knee","Masterful Stab"],"picked":"Singing Bowl","floor":31.0},{"not_picked":["Doppelganger","Night Terror"],"picked":"Burst","floor":33.0},{"not_picked":["Dagger Spray+1","Underhanded Strike","Poisoned Stab"],"picked":"Singing Bowl","floor":35.0},{"not_picked":["Bane","Caltrops","Distraction"],"picked":"Singing Bowl","floor":39.0},{"not_picked":["Calculated Gamble","Glass Knife","Acrobatics"],"picked":"Singing Bowl","floor":41.0},{"not_picked":["Quick Slash","Predator"],"picked":"Acrobatics+1","floor":42.0},{"not_picked":["Blade Dance","Dodge and Roll","Eviscerate+1"],"picked":"Singing Bowl","floor":44.0},{"not_picked":["Quick Slash","Crippling Poison+1"],"picked":"Backflip+1","floor":45.0},{"not_picked":["Dagger Spray","Deflect","Infinite Blades+1"],"picked":"Singing Bowl","floor":46.0},{"not_picked":["Terror","Finisher+1"],"picked":"Bouncing Flask+1","floor":48.0},{"not_picked":["Deadly Poison","Distraction"],"picked":"Deflect+1","floor":55.0}],"player_experience":2476634,"relics_obtained":[{"floor":9.0,"key":"Pantograph"},{"floor":12.0,"key":"Snake Skull"},{"floor":24.0,"key":"Happy Flower"},{"floor":26.0,"key":"Lantern"},{"floor":39.0,"key":"Peace Pipe"},{"floor":41.0,"key":"Potion Belt"},{"floor":46.0,"key":"Bag of Marbles"},{"floor":55.0,"key":"Blood Vial"}],"event_choices":[{"damage_healed":0.0,"max_hp_gain":0.0,"max_hp_loss":0.0,"gold_gain":150.0,"event_name":"Liars Game","player_choice":"AGREE","floor":2.0,"gold_loss":0.0,"damage_taken":0.0,"cards_obtained":["Doubt"]},{"damage_healed":0.0,"max_hp_gain":0.0,"max_hp_loss":0.0,"gold_gain":0.0,"event_name":"Living Wall","player_choice":"Grow","floor":7.0,"gold_loss":0.0,"damage_taken":0.0,"cards_upgraded":["Dagger Spray"]},{"damage_healed":0.0,"max_hp_gain":0.0,"max_hp_loss":0.0,"gold_gain":0.0,"event_name":"Shining Light","player_choice":"Entered Light","floor":8.0,"gold_loss":0.0,"damage_taken":20.0,"cards_upgraded":["Defend_G","Survivor"]},{"cards_removed":["Strike_G"],"damage_healed":0.0,"max_hp_gain":0.0,"max_hp_loss":0.0,"gold_gain":0.0,"event_name":"Golden Wing","player_choice":"Card Removal","floor":14.0,"gold_loss":0.0,"damage_taken":7.0},{"damage_healed":0.0,"max_hp_gain":0.0,"max_hp_loss":0.0,"gold_gain":0.0,"event_name":"Colosseum","player_choice":"Fight","floor":21.0,"gold_loss":0.0,"damage_taken":0.0},{"damage_healed":0.0,"max_hp_gain":0.0,"max_hp_loss":0.0,"gold_gain":0.0,"event_name":"Colosseum","player_choice":"Fled From Nobs","floor":21.0,"gold_loss":0.0,"damage_taken":0.0},{"damage_healed":0.0,"max_hp_gain":0.0,"max_hp_loss":0.0,"gold_gain":0.0,"event_name":"Addict","player_choice":"Stole Relic","floor":22.0,"gold_loss":0.0,"damage_taken":0.0,"relics_obtained":["Orichalcum"],"cards_obtained":["Shame"]},{"damage_healed":0.0,"max_hp_gain":0.0,"max_hp_loss":0.0,"gold_gain":0.0,"event_name":"SecretPortal","player_choice":"Ignored","floor":37.0,"gold_loss":0.0,"damage_taken":0.0},{"damage_healed":0.0,"max_hp_gain":0.0,"max_hp_loss":0.0,"gold_gain":0.0,"event_name":"Mysterious Sphere","player_choice":"Fight","floor":39.0,"gold_loss":0.0,"damage_taken":0.0}],"is_beta":false,"boss_relics":[{"not_picked":["Philosopher\u0027s Stone","Calling Bell"],"picked":"Eternal Feather"},{"not_picked":["Astrolabe","Orrery"],"picked":"Fusion Hammer"}],"items_purged_floors":[4,20,28,36],"is_endless":false,"potions_floor_spawned":[3,5,12,13,19,21,25,35,41,44,46],"killed_by":"The Heart","ascension_level":20}