{"gold_per_floor":[111,36,36,36,57,57,72,72,72,87,126,208,221,256,256,352,352,368,368,389,389,439,439,61,94,94,118,156,156],"floor_reached":29,"playtime":1515,"items_purged":["Strike_B"],"score":542,"play_id":"a968c368-b5ea-4da2-ba7d-fb8f9cd4889c","local_time":"20190430232157","is_ascension_mode":true,"campfire_choices":[{"data":"Chaos","floor":6,"key":"SMITH"},{"data":"Doom and Gloom","floor":8,"key":"SMITH"},{"data":"Streamline","floor":15,"key":"SMITH"},{"floor":23,"key":"REST"}],"neow_cost":"NONE","seed_source_timestamp":709598904435703,"circlet_count":0,"master_deck":["AscendersBane","Strike_B+1","Strike_B+1","Defend_B","Defend_B","Defend_B","Defend_B","Zap","Dualcast","Streamline+1","Chaos+1","Doom and Gloom+1","Steam Power","Coolheaded","Echo Form","Biased Cognition","Undo","Auto Shields+1","BootSequence+1"],"relics":["White Beast Statue","Golden Idol","Thread and Needle","Omamori","Singing Bowl","Gremlin Horn","Velvet Choker","StoneCalendar","Medical Kit","Blood Vial","Whetstone","Cables","Question Card"],"potions_floor_usage":[11,11,16,18,25,27,28],"damage_taken":[{"damage":3,"enemies":"2 Louse","floor":1,"turns":3},{"damage":4,"enemies":"Jaw Worm","floor":5,"turns":4},{"damage":0,"enemies":"Small Slimes","floor":7,"turns":4},{"damage":4,"enemies":"Gremlin Gang","floor":10,"turns":3},{"damage":4,"enemies":"Lagavulin","floor":11,"turns":5},{"damage":2,"enemies":"Blue Slaver","floor":13,"turns":4},{"damage":25,"enemies":"Gremlin Nob","floor":14,"turns":4},{"damage":14,"enemies":"Hexaghost","floor":16,"turns":9},{"damage":0,"enemies":"3 Byrds","floor":18,"turns":4},{"damage":9,"enemies":"Shell Parasite","floor":20,"turns":5},{"damage":51,"enemies":"Slavers","floor":25,"turns":7},{"damage":0,"enemies":"Cultist and Chosen","floor":27,"turns":5},{"damage":15,"enemies":"Gremlin Leader","floor":28,"turns":7},{"damage":6,"enemies":"Centurion and Healer","floor":29,"turns":1}],"seed_played":"5492872700847184204","potions_obtained":[{"floor":1,"key":"Swift Potion"},{"floor":5,"key":"LiquidBronze"},{"floor":7,"key":"Block Potion"},{"floor":11,"key":"SteroidPotion"},{"floor":13,"key":"Strength Potion"},{"floor":16,"key":"Block Potion"},{"floor":18,"key":"Dexterity Potion"},{"floor":25,"key":"Swift Potion"},{"floor":27,"key":"Dexterity Potion"},{"floor":28,"key":"LiquidBronze"}],"is_trial":false,"path_per_floor":["M","$","?","?","M","R","M","R","T","M","E","T","M","E","R","B",null,"M","?","M","?","?","R","$","E","T","M","E","M"],"character_chosen":"DEFECT","items_purchased":["Medical Kit","Blood Vial"],"campfire_rested":1,"item_purchase_floors":[24,24],"current_hp_per_floor":[61,61,61,54,50,50,50,50,50,46,42,42,42,19,19,5,52,54,54,45,45,38,59,59,10,10,14,3,0],"gold":156,"neow_bonus":"BOSS_RELIC","is_prod":false,"is_daily":false,"chose_seed":false,"campfire_upgraded":3,"win_rate":0,"timestamp":1556680917,"path_taken":["M","$","?","?","M","R","M","R","T","M","E","?","M","E","R","BOSS","M","?","?","?","?","R","$","E","T","M","E","M"],"build_version":"2019-01-23","purchased_purges":1,"victory":false,"max_hp_per_floor":[71,71,64,64,64,64,64,64,64,64,64,64,66,68,68,68,68,70,70,70,70,70,70,70,70,70,72,74,74],"card_choices":[{"not_picked":["Compile Driver","Beam Cell"],"picked":"Streamline","floor":1},{"not_picked":["Auto Shields","Self Repair"],"picked":"Chaos","floor":5},{"not_picked":["Turbo","Fusion"],"picked":"Doom and Gloom","floor":7},{"not_picked":["Redo","Blizzard"],"picked":"Steam Power","floor":10},{"not_picked":["Static Discharge","Stack"],"picked":"Coolheaded","floor":11},{"not_picked":["Hologram","Melter","Stack"],"picked":"Singing Bowl","floor":13},{"not_picked":["Stack","Gash","Rebound"],"picked":"Singing Bowl","floor":14},{"not_picked":["Buffer","Core Surge"],"picked":"Echo Form","floor":16},{"not_picked":["Steam","Redo","Go for the Eyes"],"picked":"Singing Bowl","floor":18},{"not_picked":["Go for the Eyes+1","Genetic Algorithm"],"picked":"Auto Shields+1","floor":20},{"not_picked":["Consume","Rainbow"],"picked":"BootSequence+1","floor":25},{"not_picked":["Steam Power","Chill","Tempest"],"picked":"Singing Bowl","floor":27},{"not_picked":["Coolheaded","Leap","FTL"],"picked":"Singing Bowl","floor":28}],"player_experience":2172644,"relics_obtained":[{"floor":9,"key":"Thread and Needle"},{"floor":11,"key":"Omamori"},{"floor":12,"key":"Singing Bowl"},{"floor":14,"key":"Gremlin Horn"},{"floor":25,"key":"Whetstone"},{"floor":26,"key":"Cables"},{"floor":28,"key":"Question Card"}],"event_choices":[{"damage_healed":0,"gold_gain":0,"player_choice":"Lose Max HP","damage_taken":0,"relics_obtained":["Golden Idol"],"max_hp_gain":0,"max_hp_loss":7,"event_name":"Golden Idol","floor":3,"gold_loss":0},{"cards_removed":["Strike_B"],"damage_healed":0,"gold_gain":0,"player_choice":"Card Removal","damage_taken":7,"max_hp_gain":0,"max_hp_loss":0,"event_name":"Golden Wing","floor":4,"gold_loss":0},{"damage_healed":0,"gold_gain":0,"player_choice":"2 cards matched","damage_taken":0,"max_hp_gain":0,"max_hp_loss":0,"event_name":"Match and Keep!","floor":19,"gold_loss":0,"cards_obtained":["Biased Cognition","Undo"]},{"damage_healed":0,"gold_gain":0,"player_choice":"Opened","damage_taken":0,"relics_obtained":["StoneCalendar"],"max_hp_gain":0,"max_hp_loss":0,"event_name":"The Mausoleum","floor":21,"gold_loss":0,"cards_obtained":["Writhe"]},{"damage_healed":0,"gold_gain":50,"player_choice":"Touch","damage_taken":7,"max_hp_gain":0,"max_hp_loss":0,"event_name":"FaceTrader","floor":22,"gold_loss":0}],"is_beta":false,"boss_relics":[{"not_picked":["Runic Pyramid","Pandora\u0027s Box"],"picked":"Velvet Choker"}],"items_purged_floors":[2],"is_endless":false,"potions_floor_spawned":[1,5,7,10,11,13,14,16,18,20,25,27,28],"killed_by":"Centurion and Healer","ascension_level":20}