{"path_per_floor":["M","?","?","$","?","R","E","M","T","M","R","M","R","$","R","B",null,"M","M","?","?","M","E","R","E","T","$","R","?","R","M","R","B",null,"M","?","T","M","M","R","$","E","T"],"character_chosen":"THE_SILENT","items_purchased":["Strength Potion","Bag of Marbles","Accuracy","Footwork"],"gold_per_floor":[110,110,110,35,35,35,63,82,82,101,101,115,115,66,66,138,138,152,169,169,169,183,217,217,244,244,25,25,25,25,39,39,111,111,127,127,200,215,233,233,165,200,227,227],"floor_reached":44,"campfire_rested":0,"playtime":1566,"current_hp_per_floor":[56,61,46,46,43,43,25,25,25,25,25,25,25,25,25,2,55,55,55,55,55,37,36,36,35,49,49,49,49,49,49,49,4,66,66,56,56,53,35,47,47,29,29,0],"items_purged":["Parasite"],"gold":227,"score":804,"play_id":"9dbc63c2-a2fa-4c5d-9080-7d7763dbda4d","local_time":"20180401140206","is_prod":false,"is_daily":false,"is_ascension_mode":true,"campfire_upgraded":6,"timestamp":1522605726,"path_taken":["M","?","?","$","?","R","E","?","T","?","R","M","R","?","R","BOSS","M","M","?","?","?","E","R","E","T","$","R","?","R","M","R","BOSS","M","?","?","M","M","R","?","E","T","?"],"build_version":"2018-03-29v2","purchased_purges":5,"victory":false,"master_deck":["Defend_G+1","Defend_G+1","Defend_G+1","Defend_G+1","Defend_G+1","Strike_G+1","Strike_G+1","Strike_G+1","Strike_G+1","Strike_G+1","Survivor+1","Neutralize+1","AscendersBane","Adrenaline","Sucker Punch+1","Dagger Spray+1","Riddle With Holes","Storm of Steel+1","Dagger Throw","Reflex","Blade Dance+1","Calculated Gamble","Heel Hook","Accuracy+1","Finisher","Tactician","Dodge and Roll+1","Mind Blast+1","Sadistic Nature","Jack Of All Trades","Noxious Fumes+1","Footwork"],"max_hp_per_floor":[70,75,75,72,72,72,72,72,72,72,72,72,72,72,72,72,72,72,72,72,72,72,72,72,72,86,86,86,86,86,86,86,86,86,86,86,86,86,86,86,86,86,86,86],"relics":["Ring of the Snake","Bag of Preparation","Vajra","Girya","Runic Dome","Orichalcum","Snake Skull","Mango","Bag of Marbles","Eternal Feather","Dodecahedron","The Courier","Happy Flower"],"card_choices":[{"not_picked":["Grand Finale","Tools of the Trade"],"picked":"Adrenaline","floor":0},{"not_picked":["Deflect","Heel Hook"],"picked":"Sucker Punch","floor":1},{"not_picked":["Poisoned Stab","Deflect"],"picked":"Dagger Spray","floor":7},{"not_picked":["Bane","Leg Sweep"],"picked":"Riddle With Holes","floor":8},{"not_picked":["After Image","Venomology"],"picked":"Storm of Steel","floor":16},{"not_picked":["Prepared","Underhanded Strike"],"picked":"Dagger Throw","floor":18},{"not_picked":["Flying Knee","Deadly Poison"],"picked":"Reflex","floor":19},{"not_picked":["Flying Knee","Sucker Punch"],"picked":"Blade Dance","floor":22},{"not_picked":["Concentrate","Slice"],"picked":"Calculated Gamble","floor":23},{"not_picked":["Concentrate","Distraction"],"picked":"Heel Hook","floor":25},{"not_picked":["Slice","Acrobatics"],"picked":"Finisher","floor":31},{"not_picked":["Die Die Die","Corpse Explosion"],"picked":"Tactician","floor":33},{"not_picked":["Outmaneuver","Flechettes"],"picked":"Dodge and Roll","floor":35},{"not_picked":["Dramatic Entrance","Apotheosis"],"picked":"Mind Blast","floor":36},{"not_picked":["Trip","Jack Of All Trades"],"picked":"Sadistic Nature","floor":36},{"not_picked":["Swift Strike","Blind"],"picked":"Jack Of All Trades","floor":36},{"not_picked":["Slice","Dagger Spray"],"picked":"Noxious Fumes","floor":39}],"player_experience":645737,"potions_floor_usage":[16,16,16,23,25,33,39],"damage_taken":[{"damage":7,"enemies":"Small Slimes","floor":1,"turns":3},{"damage":18,"enemies":"3 Sentries","floor":7,"turns":10},{"damage":0,"enemies":"Jaw Worm","floor":8,"turns":2},{"damage":0,"enemies":"Cultist","floor":10,"turns":2},{"damage":0,"enemies":"Blue Slaver","floor":12,"turns":2},{"damage":23,"enemies":"Slime Boss","floor":16,"turns":6},{"damage":0,"enemies":"3 Byrds","floor":18,"turns":3},{"damage":0,"enemies":"Shell Parasite","floor":19,"turns":2},{"damage":18,"enemies":"Snake Plant","floor":22,"turns":2},{"damage":10,"enemies":"Gremlin Leader","floor":23,"turns":4},{"damage":1,"enemies":"Slavers","floor":25,"turns":2},{"damage":0,"enemies":"3 Cultists","floor":31,"turns":2},{"damage":45,"enemies":"Automaton","floor":33,"turns":7},{"damage":0,"enemies":"3 Shapes","floor":35,"turns":1},{"damage":3,"enemies":"3 Darklings","floor":38,"turns":2},{"damage":18,"enemies":"Maw","floor":39,"turns":5},{"damage":18,"enemies":"2 Orb Walkers","floor":42,"turns":4},{"damage":30,"enemies":"4 Shapes","floor":44,"turns":3}],"event_choices":[{"event_name":"Big Fish","player_choice":"Donut","floor":2,"damage_taken":0},{"event_name":"Shining Light","player_choice":"Entered Light","floor":3,"damage_taken":0},{"event_name":"Scrap Ooze","player_choice":"success","floor":5,"damage_taken":3},{"event_name":"Match and Keep!","player_choice":"0 cards matched","floor":20,"damage_taken":0},{"event_name":"Back to Basics","player_choice":"Simplicity","floor":21,"damage_taken":0},{"event_name":"Vampires","player_choice":"Ignored","floor":29,"damage_taken":0},{"event_name":"SensoryStone","player_choice":"Memory 3","floor":36,"damage_taken":0}],"boss_relics":[{"not_picked":["Black Star","Cursed Key"],"picked":"Runic Dome"},{"not_picked":["Pandora\u0027s Box","Tiny House"],"picked":"Eternal Feather"}],"potions_floor_spawned":[8,10,19,23,25,33,35],"seed_played":"-4941727253173103260","killed_by":"4 Shapes","ascension_level":13,"is_trial":false}