{"gold_per_floor":[10,10,22,22,97,97,107,135,135,154,154,164,89,121,121,200,200,220,230,280,293,166,166,199,214,214,246,246,274,274,291,291,363,363,378,478,492,492,76,76,104,104,104,104,133,23,38,64,64,64,64,64,15,41,41],"floor_reached":56,"playtime":2650,"items_purged":["Strike_R","Strike_R","Anger"],"score":2033,"play_id":"22dab4d6-0e83-4951-936b-c1cc23e832eb","local_time":"20190321203222","is_ascension_mode":true,"campfire_choices":[{"floor":6.0,"key":"REST"},{"data":"Inflame","floor":11.0,"key":"SMITH"},{"data":"Juggernaut","floor":15.0,"key":"SMITH"},{"data":"True Grit","floor":23.0,"key":"SMITH"},{"data":"Corruption","floor":28.0,"key":"SMITH"},{"data":"Fiend Fire","floor":32,"key":"SMITH"},{"floor":40,"key":"RECALL"},{"data":"Dark Embrace","floor":44,"key":"SMITH"},{"data":"Evolve","floor":49,"key":"SMITH"},{"data":"Burning Pact","floor":52,"key":"SMITH"}],"neow_cost":"NO_GOLD","seed_source_timestamp":722803227515971,"circlet_count":0,"master_deck":["AscendersBane","Strike_R","Strike_R","Defend_R","Defend_R","Defend_R+1","Defend_R","Bash+1","Headbutt+1","Metallicize","Shrug It Off","Inflame+1","Juggernaut+1","Reaper","Evolve+1","True Grit+1","Corruption+1","Power Through+1","Feed","Fiend Fire+1","Dark Embrace+1","Burning Pact+1","Battle Trance","Spot Weakness+1","Secret Technique","Battle Trance+1","Exhume","Second Wind"],"special_seed":0,"relics":["Burning Blood","Gambling Chip","Bird Faced Urn","Bag of Marbles","Torii","Darkstone Periapt","Coffee Dripper","Ornamental Fan","Letter Opener","Happy Flower","Pen Nib","Cursed Key","Ice Cream","Thread and Needle","Gremlin Horn","Strawberry","Anchor","Nunchaku"],"potions_floor_usage":[50,55,55],"damage_taken":[{"damage":1.0,"enemies":"Cultist","floor":1.0,"turns":3.0},{"damage":2.0,"enemies":"2 Louse","floor":3.0,"turns":4.0},{"damage":0.0,"enemies":"Small Slimes","floor":7.0,"turns":4.0},{"damage":28.0,"enemies":"Gremlin Nob","floor":8.0,"turns":5.0},{"damage":8.0,"enemies":"Looter","floor":10.0,"turns":3.0},{"damage":0.0,"enemies":"2 Fungi Beasts","floor":12.0,"turns":4.0},{"damage":13.0,"enemies":"Lagavulin","floor":14.0,"turns":6.0},{"damage":5.0,"enemies":"Hexaghost","floor":16.0,"turns":7.0},{"damage":2.0,"enemies":"Spheric Guardian","floor":18.0,"turns":4.0},{"damage":23.0,"enemies":"Chosen","floor":19.0,"turns":5.0},{"damage":19.0,"enemies":"Centurion and Healer","floor":21.0,"turns":7.0},{"damage":11.0,"enemies":"Gremlin Leader","floor":24.0,"turns":7.0},{"damage":35.0,"enemies":"Cultist and Chosen","floor":25.0,"turns":7.0},{"damage":58.0,"enemies":"Slavers","floor":27.0,"turns":6.0},{"damage":26,"enemies":"Gremlin Leader","floor":29,"turns":8},{"damage":2,"enemies":"Shelled Parasite and Fungi","floor":31,"turns":6},{"damage":41,"enemies":"Automaton","floor":33,"turns":12},{"damage":1,"enemies":"Orb Walker","floor":35,"turns":3},{"damage":8,"enemies":"Mind Bloom Boss Battle","floor":36,"turns":8},{"damage":13,"enemies":"3 Darklings","floor":37,"turns":8},{"damage":2,"enemies":"Nemesis","floor":41,"turns":7},{"damage":38,"enemies":"Giant Head","floor":45,"turns":8},{"damage":0,"enemies":"Maw","floor":47,"turns":4},{"damage":7,"enemies":"Reptomancer","floor":48,"turns":6},{"damage":70,"enemies":"Awakened One","floor":50,"turns":12},{"damage":30,"enemies":"Shield and Spear","floor":54,"turns":4},{"damage":70,"enemies":"The Heart","floor":55,"turns":8}],"seed_played":"-5957591237396793758","potions_obtained":[{"floor":8.0,"key":"GamblersBrew"},{"floor":10.0,"key":"PowerPotion"},{"floor":19.0,"key":"Fire Potion"},{"floor":24.0,"key":"Explosive Potion"},{"floor":36,"key":"PowerPotion"}],"is_trial":false,"path_per_floor":["M","?","M","?","?","R","M","E","T","M","R","M","$","E","R","B",null,"M","M","?","M","$","R","E","M","T","E","R","E","?","M","R","B",null,"M","?","M","?","$","R","E","?","T","R","E","?","M","E","R","B",null,"R","$","E","B",null],"character_chosen":"IRONCLAD","items_purchased":["True Grit","Thread and Needle","Block Potion"],"campfire_rested":1,"item_purchase_floors":[22,39,53],"current_hp_per_floor":[73,55,59,36,25,47,55,35,35,37,37,47,47,46,46,53,70,75,63,63,69,69,69,75,50,50,26,26,35,35,60,60,42,69,81,79,84,84,84,84,87,77,83,83,72,72,93,103,103,66,96,96,96,108,66],"gold":41,"neow_bonus":"ONE_RARE_RELIC","is_prod":false,"is_daily":false,"chose_seed":false,"campfire_upgraded":8,"win_rate":0,"timestamp":1553214742,"path_taken":["M","?","M","?","?","R","M","E","T","M","R","M","?","E","R","BOSS","M","M","?","M","$","R","E","M","T","E","R","E","?","?","R","BOSS","M","?","M","?","$","R","E","?","T","R","E","?","M","E","R","BOSS","R","$","E","BOSS"],"build_version":"2019-03-15","purchased_purges":3,"victory":true,"max_hp_per_floor":[75,75,75,75,75,75,75,75,75,75,75,75,75,75,75,75,75,75,75,75,75,75,75,75,75,75,75,75,75,75,78,78,78,78,81,81,84,84,84,84,87,87,93,93,100,100,103,103,103,106,106,106,106,109,109],"card_choices":[{"not_picked":["Clash","Twin Strike"],"picked":"Headbutt","floor":1.0},{"not_picked":["Second Wind","Iron Wave"],"picked":"Metallicize","floor":3.0},{"not_picked":["Headbutt","Armaments"],"picked":"Shrug It Off","floor":7.0},{"not_picked":["Heavy Blade","Sword Boomerang"],"picked":"Inflame","floor":8.0},{"not_picked":["Wild Strike","Entrench"],"picked":"Anger","floor":10.0},{"not_picked":["Searing Blow","Clothesline"],"picked":"Juggernaut","floor":12.0},{"not_picked":["Second Wind","Rupture","Reckless Charge"],"picked":"SKIP","floor":14.0},{"not_picked":["Offering","Demon Form"],"picked":"Reaper","floor":16.0},{"not_picked":["Heavy Blade+1","Cleave","Flex+1"],"picked":"SKIP","floor":18.0},{"not_picked":["Power Through","Twin Strike","Dropkick+1"],"picked":"SKIP","floor":19.0},{"not_picked":["Flex","Anger"],"picked":"Evolve","floor":21.0},{"not_picked":["Dual Wield+1","Sever Soul"],"picked":"Corruption","floor":24.0},{"not_picked":["Seeing Red","Headbutt","Reckless Charge"],"picked":"SKIP","floor":25.0},{"not_picked":["Heavy Blade","Cleave","Ghostly Armor"],"picked":"SKIP","floor":27.0},{"not_picked":["Thunderclap","Warcry"],"picked":"Power Through+1","floor":29},{"not_picked":["Fire Breathing","Sword Boomerang"],"picked":"Fiend Fire","floor":31},{"not_picked":["Berserk","Feed"],"picked":"Dark Embrace","floor":33},{"not_picked":["Pommel Strike","Clash","True Grit"],"picked":"SKIP","floor":35},{"not_picked":["Metallicize","Perfected Strike"],"picked":"Burning Pact","floor":36},{"not_picked":["Body Slam","Ghostly Armor"],"picked":"Battle Trance","floor":37},{"not_picked":["Wild Strike","Pommel Strike+1"],"picked":"Spot Weakness+1","floor":41},{"not_picked":["Bandage Up","Chrysalis"],"picked":"Secret Technique","floor":42},{"not_picked":["Sword Boomerang+1","Heavy Blade"],"picked":"Battle Trance+1","floor":45},{"not_picked":["Pommel Strike","Seeing Red","Rupture+1"],"picked":"SKIP","floor":47},{"not_picked":["Reckless Charge","Twin Strike+1"],"picked":"Exhume","floor":48},{"not_picked":["Combust+1","Inflame"],"picked":"Second Wind","floor":54}],"player_experience":2253155,"relics_obtained":[{"floor":8.0,"key":"Bag of Marbles"},{"floor":9.0,"key":"Torii"},{"floor":14.0,"key":"Darkstone Periapt"},{"floor":24.0,"key":"Ornamental Fan"},{"floor":26.0,"key":"Letter Opener"},{"floor":27.0,"key":"Happy Flower"},{"floor":29,"key":"Pen Nib"},{"floor":36,"key":"Ice Cream"},{"floor":41,"key":"Gremlin Horn"},{"floor":45,"key":"Strawberry"},{"floor":48,"key":"Anchor"},{"floor":54,"key":"Nunchaku"}],"event_choices":[{"damage_healed":0.0,"max_hp_gain":0.0,"max_hp_loss":0.0,"gold_gain":0.0,"event_name":"Scrap Ooze","player_choice":"Success","floor":2.0,"gold_loss":0.0,"damage_taken":18.0,"relics_obtained":["Bird Faced Urn"]},{"damage_healed":0.0,"max_hp_gain":0.0,"max_hp_loss":0.0,"gold_gain":0.0,"event_name":"Shining Light","player_choice":"Entered Light","floor":4.0,"gold_loss":0.0,"damage_taken":23.0,"cards_upgraded":["Bash","Defend_R"]},{"damage_healed":0.0,"max_hp_gain":0.0,"max_hp_loss":0.0,"gold_gain":75.0,"event_name":"World of Goop","player_choice":"Gather Gold","floor":5.0,"gold_loss":0.0,"damage_taken":11.0},{"damage_healed":0.0,"max_hp_gain":0.0,"max_hp_loss":0.0,"gold_gain":50.0,"event_name":"Nest","player_choice":"Stole From Cult","floor":20.0,"gold_loss":0.0,"damage_taken":0.0},{"damage_healed":0,"gold_gain":0,"cards_transformed":["Strike_R"],"player_choice":"Transformed","damage_taken":0,"max_hp_gain":0,"max_hp_loss":0,"event_name":"Transmorgrifier","floor":30,"gold_loss":0,"cards_obtained":["Feed"]},{"damage_healed":0,"gold_gain":0,"player_choice":"Fight","damage_taken":0,"max_hp_gain":0,"max_hp_loss":0,"event_name":"MindBloom","floor":36,"gold_loss":0},{"damage_healed":0,"gold_gain":0,"player_choice":"Ignored","damage_taken":0,"max_hp_gain":0,"max_hp_loss":0,"event_name":"Tomb of Lord Red Mask","floor":38,"gold_loss":0},{"damage_healed":0,"gold_gain":0,"player_choice":"Memory 3","damage_taken":10,"max_hp_gain":0,"max_hp_loss":0,"event_name":"SensoryStone","floor":42,"gold_loss":0},{"cards_removed":["Regret"],"damage_healed":0,"gold_gain":0,"player_choice":"Upgrade and Remove","damage_taken":0,"max_hp_gain":0,"max_hp_loss":0,"event_name":"Designer","floor":46,"gold_loss":110,"cards_upgraded":["Headbutt"]}],"is_beta":true,"boss_relics":[{"not_picked":["Eternal Feather","Runic Dome"],"picked":"Coffee Dripper"},{"not_picked":["Calling Bell","Philosopher\u0027s Stone"],"picked":"Cursed Key"}],"items_purged_floors":[13,22,39],"is_endless":false,"potions_floor_spawned":[8,10,12,19,24,25,36,41,45],"ascension_level":15}