{"gold_per_floor":[117,132,150,150,150,185,185,195,195,211,240,259,259,274,274,377,377,397,112,125,140,239,239],"floor_reached":23,"playtime":1354,"items_purged":["Storm of Steel"],"score":205,"play_id":"0d3a231f-c108-4b97-8a4b-199f404d93fb","local_time":"20190309233140","is_ascension_mode":false,"campfire_choices":[{"data":"Cloak And Dagger","floor":7,"key":"SMITH"},{"data":"Footwork","floor":13,"key":"SMITH"},{"data":"Catalyst","floor":15,"key":"SMITH"}],"neow_cost":"NONE","seed_source_timestamp":713381812785870,"circlet_count":0,"master_deck":["Survivor","Neutralize","Tools of the Trade+1","Underhanded Strike","Masterful Stab","Cloak And Dagger+1","Deadly Poison","Footwork+1","Flying Knee","Dodge and Roll","Footwork","Catalyst+1","Adrenaline","Distraction","Caltrops","Poisoned Stab+1","Crippling Poison","Deadly Poison","Night Terror","Quick Slash+1","Reflex","Tactician","Skewer+1","Footwork","Caltrops+1","Catalyst"],"relics":["Ring of the Snake","Regal Pillow","The Courier","Molten Egg 2","Pandora\u0027s Box","MealTicket"],"potions_floor_usage":[6,11,11,21,21,23],"damage_taken":[{"damage":1,"enemies":"Cultist","floor":1,"turns":4},{"damage":0,"enemies":"2 Louse","floor":2,"turns":3},{"damage":0,"enemies":"Small Slimes","floor":3,"turns":4},{"damage":11,"enemies":"3 Sentries","floor":6,"turns":8},{"damage":3,"enemies":"2 Fungi Beasts","floor":8,"turns":3},{"damage":2,"enemies":"Large Slime","floor":10,"turns":4},{"damage":2,"enemies":"Gremlin Nob","floor":11,"turns":3},{"damage":2,"enemies":"Blue Slaver","floor":12,"turns":3},{"damage":0,"enemies":"Looter","floor":14,"turns":3},{"damage":9,"enemies":"The Guardian","floor":16,"turns":10},{"damage":15,"enemies":"2 Thieves","floor":18,"turns":4},{"damage":9,"enemies":"Shell Parasite","floor":20,"turns":4},{"damage":9,"enemies":"Snake Plant","floor":21,"turns":2},{"damage":44,"enemies":"Gremlin Leader","floor":23,"turns":6}],"seed_played":"-3956783111007810492","potions_obtained":[{"floor":2,"key":"Fire Potion"},{"floor":8,"key":"Weak Potion"},{"floor":10,"key":"Poison Potion"},{"floor":12,"key":"LiquidBronze"},{"floor":14,"key":"Swift Potion"},{"floor":18,"key":"SkillPotion"},{"floor":20,"key":"EssenceOfSteel"}],"is_trial":false,"path_per_floor":["M","M","M","?","?","E","R","M","T","M","E","M","R","M","R","B",null,"M","$","M","M","?","E"],"character_chosen":"THE_SILENT","items_purchased":["Footwork","MealTicket"],"campfire_rested":0,"item_purchase_floors":[19,19],"current_hp_per_floor":[69,69,69,55,70,59,59,56,56,54,52,50,50,50,50,41,70,55,55,46,37,37,0],"gold":239,"neow_bonus":"ONE_RANDOM_RARE_CARD","is_prod":false,"is_daily":false,"chose_seed":false,"campfire_upgraded":3,"win_rate":0,"timestamp":1552192300,"path_taken":["M","?","M","?","?","E","R","M","T","M","E","M","R","?","R","BOSS","M","$","M","M","?","E"],"build_version":"2019-01-23","purchased_purges":1,"victory":false,"max_hp_per_floor":[70,70,70,70,70,70,70,70,70,70,70,70,70,70,70,70,70,70,70,70,70,70,70],"card_choices":[{"not_picked":["Predator","Poisoned Stab"],"picked":"Underhanded Strike","floor":1},{"not_picked":["Finisher","Poisoned Stab"],"picked":"Masterful Stab","floor":2},{"not_picked":["Sucker Punch","Prepared"],"picked":"Cloak And Dagger","floor":3},{"not_picked":["Heel Hook","Crippling Poison"],"picked":"Deadly Poison","floor":6},{"not_picked":["Dodge and Roll","Deflect"],"picked":"Footwork","floor":8},{"not_picked":["Predator","Tools of the Trade"],"picked":"Flying Knee","floor":10},{"not_picked":["Outmaneuver","Slice"],"picked":"Dodge and Roll","floor":11},{"not_picked":["Flying Knee+1","Sucker Punch+1"],"picked":"Footwork","floor":12},{"not_picked":["Dodge and Roll","Tactician"],"picked":"Catalyst","floor":14},{"not_picked":["Storm of Steel","Doppelganger"],"picked":"Adrenaline","floor":16},{"not_picked":["Terror+1","Prepared"],"picked":"Skewer+1","floor":18},{"not_picked":["Quick Slash+1","Outmaneuver"],"picked":"Caltrops+1","floor":20},{"not_picked":["Infinite Blades","Skewer+1"],"picked":"Catalyst","floor":21}],"player_experience":654823,"relics_obtained":[{"floor":6,"key":"Regal Pillow"},{"floor":9,"key":"The Courier"},{"floor":11,"key":"Molten Egg 2"}],"event_choices":[{"damage_healed":0,"gold_gain":0,"player_choice":"Entered Light","damage_taken":14,"max_hp_gain":0,"max_hp_loss":0,"event_name":"Shining Light","floor":4,"gold_loss":0,"cards_upgraded":["Tools of the Trade","Defend_G"]},{"damage_healed":15,"gold_gain":0,"player_choice":"Full Heal","damage_taken":0,"max_hp_gain":0,"max_hp_loss":0,"event_name":"Wheel of Change","floor":5,"gold_loss":0},{"damage_healed":0,"gold_gain":99,"player_choice":"Stole From Cult","damage_taken":0,"max_hp_gain":0,"max_hp_loss":0,"event_name":"Nest","floor":22,"gold_loss":0}],"is_beta":false,"boss_relics":[{"not_picked":["Sozu","Snecko Eye"],"picked":"Pandora\u0027s Box"}],"items_purged_floors":[19],"is_endless":false,"potions_floor_spawned":[2,8,10,12,14,18,20],"killed_by":"Gremlin Leader","ascension_level":0}