{"path_per_floor":["M","$","?","M","M","R","M","E","T","E","M","M","M","M","R","B",null,"M","?","M","$","M","R","E"],"character_chosen":"THE_SILENT","items_purchased":["Noxious Fumes","Ice Cream"],"gold_per_floor":[119,40,40,56,81,81,96,140,140,174,192,212,225,246,246,365,365,388,388,409,35,56,56,97],"floor_reached":25,"campfire_rested":1,"playtime":2959,"current_hp_per_floor":[70,70,53,51,50,50,44,37,37,4,3,18,17,1,22,13,70,66,72,48,48,33,33,32],"items_purged":["Writhe"],"gold":97,"play_id":"a634a83d-02eb-46d6-b91d-cb8df12fa36e","is_prod":false,"is_daily":false,"is_ascension_mode":false,"campfire_upgraded":2,"path_taken":["M","$","?","M","M","R","M","E","T","E","M","?","M","M","R","BOSS","M","?","M","$","M","R","E","M"],"build_version":"2018-02-01-PROD3","purchased_purges":1,"victory":false,"master_deck":["Defend_G","Defend_G","Defend_G","Defend_G","Defend_G","Strike_G","Strike_G","Strike_G","Strike_G","Strike_G","Survivor","Neutralize","Backflip","Noxious Fumes+1","Crippling Poison","Well Laid Plans","Sucker Punch","Poisoned Stab","Deadly Poison","Caltrops+1","Flying Knee","Venomology","Deadly Poison+1","Terror","Deadly Poison+1"],"max_hp_per_floor":[70,70,70,70,70,70,70,70,70,70,70,70,70,70,70,70,70,70,76,76,76,76,76,76],"relics":["Lizard Tail","Golden Idol","Du-Vu Doll","Darkstone Periapt","Paper Crane","The Specimen","Toolbox","Ice Cream","Juzu Bracelet"],"card_choices":[{"not_picked":["PiercingWail","Sucker Punch"],"picked":"Backflip"},{"not_picked":["Sucker Punch","Acrobatics"],"picked":"Crippling Poison"},{"not_picked":["Bane","Underhanded Strike"],"picked":"Well Laid Plans"},{"not_picked":["Riddle With Holes","Backflip"],"picked":"Sucker Punch"},{"not_picked":["Distraction","Riddle With Holes"],"picked":"Poisoned Stab"},{"not_picked":["Dodge and Roll","Dagger Throw"],"picked":"Deadly Poison"},{"not_picked":["Terror","Prepared"],"picked":"Caltrops"},{"not_picked":["Glass Knife","Underhanded Strike"],"picked":"Flying Knee"},{"not_picked":["Burst","Storm of Steel"],"picked":"Venomology"},{"not_picked":["Dagger Throw","Predator"],"picked":"Deadly Poison"},{"not_picked":["Distraction","Flechettes"],"picked":"Terror"},{"not_picked":["Bane","Well Laid Plans"],"picked":"Deadly Poison"}],"player_experience":88853,"potions_floor_usage":[8,10,12,14,18,20,24,24,25,25,25],"damage_taken":[{"damage":0,"enemies":"Small Slimes","floor":1,"turns":3},{"damage":2,"enemies":"2 Louse","floor":4,"turns":2},{"damage":1,"enemies":"Blue Slaver","floor":5,"turns":6},{"damage":6,"enemies":"Lots of Slimes","floor":7,"turns":4},{"damage":7,"enemies":"Lagavulin","floor":8,"turns":9},{"damage":33,"enemies":"Gremlin Nob","floor":10,"turns":5},{"damage":1,"enemies":"3 Louse","floor":11,"turns":7},{"damage":0,"enemies":"Looter","floor":12,"turns":5},{"damage":1,"enemies":"Exordium Thugs","floor":13,"turns":5},{"damage":16,"enemies":"Gremlin Gang","floor":14,"turns":5},{"damage":9,"enemies":"The Guardian","floor":16,"turns":9},{"damage":4,"enemies":"Shell Parasite","floor":18,"turns":8},{"damage":24,"enemies":"3 Byrds","floor":20,"turns":5},{"damage":15,"enemies":"Snake Plant","floor":22,"turns":5},{"damage":39,"enemies":"Book of Stabbing","floor":24,"turns":6},{"damage":32,"enemies":"Slaver and Parasite","floor":25,"turns":4}],"event_choices":[{"event_name":"Golden Idol","player_choice":"Take Damage","floor":3,"damage_taken":0},{"event_name":"The Mausoleum","player_choice":"Yes","floor":19,"damage_taken":0}],"boss_relics":[{"not_picked":["Runic Pyramid","Velvet Choker"],"picked":"The Specimen"}],"potions_floor_spawned":[7,8,11,12,16,20,24],"seed_played":"-8725209848242926529","killed_by":"Slaver and Parasite","ascension_level":0,"is_trial":false}