{"gold_per_floor":[111,71,71,5,22,51,51,80,148,148,162,162,188,203,203,276,276,287,320,320,340,357,357,357],"floor_reached":24,"playtime":855,"items_purged":[],"score":418,"play_id":"6b197ce9-5384-4959-9dfa-c6e9b8330e11","local_time":"20190423000604","is_ascension_mode":true,"campfire_choices":[{"data":"Sunder","floor":7,"key":"SMITH"},{"data":"Defragment","floor":10,"key":"SMITH"},{"data":"Defragment","floor":15,"key":"SMITH"},{"floor":23,"key":"REST"}],"neow_cost":"NONE","seed_source_timestamp":1070320614635430,"circlet_count":0,"master_deck":["AscendersBane","Strike_B","Strike_B","Strike_B","Defend_B","Defend_B","Defend_B","Defend_B","Zap","Dualcast","Defragment+1","Sunder+1","Cold Snap","Creative AI","Compile Driver","Conserve Battery","Defragment+1","Electrodynamics","Hologram+1","Reinforced Body"],"relics":["Cracked Core","NeowsBlessing","Art of War","Dead Branch","Strawberry","Oddly Smooth Stone","Fusion Hammer","Red Mask","NlothsMask"],"potions_floor_usage":[8,16,19,21,22,24],"damage_taken":[{"damage":0,"enemies":"Small Slimes","floor":1,"turns":1},{"damage":0,"enemies":"Jaw Worm","floor":5,"turns":1},{"damage":0,"enemies":"Lagavulin","floor":6,"turns":1},{"damage":16,"enemies":"3 Sentries","floor":8,"turns":6},{"damage":0,"enemies":"Cultist","floor":11,"turns":3},{"damage":4,"enemies":"Gremlin Nob","floor":13,"turns":3},{"damage":5,"enemies":"Looter","floor":14,"turns":4},{"damage":29,"enemies":"Hexaghost","floor":16,"turns":11},{"damage":10,"enemies":"Shell Parasite","floor":18,"turns":4},{"damage":15,"enemies":"Masked Bandits","floor":19,"turns":3},{"damage":8,"enemies":"3 Byrds","floor":21,"turns":4},{"damage":30,"enemies":"Snake Plant","floor":22,"turns":3},{"damage":32,"enemies":"Book of Stabbing","floor":24,"turns":5}],"seed_played":"-4954336965751177301","potions_obtained":[{"floor":1,"key":"FocusPotion"},{"floor":13,"key":"Regen Potion"},{"floor":14,"key":"Fire Potion"},{"floor":16,"key":"Fruit Juice"},{"floor":19,"key":"AttackPotion"},{"floor":21,"key":"Block Potion"}],"is_trial":false,"path_per_floor":["M","$","?","?","M","E","R","E","T","R","M","?","E","M","R","B",null,"M","?","?","M","M","R","E"],"character_chosen":"DEFECT","items_purchased":["Sunder"],"campfire_rested":1,"item_purchase_floors":[2],"current_hp_per_floor":[64,64,64,64,64,64,64,55,55,55,55,48,44,39,39,25,65,55,40,40,32,2,25,0],"gold":357,"neow_bonus":"THREE_ENEMY_KILL","is_prod":false,"is_daily":false,"chose_seed":false,"campfire_upgraded":3,"win_rate":0,"timestamp":1555992364,"path_taken":["M","$","?","?","M","E","R","E","T","R","?","?","E","M","R","BOSS","M","?","?","?","M","R","E"],"build_version":"2019-04-21","purchased_purges":0,"victory":false,"max_hp_per_floor":[71,71,71,71,71,71,71,78,78,78,78,78,78,78,78,78,78,78,78,78,78,78,78,83],"card_choices":[{"not_picked":["Reinforced Body","Cold Snap"],"picked":"Defragment","floor":1},{"not_picked":["Steam","BootSequence"],"picked":"Cold Snap","floor":5},{"not_picked":["Hologram","Turbo"],"picked":"Creative AI","floor":6},{"not_picked":["Consume","Fusion"],"picked":"Compile Driver","floor":8},{"not_picked":["Chaos","Force Field"],"picked":"Conserve Battery","floor":11},{"not_picked":["Conserve Battery","Storm"],"picked":"Defragment","floor":13},{"not_picked":["Go for the Eyes","Leap","Steam"],"picked":"SKIP","floor":14},{"not_picked":["Fission","Hyperbeam"],"picked":"Electrodynamics","floor":16},{"not_picked":["Stack","Chaos"],"picked":"Hologram+1","floor":18},{"not_picked":["Redo","Auto Shields","All For One"],"picked":"SKIP","floor":21},{"not_picked":["Go for the Eyes","Barrage"],"picked":"Reinforced Body","floor":22}],"player_experience":2441884,"relics_obtained":[{"floor":6,"key":"Dead Branch"},{"floor":8,"key":"Strawberry"},{"floor":13,"key":"Oddly Smooth Stone"},{"floor":19,"key":"Red Mask"}],"event_choices":[{"damage_healed":0,"gold_gain":0,"player_choice":"Ignored","damage_taken":0,"max_hp_gain":0,"max_hp_loss":0,"event_name":"Liars Game","floor":3,"gold_loss":0},{"damage_healed":0,"gold_gain":0,"player_choice":"Paid Gold","damage_taken":0,"relics_obtained":["Art of War"],"max_hp_gain":0,"max_hp_loss":0,"event_name":"WeMeetAgain","floor":4,"gold_loss":66},{"cards_removed":["Strike_B"],"damage_healed":0,"gold_gain":0,"player_choice":"Card Removal","damage_taken":7,"max_hp_gain":0,"max_hp_loss":0,"event_name":"Golden Wing","floor":12,"gold_loss":0},{"damage_healed":0,"gold_gain":0,"player_choice":"Fought Bandits","damage_taken":0,"max_hp_gain":0,"max_hp_loss":0,"event_name":"Masked Bandits","floor":19,"gold_loss":0},{"damage_healed":0,"gold_gain":0,"player_choice":"Trade","damage_taken":0,"relics_obtained":["NlothsMask"],"max_hp_gain":0,"max_hp_loss":0,"event_name":"FaceTrader","floor":20,"gold_loss":0}],"is_beta":true,"boss_relics":[{"not_picked":["Sozu","Astrolabe"],"picked":"Fusion Hammer"}],"items_purged_floors":[],"is_endless":false,"potions_floor_spawned":[1,13,14,16,18,19,21],"killed_by":"Book of Stabbing","ascension_level":15}