{"path_per_floor":["M","M","M","?","$","R","E","M","T","?","$","?","?","E","R","B",null,"M","M","$","?","?","E"],"character_chosen":"IRONCLAD","items_purchased":["Perfected Strike","Anchor","Mind Blast","Bag of Marbles"],"gold_per_floor":[360,372,391,391,92,92,122,134,134,134,59,59,59,84,84,163,163,183,203,47,47,47,72,72],"floor_reached":24,"campfire_rested":0,"playtime":795,"current_hp_per_floor":[70,67,66,66,66,66,47,53,53,53,53,30,30,27,27,11,59,44,23,23,23,23,14,0],"items_purged":["Normality"],"gold":72,"score":389,"play_id":"7acde79e-724f-444c-a4a3-82e1c1bbf027","local_time":"20180415170446","is_prod":false,"is_daily":false,"chose_seed":false,"is_ascension_mode":true,"campfire_upgraded":1,"timestamp":1523826286,"path_taken":["M","M","M","?","$","R","E","M","T","?","$","?","?","E","R","BOSS","M","M","?","?","?","E","M"],"build_version":"2018-04-12","seed_source_timestamp":11940384906438,"purchased_purges":2,"victory":false,"master_deck":["Strike_R","Strike_R","Strike_R","Strike_R","Strike_R","Defend_R+1","Defend_R","Defend_R","Bash","AscendersBane","Infernal Blade","Evolve","Perfected Strike+1","Mind Blast","Thunderclap+1","Fiend Fire","Disarm","Dark Embrace","Warcry","Reckless Charge","Writhe","Twin Strike"],"max_hp_per_floor":[75,75,75,75,75,75,75,75,75,75,75,75,75,75,75,75,75,75,75,75,75,75,75,75],"relics":["Burning Blood","Anchor","Regal Pillow","Mummified Hand","Girya","Pantograph","Mark of Pain","Bag of Marbles","Vajra","Matryoshka"],"card_choices":[{"not_picked":["Cleave","Headbutt"],"picked":"Infernal Blade","floor":1},{"not_picked":["Blood for Blood","Pommel Strike"],"picked":"Evolve","floor":3},{"not_picked":["Heavy Blade","Fire Breathing"],"picked":"Thunderclap","floor":7},{"not_picked":["Cleave","Sword Boomerang"],"picked":"Fiend Fire","floor":8},{"not_picked":["Cleave","Rage"],"picked":"Disarm","floor":14},{"not_picked":["Limit Break","Impervious"],"picked":"Dark Embrace","floor":16},{"not_picked":["Iron Wave","Armaments"],"picked":"Warcry","floor":18},{"not_picked":["Cleave","Shrug It Off"],"picked":"Reckless Charge","floor":19},{"not_picked":["Spot Weakness","Evolve"],"picked":"Twin Strike","floor":23}],"player_experience":887337,"potions_floor_usage":[7,14,16,18,23,24],"damage_taken":[{"damage":4,"enemies":"Small Slimes","floor":1,"turns":4},{"damage":9,"enemies":"Jaw Worm","floor":2,"turns":3},{"damage":7,"enemies":"Cultist","floor":3,"turns":4},{"damage":25,"enemies":"Lagavulin","floor":7,"turns":6},{"damage":0,"enemies":"3 Louse","floor":8,"turns":2},{"damage":9,"enemies":"3 Sentries","floor":14,"turns":4},{"damage":47,"enemies":"Hexaghost","floor":16,"turns":9},{"damage":21,"enemies":"2 Thieves","floor":18,"turns":4},{"damage":27,"enemies":"Spheric Guardian","floor":19,"turns":4},{"damage":15,"enemies":"Book of Stabbing","floor":23,"turns":3},{"damage":16,"enemies":"Centurion and Healer","floor":24,"turns":2}],"event_choices":[{"event_name":"Living Wall","player_choice":"Forget","floor":4,"damage_taken":0},{"event_name":"Accursed Blacksmith","player_choice":"Rummage","floor":10,"damage_taken":0},{"event_name":"Shining Light","player_choice":"Entered Light","floor":12,"damage_taken":0},{"event_name":"Purifier","player_choice":"One Purge","floor":13,"damage_taken":0},{"event_name":"Beggar","player_choice":"Ignored","floor":21,"damage_taken":0},{"event_name":"The Mausoleum","player_choice":"Yes","floor":22,"damage_taken":0}],"boss_relics":[{"not_picked":["White Beast Statue","Velvet Choker"],"picked":"Mark of Pain"}],"potions_floor_spawned":[3,8,14,16,19,23],"seed_played":"-6609264661546698268","killed_by":"Centurion and Healer","ascension_level":15,"is_trial":false}