{"gold_per_floor":[119,33,83,93,111,136,147,176,176,176],"floor_reached":10,"playtime":379,"items_purged":[],"score":156,"play_id":"04a7732e-910e-4732-992c-9ebc6bcd0ff7","local_time":"20190508191713","is_ascension_mode":true,"campfire_choices":[],"neow_cost":"NONE","seed_source_timestamp":123745468910744,"circlet_count":0,"master_deck":["AscendersBane","Strike_R","Strike_R","Strike_R","Strike_R","Strike_R","Defend_R","Defend_R","Defend_R","Defend_R","Bash","Shrug It Off","Anger","Armaments","Inflame","Carnage","Spot Weakness"],"relics":["Burning Blood","Sundial","Gambling Chip","The Courier"],"potions_floor_usage":[6,8,10],"damage_taken":[{"damage":10,"enemies":"2 Louse","floor":1,"turns":3},{"damage":0,"enemies":"Cultist","floor":4,"turns":3},{"damage":3,"enemies":"Small Slimes","floor":5,"turns":4},{"damage":22,"enemies":"3 Sentries","floor":6,"turns":7},{"damage":0,"enemies":"2 Fungi Beasts","floor":7,"turns":3},{"damage":30,"enemies":"Lagavulin","floor":8,"turns":7},{"damage":32,"enemies":"Gremlin Nob","floor":10,"turns":3}],"seed_played":"-4338745264413393414","potions_obtained":[{"floor":0,"key":"LiquidBronze"},{"floor":0,"key":"Energy Potion"},{"floor":7,"key":"FearPotion"}],"is_trial":false,"path_per_floor":["M","$","?","M","M","E","M","E","T","E"],"character_chosen":"IRONCLAD","items_purchased":["Anger","Armaments"],"campfire_rested":0,"item_purchase_floors":[2,2],"current_hp_per_floor":[64,64,57,63,66,50,56,32,32,0],"gold":176,"neow_bonus":"THREE_SMALL_POTIONS","is_prod":false,"is_daily":false,"chose_seed":false,"campfire_upgraded":0,"win_rate":0,"timestamp":1557368233,"path_taken":["M","$","?","M","M","E","M","E","T","E"],"build_version":"2019-05-07","purchased_purges":0,"victory":false,"max_hp_per_floor":[75,75,75,75,75,75,75,75,75,75],"card_choices":[{"not_picked":["Wild Strike","Evolve"],"picked":"Shrug It Off","floor":1},{"not_picked":["Cleave","Sword Boomerang"],"picked":"Inflame","floor":4},{"not_picked":["Anger","Havoc"],"picked":"Carnage","floor":5},{"not_picked":["Heavy Blade","Pommel Strike"],"picked":"Spot Weakness","floor":6},{"not_picked":["Perfected Strike","Wild Strike","Evolve"],"picked":"SKIP","floor":7},{"not_picked":["Armaments","Rupture","Body Slam"],"picked":"SKIP","floor":8}],"player_experience":6287845,"relics_obtained":[{"floor":6,"key":"Sundial"},{"floor":8,"key":"Gambling Chip"},{"floor":9,"key":"The Courier"}],"event_choices":[{"damage_healed":0,"gold_gain":50,"player_choice":"Touch","damage_taken":7,"max_hp_gain":0,"max_hp_loss":0,"event_name":"FaceTrader","floor":3,"gold_loss":0}],"is_beta":true,"boss_relics":[],"items_purged_floors":[],"is_endless":false,"potions_floor_spawned":[1,7],"killed_by":"Gremlin Nob","ascension_level":20}