{"gold_per_floor":[13,13,28,46,66,101,118,148,171,171,190,190,207,207,207,284,284,294,294,309,63,83,28,28,55,81,98,131,131,186,196,196,269,269,288,307,307,323,335,335,8,8,35,35,67,86,121,135,135,135,135,135,135,26,56,56],"floor_reached":56,"playtime":2956,"items_purged":["Strike_R"],"score":2037,"play_id":"1047fe51-4db6-4c96-bd1f-020092baf227","local_time":"20190505231622","is_ascension_mode":true,"campfire_choices":[{"data":"Immolate","floor":10,"key":"SMITH"},{"data":"Combust","floor":15,"key":"SMITH"},{"data":"Demon Form","floor":24,"key":"SMITH"},{"data":"Battle Trance","floor":29,"key":"SMITH"},{"floor":32,"key":"REST"},{"floor":40,"key":"REST"},{"floor":42,"key":"REST"},{"floor":49,"key":"RECALL"},{"floor":53,"key":"REST"}],"neow_cost":"NO_GOLD","seed_source_timestamp":479309577248440,"circlet_count":0,"master_deck":["AscendersBane","Defend_R+1","Defend_R","Defend_R+1","Defend_R+1","Bash","Clothesline","Anger","Battle Trance+1","Immolate+1","True Grit","Combust+1","Demon Form+1","Feel No Pain+1","Flex+1","Armaments","Battle Trance+1","Thunderclap","Limit Break","Sword Boomerang","Feed","Flame Barrier","Havoc+1","Limit Break","Flame Barrier","Corruption","Dark Embrace","Evolve","Heavy Blade+1"],"relics":["Burning Blood","Ice Cream","CultistMask","FossilizedHelix","Lantern","Strawberry","Astrolabe","Happy Flower","PreservedInsect","War Paint","Bag of Preparation","Bottled Lightning","Tiny Chest","Philosopher\u0027s Stone","Red Skull","Orichalcum","Pen Nib","Juzu Bracelet","Mercury Hourglass"],"potions_floor_usage":[33,33,42,47,50,50,55,56],"damage_taken":[{"damage":8,"enemies":"2 Louse","floor":1,"turns":4},{"damage":1,"enemies":"Cultist","floor":3,"turns":3},{"damage":12,"enemies":"Small Slimes","floor":4,"turns":3},{"damage":4,"enemies":"Blue Slaver","floor":5,"turns":4},{"damage":15,"enemies":"Lagavulin","floor":6,"turns":6},{"damage":0,"enemies":"Red Slaver","floor":7,"turns":2},{"damage":17,"enemies":"3 Sentries","floor":8,"turns":5},{"damage":1,"enemies":"Gremlin Gang","floor":11,"turns":3},{"damage":0,"enemies":"2 Fungi Beasts","floor":13,"turns":1},{"damage":15,"enemies":"Slime Boss","floor":16,"turns":9},{"damage":9,"enemies":"Chosen","floor":18,"turns":4},{"damage":0,"enemies":"2 Thieves","floor":20,"turns":4},{"damage":18,"enemies":"Snake Plant","floor":22,"turns":4},{"damage":34,"enemies":"Book of Stabbing","floor":25,"turns":5},{"damage":1,"enemies":"Centurion and Healer","floor":27,"turns":3},{"damage":5,"enemies":"Slavers","floor":28,"turns":6},{"damage":0,"enemies":"Gremlin Leader","floor":30,"turns":3},{"damage":0,"enemies":"Snecko","floor":31,"turns":4},{"damage":3,"enemies":"Collector","floor":33,"turns":5},{"damage":0,"enemies":"3 Darklings","floor":35,"turns":2},{"damage":0,"enemies":"Orb Walker","floor":36,"turns":2},{"damage":47,"enemies":"Spire Growth","floor":38,"turns":5},{"damage":13,"enemies":"Maw","floor":39,"turns":6},{"damage":24,"enemies":"Nemesis","floor":45,"turns":5},{"damage":0,"enemies":"Sphere and 2 Shapes","floor":46,"turns":3},{"damage":31,"enemies":"Reptomancer","floor":47,"turns":5},{"damage":1,"enemies":"4 Shapes","floor":48,"turns":3},{"damage":35,"enemies":"Time Eater","floor":50,"turns":4},{"damage":5,"enemies":"Donu and Deca","floor":51,"turns":4},{"damage":78,"enemies":"Shield and Spear","floor":55,"turns":5},{"damage":30,"enemies":"The Heart","floor":56,"turns":3}],"seed_played":"5253970225309280978","potions_obtained":[{"floor":3,"key":"SteroidPotion"},{"floor":5,"key":"Poison Potion"},{"floor":6,"key":"FearPotion"},{"floor":25,"key":"PowerPotion"},{"floor":27,"key":"Ancient Potion"},{"floor":33,"key":"Explosive Potion"},{"floor":38,"key":"Fruit Juice"},{"floor":47,"key":"EssenceOfSteel"},{"floor":48,"key":"SteroidPotion"},{"floor":55,"key":"FearPotion"}],"is_trial":false,"path_per_floor":["M","?","M","M","M","E","M","E","T","R","M","?","M","?","R","B",null,"M","?","M","$","M","?","R","E","T","M","E","R","E","M","R","B",null,"M","M","T","M","M","R","$","R","T","?","E","M","E","M","R","B","B",null,"R","$","E","B"],"character_chosen":"IRONCLAD","items_purchased":["Happy Flower","Battle Trance","Corruption","Red Skull","Block Potion","Dexterity Potion"],"campfire_rested":4,"item_purchase_floors":[21,21,41,41,54,54],"current_hp_per_floor":[66,66,71,65,67,58,64,53,60,60,65,40,46,46,46,37,71,68,68,74,74,62,62,62,34,34,39,40,40,46,52,76,79,81,86,86,86,45,38,63,63,91,91,91,73,82,57,65,65,36,37,82,97,97,28,0],"gold":56,"neow_bonus":"ONE_RARE_RELIC","is_prod":false,"is_daily":false,"chose_seed":false,"campfire_upgraded":4,"win_rate":0,"timestamp":1557123382,"path_taken":["M","?","?","M","M","E","M","E","T","R","M","?","M","?","R","BOSS","M","?","?","$","M","?","R","E","T","M","E","R","E","M","R","BOSS","M","M","?","?","?","R","$","R","T","?","E","M","E","M","R","BOSS","BOSS","R","$","E","BOSS"],"build_version":"2019-04-23","purchased_purges":1,"victory":false,"max_hp_per_floor":[75,75,75,75,75,75,75,75,82,82,82,82,82,82,82,82,82,82,82,82,82,82,82,82,82,82,82,82,82,82,82,82,82,82,86,86,86,86,86,86,86,91,91,91,91,94,94,97,97,97,97,97,97,97,100,100],"card_choices":[{"not_picked":["Shrug It Off","Rupture"],"picked":"Clothesline","floor":1},{"not_picked":["Cleave","Metallicize"],"picked":"Anger","floor":3},{"not_picked":["Thunderclap","Ghostly Armor","Sword Boomerang"],"picked":"SKIP","floor":4},{"not_picked":["Pummel","Dual Wield"],"picked":"Battle Trance","floor":5},{"not_picked":["Sever Soul","Flex"],"picked":"Immolate","floor":6},{"not_picked":["Havoc","Wild Strike"],"picked":"True Grit","floor":7},{"not_picked":["Bludgeon","True Grit"],"picked":"Combust","floor":8},{"not_picked":["True Grit","Searing Blow","Havoc"],"picked":"SKIP","floor":11},{"not_picked":["Sever Soul","Dropkick","Rupture"],"picked":"SKIP","floor":13},{"not_picked":["Barricade","Limit Break"],"picked":"Demon Form","floor":16},{"not_picked":["Flex","Fire Breathing","Hemokinesis"],"picked":"SKIP","floor":18},{"not_picked":["Havoc","Sword Boomerang"],"picked":"Armaments","floor":20},{"not_picked":["Body Slam","Thunderclap","Rampage"],"picked":"SKIP","floor":22},{"not_picked":["Searing Blow","Rampage+1","Perfected Strike+1"],"picked":"SKIP","floor":25},{"not_picked":["Iron Wave","Flex"],"picked":"Thunderclap","floor":27},{"not_picked":["Entrench","Iron Wave"],"picked":"Limit Break","floor":28},{"not_picked":["Thunderclap","Clothesline"],"picked":"Sword Boomerang","floor":30},{"not_picked":["Body Slam","Warcry","Havoc"],"picked":"SKIP","floor":31},{"not_picked":["Offering","Impervious"],"picked":"Feed","floor":33},{"not_picked":["Carnage+1","Heavy Blade"],"picked":"Flame Barrier","floor":35},{"not_picked":["Wild Strike","Thunderclap"],"picked":"Havoc+1","floor":36},{"not_picked":["Iron Wave","Ghostly Armor"],"picked":"Limit Break","floor":38},{"not_picked":["Whirlwind","Sword Boomerang"],"picked":"Flame Barrier","floor":39},{"not_picked":["Perfected Strike","Rupture+1"],"picked":"Dark Embrace","floor":45},{"not_picked":["Twin Strike+1","Iron Wave+1","Pommel Strike"],"picked":"SKIP","floor":46},{"not_picked":["Thunderclap","Armaments"],"picked":"Evolve","floor":47},{"not_picked":["Shrug It Off","Entrench"],"picked":"Heavy Blade+1","floor":48},{"not_picked":["Combust+1","Blood for Blood","Burning Pact"],"picked":"SKIP","floor":55}],"player_experience":6197849,"relics_obtained":[{"floor":6,"key":"FossilizedHelix"},{"floor":8,"key":"Lantern"},{"floor":9,"key":"Strawberry"},{"floor":25,"key":"War Paint"},{"floor":26,"key":"Bag of Preparation"},{"floor":28,"key":"Bottled Lightning"},{"floor":30,"key":"Tiny Chest"},{"floor":43,"key":"Orichalcum"},{"floor":45,"key":"Pen Nib"},{"floor":47,"key":"Juzu Bracelet"},{"floor":55,"key":"Mercury Hourglass"}],"event_choices":[{"damage_healed":0,"gold_gain":0,"player_choice":"Trade","damage_taken":0,"relics_obtained":["CultistMask"],"max_hp_gain":0,"max_hp_loss":0,"event_name":"FaceTrader","floor":2,"gold_loss":0},{"damage_healed":0,"gold_gain":0,"player_choice":"Entered Light","damage_taken":25,"max_hp_gain":0,"max_hp_loss":0,"event_name":"Shining Light","floor":12,"gold_loss":0,"cards_upgraded":["Defend_R","Defend_R"]},{"cards_removed":["Strike_R"],"damage_healed":0,"gold_gain":0,"player_choice":"Offered Basic","damage_taken":0,"max_hp_gain":0,"max_hp_loss":0,"event_name":"Bonfire Elementals","floor":14,"gold_loss":0},{"damage_healed":0,"gold_gain":0,"player_choice":"Got Potions","damage_taken":0,"max_hp_gain":0,"max_hp_loss":0,"event_name":"Lab","floor":19,"gold_loss":0},{"damage_healed":0,"gold_gain":0,"player_choice":"Paid Gold","damage_taken":0,"relics_obtained":["PreservedInsect"],"max_hp_gain":0,"max_hp_loss":0,"event_name":"WeMeetAgain","floor":23,"gold_loss":55},{"cards_removed":["Seeing Red"],"damage_healed":0,"gold_gain":0,"player_choice":"Removed Skill","damage_taken":0,"max_hp_gain":0,"max_hp_loss":0,"event_name":"Falling","floor":44,"gold_loss":0}],"is_beta":true,"boss_relics":[{"not_picked":["Mark of Pain","White Beast Statue"],"picked":"Astrolabe"},{"not_picked":["Runic Dome","Pandora\u0027s Box"],"picked":"Philosopher\u0027s Stone"}],"items_purged_floors":[41],"is_endless":false,"potions_floor_spawned":[3,5,6,13,16,22,25,27,33,38,47,48,55],"killed_by":"The Heart","ascension_level":20}