{"gold_per_floor":[112,112,140,327,24,54,54,67,116,191,191,12,12,41,41,137,137,147,147,164,15,15,15,48,48,48,67,18,18,29,63,63,158,158,173,173,185,200,218,218],"floor_reached":40,"playtime":5492,"items_purged":["Doubt","Regret"],"score":526,"play_id":"e7fd5c62-d8d7-4d58-a8fa-1572bec23174","local_time":"20190505130357","is_ascension_mode":true,"campfire_choices":[{"data":"Phantasmal Killer","floor":7,"key":"SMITH"},{"floor":15,"key":"REST"},{"floor":23,"key":"REST"},{"data":"Envenom","floor":25,"key":"SMITH"},{"data":"Accuracy","floor":29,"key":"SMITH"},{"floor":32,"key":"REST"}],"neow_cost":"NONE","seed_source_timestamp":781628301026742,"circlet_count":0,"master_deck":["Defend_G+1","Defend_G+1","Defend_G+1","Strike_G+1","Strike_G+1","Strike_G+1","Strike_G+1","Survivor","Neutralize+1","Blade Dance","PiercingWail+1","Phantasmal Killer+1","Blade Dance","Infinite Blades","Envenom+1","Terror","Accuracy+1","Choke","Blade Dance+1","Accuracy","Infinite Blades+1","Corpse Explosion","Accuracy+1","Infinite Blades+1","Caltrops+1"],"relics":["Ring of the Snake","NeowsBlessing","MawBank","Shuriken","Incense Burner","Happy Flower","Regal Pillow","Eternal Feather","Dead Branch","Mummified Hand","Frozen Egg 2","Empty Cage"],"potions_floor_usage":[14,27,30,31,33,39],"damage_taken":[{"damage":0,"enemies":"Jaw Worm","floor":1,"turns":1},{"damage":0,"enemies":"2 Louse","floor":3,"turns":1},{"damage":0,"enemies":"3 Sentries","floor":6,"turns":1},{"damage":0,"enemies":"Small Slimes","floor":8,"turns":3},{"damage":15,"enemies":"Lagavulin","floor":14,"turns":5},{"damage":48,"enemies":"The Guardian","floor":16,"turns":9},{"damage":21,"enemies":"Chosen","floor":18,"turns":5},{"damage":20,"enemies":"Spheric Guardian","floor":20,"turns":4},{"damage":33,"enemies":"Gremlin Leader","floor":24,"turns":5},{"damage":16,"enemies":"Snake Plant","floor":27,"turns":2},{"damage":0,"enemies":"Cultist and Chosen","floor":30,"turns":3},{"damage":26,"enemies":"Book of Stabbing","floor":31,"turns":3},{"damage":32,"enemies":"Collector","floor":33,"turns":4},{"damage":8,"enemies":"Orb Walker","floor":35,"turns":2},{"damage":2,"enemies":"3 Shapes","floor":37,"turns":3},{"damage":16,"enemies":"Jaw Worm Horde","floor":38,"turns":3},{"damage":42,"enemies":"Writhing Mass","floor":39,"turns":4},{"damage":3,"enemies":"Reptomancer","floor":40,"turns":1}],"seed_played":"6601738212109003525","potions_obtained":[{"floor":1,"key":"LiquidBronze"},{"floor":8,"key":"Swift Potion"},{"floor":20,"key":"Dexterity Potion"},{"floor":24,"key":"AttackPotion"},{"floor":31,"key":"PowerPotion"},{"floor":37,"key":"FearPotion"},{"floor":38,"key":"GamblersBrew"}],"is_trial":false,"path_per_floor":["M","?","M","?","$","E","R","M","T","?","?","$","?","E","R","B",null,"M","?","M","$","?","R","E","R","T","M","$","R","M","E","R","B",null,"M","?","M","M","M","E"],"character_chosen":"THE_SILENT","items_purchased":["Shuriken","Infinite Blades","Accuracy","Regen Potion","AttackPotion"],"campfire_rested":3,"item_purchase_floors":[5,12,21,21,28],"current_hp_per_floor":[70,63,63,63,63,63,63,63,63,52,52,52,38,23,59,11,70,49,49,29,29,29,70,37,49,49,33,33,45,54,28,70,38,70,62,62,60,44,2,0],"gold":218,"neow_bonus":"THREE_ENEMY_KILL","is_prod":false,"is_daily":false,"chose_seed":false,"campfire_upgraded":3,"win_rate":0,"timestamp":1557075837,"path_taken":["M","?","M","?","?","E","R","M","T","?","?","$","?","E","R","BOSS","M","?","?","$","?","R","E","R","T","M","?","R","M","E","R","BOSS","M","?","M","?","?","E"],"build_version":"2019-01-23","purchased_purges":2,"victory":false,"max_hp_per_floor":[70,70,70,70,70,70,70,70,70,70,70,70,70,70,70,70,70,70,70,70,70,70,70,70,70,70,70,70,70,70,70,70,70,70,70,70,70,70,70,70],"card_choices":[{"not_picked":["Caltrops","Slice"],"picked":"Blade Dance","floor":1},{"not_picked":["Backflip","Sucker Punch"],"picked":"PiercingWail","floor":3},{"not_picked":["Outmaneuver","Underhanded Strike"],"picked":"Phantasmal Killer","floor":6},{"not_picked":["Deadly Poison","Terror"],"picked":"Blade Dance","floor":8},{"not_picked":["Bouncing Flask","Underhanded Strike","Skewer"],"picked":"SKIP","floor":14},{"not_picked":["Malaise","Night Terror"],"picked":"Envenom","floor":16},{"not_picked":["Quick Slash","Leg Sweep+1"],"picked":"Terror","floor":18},{"not_picked":["Dagger Spray+1","Slice","Calculated Gamble"],"picked":"SKIP","floor":20},{"not_picked":["Slice","Poisoned Stab+1"],"picked":"Choke","floor":24},{"not_picked":["Deadly Poison+1","Well Laid Plans"],"picked":"Blade Dance+1","floor":27},{"not_picked":["Riddle With Holes+1","Backflip"],"picked":"Accuracy","floor":30},{"not_picked":["Bane+1","Flechettes"],"picked":"Infinite Blades","floor":31},{"not_picked":["Burst","Unload"],"picked":"Corpse Explosion","floor":33},{"not_picked":["Deflect","Dodge and Roll","Deadly Poison+1"],"picked":"SKIP","floor":35},{"not_picked":["Expertise","Outmaneuver+1","Quick Slash"],"picked":"SKIP","floor":37},{"not_picked":["Deflect+1","All Out Attack+1"],"picked":"Infinite Blades+1","floor":38},{"not_picked":["Backflip+1","Skewer"],"picked":"Caltrops+1","floor":39}],"player_experience":949194,"relics_obtained":[{"floor":6,"key":"Incense Burner"},{"floor":14,"key":"Regal Pillow"},{"floor":24,"key":"Dead Branch"},{"floor":26,"key":"Mummified Hand"},{"floor":31,"key":"Frozen Egg 2"}],"event_choices":[{"damage_healed":0,"gold_gain":0,"player_choice":"Success","damage_taken":7,"relics_obtained":["MawBank"],"max_hp_gain":0,"max_hp_loss":0,"event_name":"Scrap Ooze","floor":2,"gold_loss":0},{"damage_healed":0,"gold_gain":175,"player_choice":"AGREE","damage_taken":0,"max_hp_gain":0,"max_hp_loss":0,"event_name":"Liars Game","floor":4,"gold_loss":0,"cards_obtained":["Doubt"]},{"damage_healed":0,"gold_gain":75,"player_choice":"Gather Gold","damage_taken":11,"max_hp_gain":0,"max_hp_loss":0,"event_name":"World of Goop","floor":10,"gold_loss":0},{"damage_healed":0,"gold_gain":0,"player_choice":"Box","damage_taken":0,"relics_obtained":["Happy Flower"],"max_hp_gain":0,"max_hp_loss":0,"event_name":"Big Fish","floor":11,"gold_loss":0,"cards_obtained":["Regret"]},{"damage_healed":0,"gold_gain":0,"player_choice":"Entered Light","damage_taken":14,"max_hp_gain":0,"max_hp_loss":0,"event_name":"Shining Light","floor":13,"gold_loss":0,"cards_upgraded":["Neutralize","PiercingWail"]},{"cards_removed":["Defend_G"],"damage_healed":0,"gold_gain":0,"player_choice":"Purged","damage_taken":0,"max_hp_gain":0,"max_hp_loss":0,"event_name":"Purifier","floor":19,"gold_loss":0},{"damage_healed":0,"gold_gain":0,"player_choice":"Simplicity","damage_taken":0,"max_hp_gain":0,"max_hp_loss":0,"event_name":"Back to Basics","floor":22,"gold_loss":0,"cards_upgraded":["Defend_G","Defend_G","Defend_G","Defend_G","Strike_G","Strike_G","Strike_G","Strike_G","Strike_G"]},{"damage_healed":0,"gold_gain":0,"player_choice":"Copied","damage_taken":0,"max_hp_gain":0,"max_hp_loss":0,"event_name":"Duplicator","floor":36,"gold_loss":0,"cards_obtained":["Accuracy"]}],"is_beta":false,"boss_relics":[{"not_picked":["White Beast Statue","Busted Crown"],"picked":"Eternal Feather"},{"not_picked":["Astrolabe","Calling Bell"],"picked":"Empty Cage"}],"items_purged_floors":[5,12],"is_endless":false,"potions_floor_spawned":[1,8,20,24,31,37,38],"killed_by":"Reptomancer","ascension_level":3}