{"gold_per_floor":[19,194,204,204,223,223,173,49,73,87,98,126,126,158,158,158],"floor_reached":16,"playtime":1208,"items_purged":["Defend_G"],"score":110,"play_id":"17b28f76-2b41-4019-8a32-e671b29831b4","local_time":"20190510230856","is_ascension_mode":false,"campfire_choices":[{"data":"Bullet Time","floor":6,"key":"SMITH"},{"floor":13,"key":"REST"},{"floor":15,"key":"REST"}],"neow_cost":"NO_GOLD","seed_source_timestamp":528263360913734,"circlet_count":0,"master_deck":["Defend_G","Defend_G","Defend_G","Defend_G","Strike_G","Strike_G","Strike_G","Survivor","Neutralize","Caltrops","Bullet Time+1","Leg Sweep","Noxious Fumes","Outmaneuver","Deadly Poison","Expertise","Night Terror","Calculated Gamble"],"relics":["Ring of the Snake","Omamori","Paper Crane","Pen Nib"],"potions_floor_usage":[8,10,12,14,14,16,16],"damage_taken":[{"damage":0,"enemies":"2 Louse","floor":1,"turns":4},{"damage":3,"enemies":"Cultist","floor":3,"turns":7},{"damage":1,"enemies":"Jaw Worm","floor":5,"turns":7},{"damage":0,"enemies":"3 Louse","floor":10,"turns":5},{"damage":14,"enemies":"Exordium Thugs","floor":11,"turns":7},{"damage":43,"enemies":"Gremlin Nob","floor":12,"turns":6},{"damage":35,"enemies":"3 Sentries","floor":14,"turns":8},{"damage":24,"enemies":"Slime Boss","floor":16,"turns":9}],"seed_played":"-5247142862561798559","potions_obtained":[{"floor":4,"key":"Fruit Juice"},{"floor":4,"key":"Strength Potion"},{"floor":4,"key":"PowerPotion"},{"floor":10,"key":"Weak Potion"},{"floor":12,"key":"SteroidPotion"},{"floor":14,"key":"AttackPotion"}],"is_trial":false,"path_per_floor":["M","?","M","?","M","R","?","$","T","M","M","E","R","E","R","B"],"character_chosen":"THE_SILENT","items_purchased":["Energy Potion"],"campfire_rested":2,"item_purchase_floors":[8],"current_hp_per_floor":[70,70,67,67,66,66,66,71,71,71,57,14,36,1,23,0],"gold":158,"neow_bonus":"TRANSFORM_TWO_CARDS","is_prod":false,"is_daily":false,"chose_seed":false,"campfire_upgraded":1,"win_rate":0.0,"timestamp":1557547736,"path_taken":["M","?","M","?","?","R","?","$","T","M","M","E","R","E","R","BOSS"],"build_version":"2019-01-23","purchased_purges":1,"victory":false,"max_hp_per_floor":[70,70,70,70,70,70,70,75,75,75,75,75,75,75,75,75],"card_choices":[{"not_picked":["Sucker Punch","All Out Attack"],"picked":"Leg Sweep","floor":1},{"not_picked":["Masterful Stab","Bouncing Flask"],"picked":"Noxious Fumes","floor":3},{"not_picked":["Sucker Punch","Tactician"],"picked":"Outmaneuver","floor":5},{"not_picked":["PiercingWail","Deflect"],"picked":"Deadly Poison","floor":10},{"not_picked":["Dodge and Roll","Blur"],"picked":"Expertise","floor":11},{"not_picked":["Blur","Quick Slash"],"picked":"Night Terror","floor":12},{"not_picked":["Poisoned Stab","Dagger Spray"],"picked":"Calculated Gamble","floor":14}],"player_experience":30612,"relics_obtained":[{"floor":9,"key":"Omamori"},{"floor":12,"key":"Paper Crane"},{"floor":14,"key":"Pen Nib"}],"event_choices":[{"damage_healed":0,"gold_gain":175,"player_choice":"AGREE","damage_taken":0,"max_hp_gain":0,"max_hp_loss":0,"event_name":"Liars Game","floor":2,"gold_loss":0,"cards_obtained":["Doubt"]},{"damage_healed":0,"gold_gain":0,"player_choice":"Got Potions","damage_taken":0,"max_hp_gain":0,"max_hp_loss":0,"event_name":"Lab","floor":4,"gold_loss":0},{"cards_removed":["Doubt"],"damage_healed":0,"gold_gain":0,"player_choice":"Card Removal","damage_taken":0,"max_hp_gain":0,"max_hp_loss":0,"event_name":"The Cleric","floor":7,"gold_loss":50}],"is_beta":false,"boss_relics":[],"items_purged_floors":[8],"is_endless":false,"potions_floor_spawned":[10,12,14],"killed_by":"Slime Boss","ascension_level":0}