{"gold_per_floor":[119,134,134,149,224,224,260,260,260,279,279,279],"floor_reached":12,"playtime":455,"items_purged":[],"score":148,"play_id":"4a7e426d-bee4-4e33-81dd-24e2e9be3c9b","local_time":"20190315020542","is_ascension_mode":true,"campfire_choices":[{"data":"Armaments","floor":6,"key":"SMITH"},{"floor":8,"key":"REST"},{"data":"Anger","floor":11,"key":"SMITH"}],"neow_cost":"NONE","seed_source_timestamp":140223337871810,"circlet_count":0,"master_deck":["AscendersBane","Strike_R","Strike_R","Strike_R","Strike_R","Strike_R","Defend_R","Defend_R","Defend_R","Defend_R","Bash","Armaments+1","Clothesline","Thunderclap","Anger+1"],"relics":["Burning Blood","Golden Idol","WingedGreaves","Peace Pipe"],"potions_floor_usage":[],"damage_taken":[{"damage":6,"enemies":"2 Louse","floor":1,"turns":4},{"damage":1,"enemies":"Small Slimes","floor":2,"turns":4},{"damage":0,"enemies":"Jaw Worm","floor":4,"turns":5},{"damage":44,"enemies":"Gremlin Nob","floor":7,"turns":5},{"damage":2,"enemies":"Blue Slaver","floor":10,"turns":4},{"damage":30,"enemies":"Lagavulin Event","floor":12,"turns":5}],"seed_played":"-1456748957709195422","potions_obtained":[{"floor":10,"key":"LiquidBronze"}],"is_trial":false,"path_per_floor":["M","M","?","M","?","R","E","R","T","M","R","?"],"character_chosen":"IRONCLAD","items_purchased":[],"campfire_rested":1,"item_purchase_floors":[],"current_hp_per_floor":[75,80,52,58,47,47,9,33,33,37,37,7],"gold":279,"neow_bonus":"TEN_PERCENT_HP_BONUS","is_prod":false,"is_daily":false,"chose_seed":false,"campfire_upgraded":2,"win_rate":0,"timestamp":1552629942,"path_taken":["M","M","?","M","?","R","E","R","T","?","R","?"],"build_version":"2019-01-23","purchased_purges":0,"victory":false,"max_hp_per_floor":[82,82,82,82,82,82,82,82,82,82,82,82],"card_choices":[{"not_picked":["Havoc","Sword Boomerang"],"picked":"Armaments","floor":1},{"not_picked":["Perfected Strike","Seeing Red"],"picked":"Clothesline","floor":2},{"not_picked":["Sword Boomerang","Body Slam"],"picked":"Thunderclap","floor":4},{"not_picked":["Rupture","Body Slam"],"picked":"Anger","floor":7},{"not_picked":["Iron Wave","Exhume","Sword Boomerang"],"picked":"SKIP","floor":10}],"player_experience":1127015,"relics_obtained":[{"floor":7,"key":"WingedGreaves"},{"floor":9,"key":"Peace Pipe"}],"event_choices":[{"damage_healed":0,"gold_gain":0,"player_choice":"Take Damage","damage_taken":28,"relics_obtained":["Golden Idol"],"max_hp_gain":0,"max_hp_loss":0,"event_name":"Golden Idol","floor":3,"gold_loss":0},{"damage_healed":0,"gold_gain":75,"player_choice":"Gather Gold","damage_taken":11,"max_hp_gain":0,"max_hp_loss":0,"event_name":"World of Goop","floor":5,"gold_loss":0},{"damage_healed":0,"gold_gain":0,"player_choice":"Searched \u00272\u0027 times","damage_taken":0,"max_hp_gain":0,"max_hp_loss":0,"event_name":"Dead Adventurer","floor":12,"gold_loss":0}],"is_beta":false,"boss_relics":[],"items_purged_floors":[],"is_endless":false,"potions_floor_spawned":[10],"killed_by":"Lagavulin Event","ascension_level":18}