{"gold_per_floor":[116,134,134,134,150,150,177,177,252,282,282,302,318,468,468,546,546,519,533,57,73,0,0,34,34,34,46,46,64,78,78,78,155,155,169,180,1179,1194,1206,1206,1241,1241,1241,1241,1241,1266,970,990,990,990,990,990,115,141,141],"floor_reached":56,"playtime":2238,"items_purged":["Strike_R","Normality"],"score":1987,"play_id":"412873dc-3e3a-4962-9e96-6b5164b04b85","local_time":"20190430182243","is_ascension_mode":true,"campfire_choices":[{"data":"Bash","floor":6.0,"key":"SMITH"},{"data":"Pommel Strike","floor":8.0,"key":"SMITH"},{"floor":11.0,"key":"DIG"},{"data":"Anger","floor":15.0,"key":"SMITH"},{"floor":23.0,"key":"REST"},{"floor":25.0,"key":"REST"},{"data":"Flex","floor":28.0,"key":"SMITH"},{"floor":32.0,"key":"DIG"},{"floor":40.0,"key":"REST"},{"floor":42.0,"key":"REST"},{"floor":49.0,"key":"RECALL"},{"floor":52.0,"key":"DIG"}],"neow_cost":"NONE","seed_source_timestamp":107203944329681,"circlet_count":0,"master_deck":["AscendersBane","Defend_R","Defend_R","Defend_R","Defend_R","Bash+1","Clothesline","Anger+1","Reaper","Pommel Strike+1","Ghostly Armor","Cleave","Feed","Intimidate+1","Flex+1","Impervious","Bite","Bite","Bite","Bite","Bite","Limit Break+1","Corruption+1","Shrug It Off+1","Sentinel+1","Reaper","Armaments+1","Pummel","True Grit+1","Trip+1","Armaments+1","Heavy Blade"],"special_seed":0,"relics":["Burning Blood","Mummified Hand","Omamori","Matryoshka","Shovel","Juzu Bracelet","Runic Pyramid","ClockworkSouvenir","Pantograph","Potion Belt","Pear","Toxic Egg 2","Fusion Hammer","Lantern","Regal Pillow","PreservedInsect","Bottled Lightning","Self Forming Clay","Lee\u0027s Waffle","Bag of Marbles","Pen Nib"],"potions_floor_usage":[54,55,55,55,55],"damage_taken":[{"damage":1.0,"enemies":"Cultist","floor":1.0,"turns":4.0},{"damage":3.0,"enemies":"2 Louse","floor":2.0,"turns":4.0},{"damage":10.0,"enemies":"Small Slimes","floor":5.0,"turns":4.0},{"damage":24.0,"enemies":"Gremlin Nob","floor":7.0,"turns":5.0},{"damage":45.0,"enemies":"3 Sentries","floor":10.0,"turns":9.0},{"damage":10.0,"enemies":"Exordium Wildlife","floor":12.0,"turns":4.0},{"damage":9.0,"enemies":"Blue Slaver","floor":13.0,"turns":5.0},{"damage":42.0,"enemies":"Hexaghost","floor":16.0,"turns":10.0},{"damage":36.0,"enemies":"2 Thieves","floor":18.0,"turns":5.0},{"damage":35.0,"enemies":"Shell Parasite","floor":19.0,"turns":7.0},{"damage":15.0,"enemies":"Centurion and Healer","floor":21.0,"turns":6.0},{"damage":52.0,"enemies":"Book of Stabbing","floor":24.0,"turns":6.0},{"damage":25.0,"enemies":"3 Cultists","floor":27.0,"turns":6.0},{"damage":24.0,"enemies":"Snecko","floor":29.0,"turns":5.0},{"damage":21.0,"enemies":"Shelled Parasite and Fungi","floor":30.0,"turns":5.0},{"damage":115.0,"enemies":"Automaton","floor":33.0,"turns":11.0},{"damage":15.0,"enemies":"3 Darklings","floor":35.0,"turns":6.0},{"damage":5.0,"enemies":"3 Shapes","floor":36.0,"turns":6.0},{"damage":28.0,"enemies":"Jaw Worm Horde","floor":38.0,"turns":5.0},{"damage":71.0,"enemies":"4 Shapes","floor":39.0,"turns":9.0},{"damage":110.0,"enemies":"Nemesis","floor":41.0,"turns":9.0},{"damage":11.0,"enemies":"Maw","floor":48.0,"turns":7.0},{"damage":112.0,"enemies":"Awakened One","floor":50.0,"turns":13.0},{"damage":38,"enemies":"Shield and Spear","floor":54,"turns":7},{"damage":132,"enemies":"The Heart","floor":55,"turns":9}],"seed_played":"902712754647447059","potions_obtained":[{"floor":2.0,"key":"SkillPotion"},{"floor":7.0,"key":"BloodPotion"},{"floor":10.0,"key":"PowerPotion"},{"floor":21.0,"key":"Poison Potion"},{"floor":27.0,"key":"Block Potion"},{"floor":29.0,"key":"FearPotion"},{"floor":35.0,"key":"BloodPotion"},{"floor":39.0,"key":"Strength Potion"},{"floor":41.0,"key":"EssenceOfSteel"},{"floor":54,"key":"SkillPotion"}],"is_trial":false,"path_per_floor":["M","M","T","?","M","R","E","R","T","E","R","M","M","?","R","B",null,"M","M","$","M","?","R","E","R","T","M","R","M","M","?","R","B",null,"M","M","?","M","M","R","E","R","T","?","?","T","$","M","R","B",null,"R","$","E","B",null],"character_chosen":"IRONCLAD","items_purchased":["ClockworkSouvenir","Berserk","Flex","Armaments+1","SteroidPotion","Pummel","SpeedPotion","Self Forming Clay","True Grit+1","Lee\u0027s Waffle","Bag of Marbles","Trip+1","SteroidPotion","Armaments+1","Swift Potion"],"campfire_rested":4,"item_purchase_floors":[20,20,20,47,47,47,47,53,53,53,53,53,53,53,53],"current_hp_per_floor":[80,82,82,82,78,78,60,60,60,41,41,43,44,44,44,14,65,46,20,20,26,26,53,19,47,57,45,45,38,41,41,41,16,66,85,88,88,91,55,83,16,45,45,45,45,45,45,98,98,104,105,105,112,116,55],"gold":141,"neow_bonus":"TEN_PERCENT_HP_BONUS","is_prod":false,"is_daily":false,"chose_seed":false,"campfire_upgraded":4,"win_rate":0,"timestamp":1556662963,"path_taken":["M","M","?","?","M","R","E","R","T","E","R","M","M","?","R","BOSS","M","M","$","M","?","R","E","R","T","M","R","M","M","?","R","BOSS","M","M","?","M","M","R","E","R","T","?","?","?","$","M","R","BOSS","R","$","E","BOSS"],"build_version":"2019-04-23","purchased_purges":2,"victory":true,"max_hp_per_floor":[82,82,82,82,82,82,82,82,82,82,82,82,82,82,82,82,82,85,88,88,91,91,91,94,94,104,107,107,110,113,79,79,82,82,85,88,88,91,94,94,97,97,97,97,97,97,97,101,101,105,105,105,112,116,116],"card_choices":[{"not_picked":["Sword Boomerang","Shrug It Off"],"picked":"Clothesline","floor":1.0},{"not_picked":["Shockwave","True Grit"],"picked":"Anger","floor":2.0},{"not_picked":["Flex","Perfected Strike"],"picked":"Reaper","floor":5.0},{"not_picked":["Cleave","Burning Pact"],"picked":"Pommel Strike","floor":7.0},{"not_picked":["Burning Pact","Blood for Blood","Clothesline"],"picked":"SKIP","floor":10.0},{"not_picked":["Clash","Seeing Red"],"picked":"Ghostly Armor","floor":12.0},{"not_picked":["True Grit","Brutality"],"picked":"Cleave","floor":13.0},{"not_picked":["Fiend Fire","Dark Embrace"],"picked":"Feed","floor":16.0},{"not_picked":["Cleave","Headbutt"],"picked":"Intimidate+1","floor":18.0},{"not_picked":["Dropkick","Body Slam","Twin Strike"],"picked":"SKIP","floor":19.0},{"not_picked":["Iron Wave","Sword Boomerang","Pommel Strike"],"picked":"SKIP","floor":21.0},{"not_picked":["Anger","Heavy Blade","Pummel"],"picked":"SKIP","floor":24.0},{"not_picked":["Iron Wave","Flex+1"],"picked":"Impervious","floor":27.0},{"not_picked":["Body Slam","Searing Blow","Perfected Strike+1"],"picked":"SKIP","floor":29.0},{"not_picked":["Infernal Blade+1","Anger","Body Slam"],"picked":"SKIP","floor":30.0},{"not_picked":["Brutality","Offering+1"],"picked":"Limit Break+1","floor":33.0},{"not_picked":["Wild Strike+1","Clash+1","Anger+1"],"picked":"SKIP","floor":35.0},{"not_picked":["Headbutt","Heavy Blade+1"],"picked":"Corruption+1","floor":36.0},{"not_picked":["Rage+1","Headbutt+1"],"picked":"Shrug It Off+1","floor":38.0},{"not_picked":["Wild Strike","Reckless Charge"],"picked":"Sentinel+1","floor":39.0},{"not_picked":["Exhume+1","Flame Barrier+1"],"picked":"Reaper","floor":41.0},{"not_picked":["Bloodletting+1","Perfected Strike","Anger+1"],"picked":"SKIP","floor":48.0},{"not_picked":["Shrug It Off+1","Perfected Strike"],"picked":"Heavy Blade","floor":54}],"player_experience":2478323,"relics_obtained":[{"floor":3.0,"key":"Mummified Hand"},{"floor":7.0,"key":"Omamori"},{"floor":9.0,"key":"Matryoshka"},{"floor":10.0,"key":"Shovel"},{"floor":11.0,"key":"Juzu Bracelet"},{"floor":24.0,"key":"Pantograph"},{"floor":26.0,"key":"Potion Belt"},{"floor":26.0,"key":"Pear"},{"floor":32.0,"key":"Toxic Egg 2"},{"floor":41.0,"key":"Lantern"},{"floor":43.0,"key":"Regal Pillow"},{"floor":46.0,"key":"PreservedInsect"},{"floor":52.0,"key":"Bottled Lightning"},{"floor":54,"key":"Pen Nib"}],"event_choices":[{"cards_removed":["Strike_R"],"damage_healed":0.0,"max_hp_gain":0.0,"max_hp_loss":0.0,"gold_gain":0.0,"event_name":"Bonfire Elementals","player_choice":"Offered Basic","floor":4.0,"gold_loss":0.0,"damage_taken":0.0},{"damage_healed":0.0,"max_hp_gain":0.0,"max_hp_loss":0.0,"gold_gain":150.0,"event_name":"Liars Game","player_choice":"AGREE","floor":14.0,"gold_loss":0.0,"damage_taken":0.0,"cards_obtained":["Doubt"]},{"damage_healed":0.0,"max_hp_gain":0.0,"max_hp_loss":0.0,"gold_gain":0.0,"event_name":"Masked Bandits","player_choice":"Paid Fearfully","floor":22.0,"gold_loss":73.0,"damage_taken":0.0},{"damage_healed":0.0,"max_hp_gain":0.0,"max_hp_loss":34.0,"gold_gain":0.0,"event_name":"Vampires","player_choice":"Became a vampire","floor":31.0,"gold_loss":0.0,"damage_taken":0.0,"cards_obtained":["Bite","Bite","Bite","Bite","Bite"]},{"damage_healed":0.0,"max_hp_gain":0.0,"max_hp_loss":0.0,"gold_gain":999.0,"event_name":"MindBloom","player_choice":"Gold","floor":37.0,"gold_loss":0.0,"damage_taken":0.0,"cards_obtained":["Normality","Normality"]},{"damage_healed":0.0,"max_hp_gain":0.0,"max_hp_loss":0.0,"gold_gain":0.0,"event_name":"The Moai Head","player_choice":"Ignored","floor":44.0,"gold_loss":0.0,"damage_taken":0.0},{"cards_removed":["Berserk"],"damage_healed":0.0,"max_hp_gain":0.0,"max_hp_loss":0.0,"gold_gain":0.0,"event_name":"Falling","player_choice":"Removed Power","floor":45.0,"gold_loss":0.0,"damage_taken":0.0}],"is_beta":true,"boss_relics":[{"not_picked":["Busted Crown","Sozu"],"picked":"Runic Pyramid"},{"not_picked":["Philosopher\u0027s Stone","Lizard Tail"],"picked":"Fusion Hammer"}],"items_purged_floors":[20,47],"is_endless":false,"potions_floor_spawned":[2,7,10,21,27,29,35,39,41,54],"ascension_level":15}