{"gold_per_floor":[110,128,141,141,159,195,195,195],"floor_reached":8,"playtime":322,"items_purged":[],"score":116,"play_id":"7c167043-739b-42aa-b793-137a4827feca","local_time":"20190404213556","is_ascension_mode":true,"campfire_choices":[{"data":"Barricade","floor":7,"key":"SMITH"}],"neow_cost":"NONE","seed_source_timestamp":300323160596304,"circlet_count":0,"master_deck":["AscendersBane","Strike_R","Strike_R","Strike_R","Strike_R","Strike_R","Defend_R","Defend_R","Defend_R","Defend_R","Bash","Barricade+1","Perfected Strike","Sword Boomerang","Metallicize","Pommel Strike","Cleave"],"relics":["Burning Blood","Golden Idol","Blue Candle"],"potions_floor_usage":[5,6],"damage_taken":[{"damage":11,"enemies":"Cultist","floor":1,"turns":4},{"damage":10,"enemies":"2 Louse","floor":2,"turns":2},{"damage":24,"enemies":"Jaw Worm","floor":3,"turns":4},{"damage":9,"enemies":"3 Louse","floor":5,"turns":3},{"damage":26,"enemies":"Gremlin Nob","floor":6,"turns":4},{"damage":20,"enemies":"3 Sentries","floor":8,"turns":2}],"seed_played":"-7866113976706137934","potions_obtained":[{"floor":2,"key":"LiquidBronze"},{"floor":3,"key":"PowerPotion"},{"floor":6,"key":"Energy Potion"}],"is_trial":false,"path_per_floor":["M","M","M","?","M","E","R","E"],"character_chosen":"IRONCLAD","items_purchased":[],"campfire_rested":0,"item_purchase_floors":[],"current_hp_per_floor":[63,59,41,41,38,18,18,0],"gold":195,"neow_bonus":"ONE_RANDOM_RARE_CARD","is_prod":false,"is_daily":false,"chose_seed":false,"campfire_upgraded":1,"win_rate":0,"timestamp":1554428156,"path_taken":["M","M","M","?","M","E","R","E"],"build_version":"2019-01-23","purchased_purges":0,"victory":false,"max_hp_per_floor":[75,75,75,68,68,68,68,68],"card_choices":[{"not_picked":["Thunderclap","Anger"],"picked":"Perfected Strike","floor":1},{"not_picked":["Intimidate","Warcry"],"picked":"Sword Boomerang","floor":2},{"not_picked":["Berserk","Anger"],"picked":"Metallicize","floor":3},{"not_picked":["Bloodletting","Body Slam"],"picked":"Pommel Strike","floor":5},{"not_picked":["Headbutt","Blood for Blood"],"picked":"Cleave","floor":6}],"player_experience":1595882,"relics_obtained":[{"floor":6,"key":"Blue Candle"}],"event_choices":[{"damage_healed":0,"gold_gain":0,"player_choice":"Lose Max HP","damage_taken":0,"relics_obtained":["Golden Idol"],"max_hp_gain":0,"max_hp_loss":7,"event_name":"Golden Idol","floor":4,"gold_loss":0}],"is_beta":false,"boss_relics":[],"items_purged_floors":[],"is_endless":false,"potions_floor_spawned":[2,3,6],"killed_by":"3 Sentries","ascension_level":20}