{"gold_per_floor":[109,109,109,37,61,104,118,161,161,161,8,347,365,381,381,471,471,490,540,556,579,579,579,306,346,373,392,405,424,151,151,151,240,240,259,0,14,14,32,32,32,67,67,67,67,67,108,108,108,108,108,108,33,33],"floor_reached":54,"playtime":1937,"items_purged":["Strike_R","Strike_R","Strike_R"],"score":1404,"play_id":"825360cc-e581-43aa-9149-f3a2dc12e197","local_time":"20190411220410","is_ascension_mode":true,"campfire_choices":[{"floor":10.0,"key":"REST"},{"data":"Disarm","floor":15.0,"key":"SMITH"},{"floor":23.0,"key":"REST"},{"floor":32,"key":"REST"},{"data":"Fiend Fire","floor":41,"key":"SMITH"},{"floor":44,"key":"RECALL"},{"floor":46,"key":"REST"},{"floor":49,"key":"REST"},{"data":"Barricade","floor":52,"key":"SMITH"}],"neow_cost":"NONE","seed_source_timestamp":111427323257001,"circlet_count":0,"master_deck":["AscendersBane","Strike_R+1","Defend_R","Defend_R","Defend_R+1","Defend_R","Bash","Double Tap","Disarm+1","Shrug It Off","Twin Strike","Headbutt","Shrug It Off+1","Battle Trance+1","Flame Barrier+1","Rage+1","Fiend Fire+1","Offering+1","Necronomicurse","Clothesline","Warcry+1","Burning Pact+1","True Grit+1","Feed","Immolate","Barricade+1","Spot Weakness+1","Intimidate+1","Thinking Ahead+1","Corruption"],"special_seed":0,"relics":["Burning Blood","Golden Idol","Toxic Egg 2","Unceasing Top","Ice Cream","Old Coin","Lizard Tail","Necronomicon","Art of War","Ancient Tea Set","Pen Nib","Anchor","Sozu","Mummified Hand","Centennial Puzzle","Pocketwatch"],"potions_floor_usage":[25,27,40],"damage_taken":[{"damage":9.0,"enemies":"Jaw Worm","floor":1.0,"turns":4.0},{"damage":0.0,"enemies":"2 Louse","floor":5.0,"turns":3.0},{"damage":37.0,"enemies":"Lagavulin","floor":6.0,"turns":8.0},{"damage":0.0,"enemies":"Cultist","floor":7.0,"turns":3.0},{"damage":24.0,"enemies":"3 Sentries","floor":8.0,"turns":9.0},{"damage":0.0,"enemies":"Lagavulin","floor":12.0,"turns":7.0},{"damage":0.0,"enemies":"2 Fungi Beasts","floor":13.0,"turns":4.0},{"damage":0.0,"enemies":"3 Louse","floor":14.0,"turns":3.0},{"damage":8.0,"enemies":"Hexaghost","floor":16.0,"turns":9.0},{"damage":7.0,"enemies":"3 Byrds","floor":18.0,"turns":3.0},{"damage":7.0,"enemies":"Shell Parasite","floor":20.0,"turns":4.0},{"damage":14.0,"enemies":"Snake Plant","floor":21.0,"turns":4.0},{"damage":26,"enemies":"Slavers","floor":25,"turns":8},{"damage":15,"enemies":"Shelled Parasite and Fungi","floor":27,"turns":5},{"damage":6,"enemies":"3 Cultists","floor":28,"turns":4},{"damage":0,"enemies":"Snake Plant","floor":29,"turns":3},{"damage":38,"enemies":"Automaton","floor":33,"turns":9},{"damage":0,"enemies":"3 Shapes","floor":35,"turns":4},{"damage":0,"enemies":"3 Darklings","floor":37,"turns":1},{"damage":8,"enemies":"Maw","floor":39,"turns":8},{"damage":26,"enemies":"Giant Head","floor":40,"turns":10},{"damage":22,"enemies":"Reptomancer","floor":42,"turns":8},{"damage":6,"enemies":"Nemesis","floor":47,"turns":5},{"damage":79,"enemies":"Donu and Deca","floor":50,"turns":10},{"damage":83,"enemies":"Shield and Spear","floor":54,"turns":3}],"seed_played":"-4673874344775704524","potions_obtained":[{"floor":6.0,"key":"Swift Potion"},{"floor":8.0,"key":"LiquidBronze"},{"floor":12.0,"key":"Ancient Potion"},{"floor":16.0,"key":"Ancient Potion"},{"floor":25,"key":"EssenceOfSteel"},{"floor":28,"key":"SmokeBomb"}],"is_trial":false,"path_per_floor":["M","?","?","$","M","E","M","E","T","R","$","E","M","M","R","B",null,"M","?","M","M","?","R","$","E","T","M","M","M","$","?","R","B",null,"M","$","M","?","M","E","R","E","T","R","$","R","E","?","R","B",null,"R","$","E"],"character_chosen":"IRONCLAD","items_purchased":["Shrug It Off","Perfected Strike","Flame Barrier+1","Art of War","Clothesline","Anchor","Mummified Hand","Corruption"],"campfire_rested":5,"item_purchase_floors":[4,4,11,24,24,30,36,53],"current_hp_per_floor":[65,65,45,45,51,20,26,8,8,28,28,34,40,46,46,44,62,61,61,60,52,31,51,51,31,31,22,22,28,28,28,48,16,55,64,64,70,70,71,51,51,35,35,35,35,57,57,47,69,43,66,66,66,0],"gold":33,"neow_bonus":"ONE_RANDOM_RARE_CARD","is_prod":false,"is_daily":false,"chose_seed":false,"campfire_upgraded":3,"win_rate":0,"timestamp":1555034650,"path_taken":["M","?","?","$","M","E","M","E","T","R","?","E","M","?","R","BOSS","M","?","M","M","?","R","$","E","T","M","M","M","$","?","R","BOSS","M","$","M","?","M","E","R","E","T","R","?","R","E","?","R","BOSS","R","$","E"],"build_version":"2019-04-04","purchased_purges":3,"victory":false,"max_hp_per_floor":[75,68,68,68,68,68,68,68,68,68,68,68,68,68,68,68,68,68,68,68,68,68,68,68,68,68,68,68,68,68,68,68,68,68,71,71,71,71,74,74,74,74,74,74,74,74,74,74,74,74,74,74,74,77],"card_choices":[{"not_picked":["Clash","Sword Boomerang"],"picked":"Disarm","floor":1.0},{"not_picked":["Shrug It Off","Limit Break"],"picked":"Twin Strike","floor":5.0},{"not_picked":["Carnage","Hemokinesis"],"picked":"Headbutt","floor":6.0},{"not_picked":["Headbutt","Whirlwind"],"picked":"Shrug It Off+1","floor":7.0},{"not_picked":["Burning Pact+1","Second Wind+1"],"picked":"Battle Trance+1","floor":8.0},{"not_picked":["Rupture","Dual Wield+1"],"picked":"Rage+1","floor":12.0},{"not_picked":["Flex+1","Armaments+1"],"picked":"Fiend Fire","floor":13.0},{"not_picked":["Pommel Strike","Headbutt"],"picked":"Perfected Strike","floor":14.0},{"not_picked":["Reaper","Brutality"],"picked":"Offering+1","floor":16.0},{"not_picked":["Twin Strike+1","Heavy Blade","Armaments+1"],"picked":"SKIP","floor":18.0},{"not_picked":["Sever Soul","Anger","Iron Wave+1"],"picked":"SKIP","floor":20.0},{"not_picked":["Iron Wave+1","Fiend Fire","Pommel Strike"],"picked":"SKIP","floor":21.0},{"not_picked":["Thunderclap","Combust"],"picked":"Warcry+1","floor":25},{"not_picked":["Clothesline+1","Body Slam+1"],"picked":"Burning Pact+1","floor":27},{"not_picked":["Clothesline","Havoc+1"],"picked":"True Grit+1","floor":28},{"not_picked":["Evolve","Anger","Twin Strike"],"picked":"SKIP","floor":29},{"not_picked":["Juggernaut","Exhume+1"],"picked":"Barricade","floor":33},{"not_picked":["Sword Boomerang+1","Body Slam"],"picked":"Spot Weakness+1","floor":35},{"not_picked":["Wild Strike","Ghostly Armor+1","Infernal Blade+1"],"picked":"SKIP","floor":37},{"not_picked":["Headbutt","Body Slam","Cleave"],"picked":"SKIP","floor":39},{"not_picked":["Cleave+1","Iron Wave","Pommel Strike"],"picked":"SKIP","floor":42},{"not_picked":["Dual Wield+1","Twin Strike"],"picked":"Intimidate+1","floor":47},{"not_picked":["Enlightenment+1","Flash of Steel"],"picked":"Thinking Ahead+1","floor":48}],"player_experience":2393399,"relics_obtained":[{"floor":6.0,"key":"Toxic Egg 2"},{"floor":8.0,"key":"Unceasing Top"},{"floor":9.0,"key":"Ice Cream"},{"floor":12.0,"key":"Old Coin"},{"floor":22.0,"key":"Necronomicon"},{"floor":25,"key":"Ancient Tea Set"},{"floor":26,"key":"Pen Nib"},{"floor":42,"key":"Centennial Puzzle"},{"floor":47,"key":"Pocketwatch"}],"event_choices":[{"damage_healed":0.0,"max_hp_gain":0.0,"max_hp_loss":7.0,"gold_gain":0.0,"event_name":"Golden Idol","player_choice":"Lose Max HP","floor":2.0,"gold_loss":0.0,"damage_taken":0.0,"relics_obtained":["Golden Idol"]},{"damage_healed":0.0,"max_hp_gain":0.0,"max_hp_loss":0.0,"gold_gain":0.0,"event_name":"Shining Light","player_choice":"Entered Light","floor":3.0,"gold_loss":0.0,"damage_taken":20.0,"cards_upgraded":["Defend_R","Strike_R"]},{"damage_healed":0.0,"max_hp_gain":0.0,"max_hp_loss":0.0,"gold_gain":50.0,"event_name":"Nest","player_choice":"Stole From Cult","floor":19.0,"gold_loss":0.0,"damage_taken":0.0},{"damage_healed":0.0,"max_hp_gain":0.0,"max_hp_loss":0.0,"gold_gain":0.0,"event_name":"Cursed Tome","player_choice":"Obtained Book","floor":22.0,"gold_loss":0.0,"damage_taken":21.0},{"damage_healed":0,"gold_gain":0,"cards_transformed":["Perfected Strike","Perfected Strike"],"player_choice":"Became Test Subject","damage_taken":0,"max_hp_gain":0,"max_hp_loss":0,"event_name":"Drug Dealer","floor":31,"gold_loss":0,"cards_obtained":["Feed","Immolate"]},{"cards_removed":["Strike_R"],"damage_healed":0,"gold_gain":0,"player_choice":"Purged","damage_taken":0,"max_hp_gain":0,"max_hp_loss":0,"event_name":"Purifier","floor":38,"gold_loss":0},{"damage_healed":0,"gold_gain":0,"player_choice":"Memory 3","damage_taken":10,"max_hp_gain":0,"max_hp_loss":0,"event_name":"SensoryStone","floor":48,"gold_loss":0}],"is_beta":true,"boss_relics":[{"not_picked":["Eternal Feather","Busted Crown"],"picked":"Lizard Tail"},{"not_picked":["Orrery","Calling Bell"],"picked":"Sozu"}],"items_purged_floors":[11,24,30],"is_endless":false,"potions_floor_spawned":[6,8,12,14,16,18,21,25,28,39,40,42],"killed_by":"Shield and Spear","ascension_level":15}