{"gold_per_floor":[119,131,150,164,4,38,38,38,38,65,91,91],"floor_reached":12,"playtime":587,"items_purged":[],"score":176,"play_id":"7ef22ae5-09f6-4968-8f0f-6e8686156eeb","local_time":"20190424185316","is_ascension_mode":true,"campfire_choices":[{"floor":8,"key":"REST"}],"neow_cost":"NONE","seed_source_timestamp":175972841614979,"circlet_count":0,"master_deck":["AscendersBane","Defend_G","Defend_G","Defend_G","Defend_G","Defend_G","Strike_G","Strike_G","Strike_G","Strike_G","Survivor","Neutralize","Bouncing Flask","Blur","Crippling Poison","Dodge and Roll","Deadly Poison","Dagger Spray","Dodge and Roll","Caltrops"],"relics":["Ring of the Snake","Bronze Scales","The Courier","Toxic Egg 2","Singing Bowl","Oddly Smooth Stone"],"potions_floor_usage":[4,6,10,12],"damage_taken":[{"damage":2,"enemies":"Cultist","floor":1,"turns":5},{"damage":0,"enemies":"2 Louse","floor":2,"turns":3},{"damage":2,"enemies":"Jaw Worm","floor":3,"turns":5},{"damage":11,"enemies":"3 Louse","floor":4,"turns":2},{"damage":27,"enemies":"3 Sentries","floor":6,"turns":8},{"damage":7,"enemies":"Gremlin Nob","floor":10,"turns":4},{"damage":30,"enemies":"Lagavulin","floor":12,"turns":6}],"seed_played":"7321138783167904478","potions_obtained":[{"floor":1,"key":"Explosive Potion"},{"floor":3,"key":"Poison Potion"},{"floor":6,"key":"AttackPotion"},{"floor":10,"key":"LiquidBronze"}],"is_trial":false,"path_per_floor":["M","M","M","M","$","E","?","R","T","E","T","E"],"character_chosen":"THE_SILENT","items_purchased":["Deadly Poison","Dagger Spray","GhostInAJar"],"campfire_rested":1,"item_purchase_floors":[5,5,5],"current_hp_per_floor":[57,57,55,44,44,17,12,31,31,24,24,0],"gold":91,"neow_bonus":"REMOVE_CARD","is_prod":false,"is_daily":false,"chose_seed":false,"campfire_upgraded":0,"win_rate":0,"timestamp":1556146396,"path_taken":["M","M","M","?","?","E","?","R","T","E","?","E"],"build_version":"2019-01-23","purchased_purges":0,"victory":false,"max_hp_per_floor":[66,66,66,66,66,66,66,66,66,66,66,66],"card_choices":[{"not_picked":["Prepared","Endless Agony"],"picked":"Bouncing Flask","floor":1},{"not_picked":["Finisher","Cloak And Dagger"],"picked":"Blur","floor":2},{"not_picked":["Caltrops","Setup"],"picked":"Crippling Poison","floor":3},{"not_picked":["Flechettes","Sucker Punch"],"picked":"Dodge and Roll","floor":4},{"not_picked":["Concentrate","Prepared"],"picked":"Dodge and Roll","floor":6},{"not_picked":["Well Laid Plans","Bane"],"picked":"Caltrops","floor":10}],"player_experience":1912143,"relics_obtained":[{"floor":6,"key":"Bronze Scales"},{"floor":9,"key":"Toxic Egg 2"},{"floor":10,"key":"Singing Bowl"},{"floor":11,"key":"Oddly Smooth Stone"}],"event_choices":[{"damage_healed":0,"gold_gain":0,"player_choice":"Success","damage_taken":5,"relics_obtained":["The Courier"],"max_hp_gain":0,"max_hp_loss":0,"event_name":"Scrap Ooze","floor":7,"gold_loss":0}],"is_beta":false,"boss_relics":[],"items_purged_floors":[],"is_endless":false,"potions_floor_spawned":[1,3,6,10],"killed_by":"Lagavulin","ascension_level":20}