{"gold_per_floor":[116,134,59,74,74,74,102,102,102,131,145,145,158,187,187,187],"floor_reached":16,"playtime":1521,"items_purged":[],"score":290,"play_id":"993918ff-1584-4810-bc1d-34c048fd7f12","local_time":"20190427192816","is_ascension_mode":true,"campfire_choices":[{"data":"Uppercut","floor":6,"key":"SMITH"},{"floor":8,"key":"REST"},{"data":"Whirlwind","floor":12,"key":"SMITH"},{"data":"Bash","floor":15,"key":"SMITH"}],"neow_cost":"CURSE","seed_source_timestamp":436321509091148,"circlet_count":0,"master_deck":["AscendersBane","Strike_R","Strike_R","Strike_R","Strike_R","Strike_R","Defend_R","Defend_R","Defend_R","Defend_R","Bash+1","Uppercut+1","Whirlwind+1","Shrug It Off","Flame Barrier","Flame Barrier","True Grit","Ghostly Armor","Shrug It Off","Juggernaut"],"relics":["Burning Blood","FossilizedHelix","Peace Pipe","Paper Frog","Ancient Tea Set","Pen Nib"],"potions_floor_usage":[10,10,16],"damage_taken":[{"damage":2,"enemies":"Small Slimes","floor":1,"turns":4},{"damage":0,"enemies":"Cultist","floor":2,"turns":4},{"damage":0,"enemies":"2 Louse","floor":4,"turns":3},{"damage":48,"enemies":"Gremlin Nob","floor":7,"turns":6},{"damage":4,"enemies":"Lagavulin","floor":10,"turns":7},{"damage":7,"enemies":"Lots of Slimes","floor":11,"turns":3},{"damage":1,"enemies":"Exordium Thugs","floor":13,"turns":4},{"damage":0,"enemies":"Gremlin Nob","floor":14,"turns":4},{"damage":75,"enemies":"Hexaghost","floor":16,"turns":14}],"seed_played":"2570760774867326239","potions_obtained":[{"floor":2,"key":"SteroidPotion"},{"floor":7,"key":"SkillPotion"},{"floor":14,"key":"Swift Potion"}],"is_trial":false,"path_per_floor":["M","M","?","M","?","R","E","R","T","E","M","R","M","E","R","B"],"character_chosen":"IRONCLAD","items_purchased":[],"campfire_rested":1,"item_purchase_floors":[],"current_hp_per_floor":[72,75,75,75,75,75,33,55,55,57,56,56,61,67,67,0],"gold":187,"neow_bonus":"ONE_RARE_RELIC","is_prod":false,"is_daily":false,"chose_seed":false,"campfire_upgraded":3,"win_rate":0,"timestamp":1556407696,"path_taken":["M","M","?","M","?","R","E","R","T","E","M","R","?","E","R","BOSS"],"build_version":"2019-01-23","purchased_purges":0,"victory":false,"max_hp_per_floor":[75,75,75,75,75,75,75,75,75,75,75,75,75,75,75,75],"card_choices":[{"not_picked":["Havoc","Wild Strike"],"picked":"Uppercut","floor":1},{"not_picked":["Clash","Headbutt"],"picked":"Whirlwind","floor":2},{"not_picked":["Headbutt","Sword Boomerang"],"picked":"Shrug It Off","floor":4},{"not_picked":["Dual Wield","Sever Soul"],"picked":"Flame Barrier","floor":7},{"not_picked":["Hemokinesis","Clash"],"picked":"True Grit","floor":10},{"not_picked":["Whirlwind","Combust"],"picked":"Ghostly Armor","floor":11},{"not_picked":["Anger","True Grit"],"picked":"Shrug It Off","floor":13},{"not_picked":["Cleave","Evolve"],"picked":"Juggernaut","floor":14}],"player_experience":1999521,"relics_obtained":[{"floor":7,"key":"Peace Pipe"},{"floor":9,"key":"Paper Frog"},{"floor":10,"key":"Ancient Tea Set"},{"floor":14,"key":"Pen Nib"}],"event_choices":[{"cards_removed":["Writhe"],"damage_healed":0,"gold_gain":0,"player_choice":"Card Removal","damage_taken":0,"max_hp_gain":0,"max_hp_loss":0,"event_name":"The Cleric","floor":3,"gold_loss":75},{"damage_healed":0,"gold_gain":0,"player_choice":"1 cards matched","damage_taken":0,"max_hp_gain":0,"max_hp_loss":0,"event_name":"Match and Keep!","floor":5,"gold_loss":0,"cards_obtained":["Flame Barrier"]}],"is_beta":false,"boss_relics":[],"items_purged_floors":[],"is_endless":false,"potions_floor_spawned":[2,7,14],"killed_by":"Hexaghost","ascension_level":20}