{"gold_per_floor":[14,24,24,39,39,72,72,72,72,72,72,99,110,130,130,208,208,227,246,13,27,27],"floor_reached":22,"playtime":642,"items_purged":[],"score":431,"play_id":"140ea2c5-6c7c-4dd6-b61b-7e2feaa35bb5","local_time":"20190414231248","is_ascension_mode":true,"campfire_choices":[{"floor":7,"key":"REST"},{"floor":10,"key":"REST"},{"floor":15,"key":"REST"}],"neow_cost":"NO_GOLD","seed_source_timestamp":376093785175694,"circlet_count":0,"master_deck":["AscendersBane","Strike_B","Strike_B","Defend_B","Defend_B","Defend_B","Defend_B","Zap+1","Dualcast","Sweeping Beam","Gash","Echo Form","Steam","Hologram","Coolheaded","Gash","Hologram","FTL","Sunder+1","Electrodynamics","Fission"],"relics":["Cracked Core","Shuriken","Pen Nib","Gremlin Horn","Happy Flower","Bottled Tornado","Orrery"],"potions_floor_usage":[6,16,18,22],"damage_taken":[{"damage":0,"enemies":"Small Slimes","floor":1,"turns":5},{"damage":2,"enemies":"Jaw Worm","floor":2,"turns":3},{"damage":0,"enemies":"Cultist","floor":4,"turns":4},{"damage":20,"enemies":"3 Sentries","floor":6,"turns":6},{"damage":35,"enemies":"Gremlin Nob","floor":12,"turns":4},{"damage":2,"enemies":"2 Fungi Beasts","floor":13,"turns":3},{"damage":0,"enemies":"Blue Slaver","floor":14,"turns":3},{"damage":0,"enemies":"Slime Boss","floor":16,"turns":5},{"damage":0,"enemies":"Spheric Guardian","floor":18,"turns":3},{"damage":12,"enemies":"Chosen","floor":19,"turns":4},{"damage":50,"enemies":"Snake Plant","floor":21,"turns":6},{"damage":31,"enemies":"Chosen and Byrds","floor":22,"turns":4}],"seed_played":"2943891553708386181","potions_obtained":[{"floor":2,"key":"Strength Potion"},{"floor":14,"key":"AttackPotion"},{"floor":16,"key":"SteroidPotion"},{"floor":21,"key":"Swift Potion"}],"is_trial":false,"path_per_floor":["M","M","?","M","?","E","R","T","T","R","$","E","M","M","R","B",null,"M","M","$","M","M"],"character_chosen":"DEFECT","items_purchased":["Electrodynamics","Fission"],"campfire_rested":3,"item_purchase_floors":[20,20],"current_hp_per_floor":[64,62,36,36,36,16,37,37,37,58,58,23,21,21,42,42,64,64,52,52,2,0],"gold":27,"neow_bonus":"REMOVE_TWO","is_prod":false,"is_daily":false,"chose_seed":false,"campfire_upgraded":0,"win_rate":0,"timestamp":1555297968,"path_taken":["M","M","?","M","?","E","R","?","T","R","$","E","M","M","R","BOSS","M","M","$","?","M"],"build_version":"2019-04-04","purchased_purges":0,"victory":false,"max_hp_per_floor":[71,71,71,71,71,71,71,71,71,71,71,71,71,71,71,71,71,71,71,71,71,71],"card_choices":[{"not_picked":["Turbo","Go for the Eyes"],"picked":"Sweeping Beam","floor":1},{"not_picked":["Barrage","Redo","Leap"],"picked":"SKIP","floor":2},{"not_picked":["Storm","Static Discharge"],"picked":"Gash","floor":4},{"not_picked":["Coolheaded","Turbo"],"picked":"Echo Form","floor":6},{"not_picked":["Hello World","Redo"],"picked":"Steam","floor":12},{"not_picked":["Consume","Barrage","Go for the Eyes"],"picked":"SKIP","floor":13},{"not_picked":["Hello World","Stack"],"picked":"Hologram","floor":14},{"not_picked":["Leap","Reprogram"],"picked":"Coolheaded","floor":17},{"not_picked":["Streamline","Loop"],"picked":"Gash","floor":17},{"not_picked":["Lockon","Auto Shields"],"picked":"Hologram","floor":17},{"not_picked":["Heatsinks","Beam Cell"],"picked":"FTL","floor":18},{"not_picked":["Coolheaded","Steam"],"picked":"Sunder+1","floor":19},{"not_picked":["Barrage","Meteor Strike","Static Discharge"],"picked":"SKIP","floor":21}],"player_experience":2408769,"relics_obtained":[{"floor":6,"key":"Pen Nib"},{"floor":8,"key":"Gremlin Horn"},{"floor":9,"key":"Happy Flower"},{"floor":12,"key":"Bottled Tornado"}],"event_choices":[{"damage_healed":0,"gold_gain":0,"player_choice":"Success","damage_taken":26,"relics_obtained":["Shuriken"],"max_hp_gain":0,"max_hp_loss":0,"event_name":"Scrap Ooze","floor":3,"gold_loss":0},{"damage_healed":0,"gold_gain":0,"player_choice":"Grow","damage_taken":0,"max_hp_gain":0,"max_hp_loss":0,"event_name":"Living Wall","floor":5,"gold_loss":0,"cards_upgraded":["Zap"]}],"is_beta":true,"boss_relics":[{"not_picked":["White Beast Statue","Velvet Choker"],"picked":"Orrery"}],"items_purged_floors":[],"is_endless":false,"potions_floor_spawned":[2,14,16,21],"killed_by":"Chosen and Byrds","ascension_level":15}