{"path_per_floor":["M","?","?","M","M","R","T","M","T","?","M","R","E","M","R"],"character_chosen":"THE_SILENT","items_purchased":[],"gold_per_floor":[149,149,149,161,178,178,178,196,196,196,209,209,241,260,260],"floor_reached":16,"campfire_rested":1,"playtime":1083,"current_hp_per_floor":[64,64,57,57,51,51,51,49,49,34,25,25,20,19,41],"items_purged":[],"gold":260,"score":133,"play_id":"f263b3b0-a58a-4c11-aafc-031650fb27ac","is_prod":false,"is_daily":false,"is_ascension_mode":true,"campfire_upgraded":2,"path_taken":["M","?","?","?","M","R","?","M","T","?","M","R","E","?","R","BOSS"],"build_version":"2018-02-15-PROD1","purchased_purges":0,"victory":false,"master_deck":["Defend_G+1","Defend_G+1","Defend_G","Defend_G","Strike_G","Strike_G","Strike_G+1","Strike_G","Survivor","Neutralize","Distraction+1","Prepared+1","Malaise","Catalyst","Underhanded Strike","Eviscerate","Leg Sweep","Noxious Fumes"],"max_hp_per_floor":[75,75,75,75,75,75,75,75,75,75,75,75,75,75,75],"relics":["Tiny House","Shovel","Dead Branch","Matryoshka"],"card_choices":[{"not_picked":["Dagger Throw","Dagger Spray"],"picked":"Distraction"},{"not_picked":["PiercingWail","Deadly Poison"],"picked":"Prepared"},{"not_picked":["Backflip","Flechettes"],"picked":"Malaise"},{"not_picked":["Sucker Punch","Slice"],"picked":"Catalyst"},{"not_picked":["Corpse Explosion","Backflip"],"picked":"Underhanded Strike"},{"not_picked":["Escape Plan","Distraction"],"picked":"Eviscerate"},{"not_picked":["Riddle With Holes","Flying Knee"],"picked":"Leg Sweep"},{"not_picked":["PiercingWail","Dagger Throw"],"picked":"Noxious Fumes"}],"player_experience":386553,"potions_floor_usage":[11,13,14,14],"damage_taken":[{"damage":4,"enemies":"Cultist","floor":1,"turns":6},{"damage":0,"enemies":"Jaw Worm","floor":4,"turns":5},{"damage":6,"enemies":"Small Slimes","floor":5,"turns":5},{"damage":2,"enemies":"Blue Slaver","floor":8,"turns":7},{"damage":9,"enemies":"Red Slaver","floor":11,"turns":5},{"damage":5,"enemies":"Gremlin Nob","floor":13,"turns":4},{"damage":1,"enemies":"Exordium Thugs","floor":14,"turns":3},{"damage":50,"enemies":"Slime Boss","floor":16,"turns":8}],"event_choices":[{"event_name":"Bonfire Elementals","player_choice":"BASIC","floor":2,"damage_taken":0},{"event_name":"Golden Wing","player_choice":"Card Removal","floor":3,"damage_taken":0},{"event_name":"Shining Light","player_choice":"Entered Light","floor":10,"damage_taken":0}],"boss_relics":[],"potions_floor_spawned":[1,8,11],"seed_played":"3591947042290071954","killed_by":"Slime Boss","ascension_level":6,"is_trial":false}