{"gold_per_floor":[111,123,11,11,26,53,53,84,177,219,256,268,314,344,356,442,454,479,491,503,515,539,551,593,623,660,672,694,706,718,741,753,842,854,881,941,953,983,221,246,246,263,289,289,389,51,51,104,104,104,104],"floor_reached":51,"playtime":3290,"items_purged":[],"score":1498,"play_id":"ca808bf7-0a14-4748-b55e-4edf867477f2","local_time":"20190511091820","is_ascension_mode":true,"campfire_choices":[{"floor":7.0,"key":"REST"},{"floor":12.0,"key":"REST"},{"data":"Inflame","floor":15.0,"key":"SMITH"},{"data":"True Grit","floor":23.0,"key":"SMITH"},{"data":"Double Tap","floor":27.0,"key":"SMITH"},{"floor":32.0,"key":"REST"},{"data":"1","floor":41,"key":"LIFT"},{"data":"2","floor":44,"key":"LIFT"},{"floor":47,"key":"RECALL"},{"floor":49,"key":"REST"}],"neow_cost":"PERCENT_DAMAGE","seed_source_timestamp":1607613183656939,"circlet_count":0,"master_deck":["AscendersBane","Defend_R","Defend_R","Defend_R","Defend_R","Bash","Headbutt","Battle Trance+1","Inflame+1","Shrug It Off","Shrug It Off+1","Clothesline","Reaper","Twin Strike","Uppercut+1","Spot Weakness","Double Tap+1","Flame Barrier","True Grit+1","Shockwave","Bite","Bite","Bite","Bite","Bite","Inflame+1","Exhume","Sword Boomerang+1","Burning Pact","Dark Shackles","HandOfGreed","Flame Barrier+1"],"special_seed":0,"relics":["Burning Blood","Question Card","MawBank","Tiny Chest","War Paint","Ancient Tea Set","Busted Crown","Enchiridion","Bag of Marbles","Runic Cube","Girya","ClockworkSouvenir","Kunai","Juzu Bracelet","Oddly Smooth Stone","Prayer Wheel","Magic Flower","Vajra"],"potions_floor_usage":[33,36,40,40],"damage_taken":[{"damage":9.0,"enemies":"Small Slimes","floor":1.0,"turns":6.0},{"damage":7.0,"enemies":"Jaw Worm","floor":2.0,"turns":3.0},{"damage":0.0,"enemies":"2 Louse","floor":5.0,"turns":3.0},{"damage":27.0,"enemies":"Lagavulin","floor":6.0,"turns":5.0},{"damage":34.0,"enemies":"Gremlin Nob","floor":8.0,"turns":5.0},{"damage":31.0,"enemies":"Lagavulin","floor":10.0,"turns":8.0},{"damage":27.0,"enemies":"3 Sentries","floor":13.0,"turns":7.0},{"damage":0.0,"enemies":"2 Fungi Beasts","floor":14.0,"turns":4.0},{"damage":23.0,"enemies":"Slime Boss","floor":16.0,"turns":7.0},{"damage":20.0,"enemies":"2 Thieves","floor":18.0,"turns":4.0},{"damage":28.0,"enemies":"Shell Parasite","floor":22.0,"turns":5.0},{"damage":4.0,"enemies":"Gremlin Leader","floor":24.0,"turns":5.0},{"damage":0.0,"enemies":"Centurion and Healer","floor":25.0,"turns":5.0},{"damage":19.0,"enemies":"Snake Plant","floor":28.0,"turns":3.0},{"damage":25.0,"enemies":"Shelled Parasite and Fungi","floor":31.0,"turns":3.0},{"damage":49,"enemies":"Collector","floor":33,"turns":7},{"damage":64,"enemies":"3 Darklings","floor":35,"turns":8},{"damage":8,"enemies":"2 Orb Walkers","floor":36,"turns":3},{"damage":0,"enemies":"3 Shapes","floor":38,"turns":4},{"damage":50,"enemies":"Reptomancer","floor":40,"turns":7},{"damage":37,"enemies":"Maw","floor":42,"turns":7},{"damage":0,"enemies":"Mind Bloom Boss Battle","floor":45,"turns":6},{"damage":65,"enemies":"Giant Head","floor":48,"turns":8},{"damage":144,"enemies":"Time Eater","floor":50,"turns":12},{"damage":16,"enemies":"Donu and Deca","floor":51,"turns":3}],"seed_played":"8121535568325256616","potions_obtained":[{"floor":5.0,"key":"SkillPotion"},{"floor":8.0,"key":"Regen Potion"},{"floor":13.0,"key":"FearPotion"},{"floor":14.0,"key":"Dexterity Potion"},{"floor":16.0,"key":"SkillPotion"},{"floor":22.0,"key":"BloodPotion"},{"floor":25.0,"key":"AttackPotion"},{"floor":33,"key":"AttackPotion"},{"floor":36,"key":"Regen Potion"},{"floor":38,"key":"Fire Potion"},{"floor":45,"key":"FearPotion"}],"is_trial":false,"path_per_floor":["M","M","$","?","M","E","R","E","T","E","T","R","E","M","R","B",null,"M","?","?","?","M","R","E","M","T","R","M","?","?","M","R","B",null,"M","?","?","M","$","E","R","M","T","R","?","$","R","E","R","B","B"],"character_chosen":"IRONCLAD","items_purchased":["Inflame","Shrug It Off","ClockworkSouvenir","Kunai","Dark Shackles","HandOfGreed","Magic Flower"],"campfire_rested":4,"item_purchase_floors":[3,3,39,39,39,39,46],"current_hp_per_floor":[61,60,60,33,39,18,44,16,16,12,12,38,31,45,45,50,79,67,67,46,46,36,36,48,66,66,66,55,29,29,34,62,61,86,85,87,87,94,94,68,68,61,61,61,80,80,80,42,70,13,0],"gold":104,"neow_bonus":"TWENTY_PERCENT_HP_BONUS","is_prod":false,"is_daily":false,"chose_seed":false,"campfire_upgraded":3,"win_rate":0,"timestamp":1557580700,"path_taken":["M","M","$","?","M","E","R","E","T","E","?","R","E","M","R","BOSS","M","?","?","?","?","R","E","M","T","R","M","?","?","M","R","BOSS","M","?","?","M","$","E","R","M","T","R","?","?","R","E","R","BOSS","BOSS"],"build_version":"2019-01-23","purchased_purges":0,"victory":false,"max_hp_per_floor":[89,89,89,89,89,89,89,89,89,89,89,89,89,89,89,89,89,89,89,89,89,89,89,89,89,89,89,89,94,94,94,94,94,94,94,94,94,94,94,94,94,94,94,94,94,94,94,94,94,94,94],"card_choices":[{"not_picked":["True Grit","Rupture"],"picked":"Headbutt","floor":1.0},{"not_picked":["Fire Breathing","Heavy Blade"],"picked":"Battle Trance","floor":2.0},{"not_picked":["Thunderclap","Armaments"],"picked":"Shrug It Off","floor":5.0},{"not_picked":["Power Through","Clash"],"picked":"Clothesline","floor":6.0},{"not_picked":["Clothesline","Dual Wield","Clash"],"picked":"Reaper","floor":8.0},{"not_picked":["Clothesline","Berserk","Second Wind"],"picked":"Twin Strike","floor":10.0},{"not_picked":["Sword Boomerang","Clothesline","True Grit"],"picked":"Uppercut","floor":13.0},{"not_picked":["Flex","Rupture","Havoc"],"picked":"Spot Weakness","floor":14.0},{"not_picked":["Dark Embrace","Fiend Fire","Barricade"],"picked":"Double Tap","floor":16.0},{"not_picked":["Fire Breathing","Wild Strike+1"],"picked":"SKIP","floor":18.0},{"not_picked":["Iron Wave+1"],"picked":"True Grit","floor":22.0},{"not_picked":["Thunderclap","Flex"],"picked":"SKIP","floor":24.0},{"not_picked":["Evolve","Anger"],"picked":"SKIP","floor":25.0},{"not_picked":["Pommel Strike"],"picked":"Shockwave","floor":28.0},{"not_picked":["Rampage"],"picked":"Inflame+1","floor":31.0},{"not_picked":["Reaper"],"picked":"Exhume","floor":33},{"not_picked":["Power Through","Armaments"],"picked":"SKIP","floor":35},{"not_picked":["Iron Wave+1"],"picked":"Sword Boomerang+1","floor":36},{"not_picked":["Searing Blow+1"],"picked":"Burning Pact","floor":38},{"not_picked":["Cleave","Warcry"],"picked":"SKIP","floor":40},{"not_picked":["Inflame","Carnage"],"picked":"SKIP","floor":42},{"not_picked":["Whirlwind+1"],"picked":"Flame Barrier+1","floor":48}],"player_experience":2561154,"relics_obtained":[{"floor":6.0,"key":"Question Card"},{"floor":8.0,"key":"MawBank"},{"floor":9.0,"key":"Tiny Chest"},{"floor":10.0,"key":"War Paint"},{"floor":11.0,"key":"Ancient Tea Set"},{"floor":13.0,"key":"Blood Vial"},{"floor":20.0,"key":"Enchiridion"},{"floor":24.0,"key":"Bag of Marbles"},{"floor":36,"key":"Girya"},{"floor":40,"key":"Juzu Bracelet"},{"floor":43,"key":"Oddly Smooth Stone"},{"floor":45,"key":"Prayer Wheel"},{"floor":48,"key":"Vajra"}],"event_choices":[{"damage_healed":0.0,"max_hp_gain":0.0,"max_hp_loss":0.0,"gold_gain":0.0,"event_name":"Shining Light","player_choice":"Entered Light","floor":4.0,"gold_loss":0.0,"damage_taken":27.0,"cards_upgraded":["Strike_R","Strike_R"]},{"damage_healed":0.0,"max_hp_gain":0.0,"max_hp_loss":0.0,"gold_gain":0.0,"event_name":"The Library","player_choice":"Read","floor":19.0,"gold_loss":0.0,"damage_taken":0.0,"cards_obtained":["Flame Barrier"]},{"damage_healed":0.0,"max_hp_gain":0.0,"max_hp_loss":0.0,"gold_gain":0.0,"event_name":"Cursed Tome","player_choice":"Obtained Book","floor":20.0,"gold_loss":0.0,"damage_taken":21.0},{"damage_healed":0.0,"max_hp_gain":0.0,"max_hp_loss":0.0,"gold_gain":0.0,"event_name":"Accursed Blacksmith","player_choice":"Forge","floor":21.0,"gold_loss":0.0,"damage_taken":0.0,"cards_upgraded":["Uppercut"]},{"damage_healed":0.0,"max_hp_gain":5.0,"max_hp_loss":0.0,"gold_gain":0.0,"event_name":"Forgotten Altar","player_choice":"Shed Blood","floor":29.0,"gold_loss":0.0,"damage_taken":31.0},{"damage_healed":0.0,"max_hp_gain":0.0,"max_hp_loss":0.0,"gold_gain":0.0,"event_name":"Vampires","player_choice":"Became a vampire (Vial)","floor":30.0,"relics_lost":["Blood Vial"],"gold_loss":0.0,"damage_taken":0.0,"cards_obtained":["Bite","Bite","Bite","Bite","Bite"]},{"damage_healed":0,"gold_gain":0,"player_choice":"Fight","damage_taken":0,"max_hp_gain":0,"max_hp_loss":0,"event_name":"Mysterious Sphere","floor":36,"gold_loss":0},{"damage_healed":0,"gold_gain":0,"player_choice":"Ignored","damage_taken":0,"max_hp_gain":0,"max_hp_loss":0,"event_name":"Tomb of Lord Red Mask","floor":37,"gold_loss":0},{"damage_healed":0,"gold_gain":0,"player_choice":"Fight","damage_taken":0,"max_hp_gain":0,"max_hp_loss":0,"event_name":"MindBloom","floor":45,"gold_loss":0}],"is_beta":false,"boss_relics":[{"not_picked":["Cursed Key","White Beast Statue"],"picked":"Busted Crown"},{"not_picked":["Mark of Pain","Orrery"],"picked":"Runic Cube"}],"items_purged_floors":[],"is_endless":false,"potions_floor_spawned":[5,8,13,14,16,22,25,33,36,38,45],"killed_by":"Donu and Deca","ascension_level":20}