{"gold_per_floor":[117,117,136,136,148,148,148,183,183,183,214,214,234,248,248,325,325,345,345,345,357,25,25,25],"floor_reached":24,"playtime":599,"items_purged":[],"score":398,"play_id":"70d86372-d527-4275-a3d8-18256f385716","local_time":"20180826004820","is_ascension_mode":true,"campfire_choices":[{"data":"Defend_G","floor":7,"key":"SMITH"},{"floor":10,"key":"REST"},{"floor":12,"key":"REST"},{"data":"Bouncing Flask","floor":15,"key":"SMITH"},{"floor":23,"key":"REST"}],"neow_cost":"NONE","seed_source_timestamp":917964834521674,"circlet_count":0,"master_deck":["Defend_G","Defend_G","Defend_G","Defend_G+1","Defend_G","Strike_G","Strike_G+1","Strike_G","Strike_G","Strike_G","Survivor","Neutralize+1","AscendersBane","Dagger Spray+1","Dagger Throw","Dash","Bouncing Flask+1","Escape Plan","After Image","Backflip","Footwork","Apotheosis"],"relics":["Ring of the Snake","NeowsBlessing","Nunchaku","Dead Branch","Kunai","Singing Bowl","Runic Dome"],"potions_floor_usage":[8,14,20,21,24],"damage_taken":[{"damage":0,"enemies":"2 Louse","floor":1,"turns":1},{"damage":0,"enemies":"Jaw Worm","floor":3,"turns":1},{"damage":0,"enemies":"Cultist","floor":5,"turns":1},{"damage":31,"enemies":"Gremlin Nob","floor":8,"turns":5},{"damage":12,"enemies":"Lagavulin","floor":11,"turns":8},{"damage":0,"enemies":"2 Fungi Beasts","floor":13,"turns":2},{"damage":0,"enemies":"Lots of Slimes","floor":14,"turns":2},{"damage":20,"enemies":"The Guardian","floor":16,"turns":10},{"damage":30,"enemies":"3 Byrds","floor":18,"turns":3},{"damage":7,"enemies":"Colosseum Slavers","floor":20,"turns":5},{"damage":8,"enemies":"Shell Parasite","floor":21,"turns":5},{"damage":54,"enemies":"Gremlin Leader","floor":24,"turns":6}],"seed_played":"3800962962045388135","potions_obtained":[{"floor":3,"key":"Energy Potion"},{"floor":11,"key":"Explosive Potion"},{"floor":16,"key":"GamblersBrew"},{"floor":18,"key":"AttackPotion"},{"floor":21,"key":"SteroidPotion"}],"is_trial":false,"path_per_floor":["M","?","M","T","M","?","R","E","T","R","E","R","M","M","R","B",null,"M","?","?","M","$","R"],"character_chosen":"THE_SILENT","items_purchased":["Footwork","Apotheosis","Regen Potion"],"campfire_rested":3,"item_purchase_floors":[22,22,22],"current_hp_per_floor":[59,39,39,39,39,39,39,8,8,27,15,34,34,36,36,16,55,25,25,18,12,12,33,0],"gold":25,"neow_bonus":"THREE_ENEMY_KILL","is_prod":false,"is_daily":false,"chose_seed":false,"campfire_upgraded":2,"win_rate":0,"timestamp":1535269700,"path_taken":["M","?","M","?","?","?","R","E","T","R","E","R","M","M","R","BOSS","M","?","?","M","$","R","E"],"build_version":"2018-08-23v2","purchased_purges":0,"victory":false,"max_hp_per_floor":[66,66,66,66,66,66,66,66,66,66,66,66,66,68,68,68,68,68,68,68,70,70,70,70],"card_choices":[{"not_picked":["Underhanded Strike","Blade Dance"],"picked":"Dagger Spray","floor":1},{"not_picked":["Well Laid Plans","Outmaneuver"],"picked":"Dagger Throw","floor":3},{"not_picked":["Expertise","Acrobatics","Endless Agony"],"picked":"SKIP","floor":5},{"not_picked":["Accuracy","Endless Agony"],"picked":"Dash","floor":8},{"not_picked":["Outmaneuver","Caltrops"],"picked":"Bouncing Flask","floor":11},{"not_picked":["Concentrate","Eviscerate"],"picked":"Escape Plan","floor":13},{"not_picked":["Predator","Poisoned Stab","Slice"],"picked":"Singing Bowl","floor":14},{"not_picked":["A Thousand Cuts","Storm of Steel"],"picked":"After Image","floor":16},{"not_picked":["Acrobatics+1","Poisoned Stab"],"picked":"Backflip","floor":18},{"not_picked":["Poisoned Stab","Deadly Poison","Riddle With Holes+1"],"picked":"Singing Bowl","floor":21}],"player_experience":899375,"relics_obtained":[{"floor":4,"key":"Nunchaku"},{"floor":8,"key":"Dead Branch"},{"floor":9,"key":"Kunai"},{"floor":11,"key":"Singing Bowl"}],"event_choices":[{"event_name":"Shining Light","player_choice":"Entered Light","floor":2,"damage_taken":0},{"event_name":"Upgrade Shrine","player_choice":"Upgraded","floor":6,"damage_taken":0},{"event_name":"The Mausoleum","player_choice":"No","floor":19,"damage_taken":0},{"event_name":"Colosseum","player_choice":"Fight","floor":20,"damage_taken":0},{"event_name":"Colosseum","player_choice":"Fled From Nobs","floor":20,"damage_taken":0}],"is_beta":true,"boss_relics":[{"not_picked":["Lizard Tail","Empty Cage"],"picked":"Runic Dome"}],"items_purged_floors":[],"is_endless":false,"potions_floor_spawned":[3,11,16,18,21],"killed_by":"Gremlin Leader","ascension_level":19}