{"path_per_floor":["M","?","M","$","?","R","M","R","T","R","?","M","M","M","R","B",null,"M"],"character_chosen":"DEFECT","items_purchased":["FTL","Defragment"],"gold_per_floor":[115,115,129,18,18,18,38,38,64,64,64,74,94,108,108,181,211,222,162],"floor_reached":19,"campfire_rested":0,"playtime":2048,"item_purchase_floors":[4,4],"current_hp_per_floor":[60,55,48,48,48,48,39,39,39,39,39,39,31,29,29,21,59,26,0],"items_purged":[],"gold":162,"score":278,"play_id":"a0269456-9c24-47f7-99cc-0e4a55433872","local_time":"20180613203803","is_prod":false,"is_daily":false,"chose_seed":false,"is_ascension_mode":true,"campfire_upgraded":4,"win_rate":0,"timestamp":1528947483,"campfire_choices":[{"data":"Zap","floor":6,"key":"SMITH"},{"data":"Defragment","floor":8,"key":"SMITH"},{"data":"Dualcast","floor":10,"key":"SMITH"},{"data":"Stack","floor":15,"key":"SMITH"}],"path_taken":["M","?","M","$","?","R","M","R","T","R","?","M","M","M","R","BOSS","M","M"],"build_version":"2018-06-13","seed_source_timestamp":296950487749374,"purchased_purges":0,"victory":false,"master_deck":["Strike_B","Strike_B","Strike_B","Defend_B","Defend_B","Defend_B","Defend_B","Zap+1","Dualcast+1","AscendersBane","Coolheaded","Go for the Eyes","FTL","Defragment+1","Gash","FTL","Ball Lightning","Stack+1","Echo Form","Parasite","Writhe","Decay","BootSequence"],"max_hp_per_floor":[71,71,71,71,71,71,71,71,71,71,71,71,71,71,71,71,71,71,71],"special_seed":0,"relics":["Cracked Core","Bag of Marbles","Lantern","Calling Bell","Tiny Chest","Molten Egg 2","Girya"],"card_choices":[{"not_picked":["Aggregate","Hello World"],"picked":"Coolheaded","floor":1},{"not_picked":["Gash","Streamline"],"picked":"Go for the Eyes","floor":3},{"not_picked":["Rip and Tear","Auto Shields"],"picked":"Gash","floor":7},{"not_picked":["Coolheaded","Ball Lightning"],"picked":"FTL","floor":12},{"not_picked":["Cold Snap","Stack"],"picked":"Ball Lightning","floor":13},{"not_picked":["Hologram","Coolheaded"],"picked":"Stack","floor":14},{"not_picked":["Creative AI","Thunder Strike"],"picked":"Echo Form","floor":16},{"not_picked":["Beam Cell+1","Self Repair"],"picked":"BootSequence","floor":18}],"player_experience":658273,"potions_floor_usage":[16],"damage_taken":[{"damage":4,"enemies":"Small Slimes","floor":1,"turns":3},{"damage":7,"enemies":"2 Louse","floor":3,"turns":2},{"damage":9,"enemies":"Jaw Worm","floor":7,"turns":2},{"damage":0,"enemies":"Large Slime","floor":12,"turns":4},{"damage":8,"enemies":"3 Louse","floor":13,"turns":3},{"damage":2,"enemies":"Gremlin Gang","floor":14,"turns":3},{"damage":8,"enemies":"The Guardian","floor":16,"turns":12},{"damage":33,"enemies":"3 Byrds","floor":18,"turns":7},{"damage":26,"enemies":"2 Thieves","floor":19,"turns":2}],"relics_obtained":[{"floor":9,"key":"Lantern"},{"floor":17,"key":"Tiny Chest"},{"floor":17,"key":"Molten Egg 2"},{"floor":17,"key":"Girya"}],"event_choices":[{"event_name":"Scrap Ooze","player_choice":"unsuccessful","floor":2,"damage_taken":5},{"event_name":"Shining Light","player_choice":"Ignored","floor":5,"damage_taken":0},{"event_name":"Bonfire Elementals","player_choice":"BASIC","floor":11,"damage_taken":0}],"boss_relics":[{"not_picked":["Black Star","Pandora\u0027s Box"],"picked":"Calling Bell"}],"items_purged_floors":[],"potions_floor_spawned":[1,12,13,18],"seed_played":"3613511752163088124","killed_by":"2 Thieves","ascension_level":15,"potions_obtained":[{"floor":1,"key":"EssenceOfSteel"},{"floor":12,"key":"Energy Potion"},{"floor":18,"key":"Poison Potion"}],"is_trial":false}