{"gold_per_floor":[17,32,82,82,7,7,39,39,120,133,144,155,155,170,170,170],"floor_reached":16,"playtime":355,"items_purged":[],"score":179,"play_id":"ed4c5f76-b165-49c4-8e0a-81673ff3d663","local_time":"20180809214458","is_ascension_mode":true,"campfire_choices":[{"data":"Neutralize","floor":6,"key":"SMITH"},{"floor":13,"key":"REST"},{"floor":15,"key":"REST"}],"neow_cost":"NO_GOLD","seed_source_timestamp":367586243218286,"circlet_count":0,"master_deck":["Defend_G","Defend_G","Defend_G","Defend_G","Defend_G","Strike_G","Strike_G","Strike_G","Survivor","Neutralize+1","AscendersBane","Cloak And Dagger","Dash","Dodge and Roll","Poisoned Stab","Backflip"],"relics":["Ring of the Snake","Calipers","Mercury Hourglass","Ornamental Fan"],"potions_floor_usage":[11,16,16],"damage_taken":[{"damage":6,"enemies":"Cultist","floor":1,"turns":6},{"damage":2,"enemies":"Small Slimes","floor":2,"turns":6},{"damage":50,"enemies":"Gremlin Nob","floor":7,"turns":7},{"damage":0,"enemies":"2 Louse","floor":10,"turns":2},{"damage":0,"enemies":"Looter","floor":11,"turns":3},{"damage":0,"enemies":"Gremlin Gang","floor":12,"turns":5},{"damage":5,"enemies":"Large Slime","floor":14,"turns":7},{"damage":37,"enemies":"Slime Boss","floor":16,"turns":6}],"seed_played":"4125740600339007586","potions_obtained":[{"floor":7,"key":"EssenceOfSteel"},{"floor":10,"key":"Poison Potion"},{"floor":12,"key":"GamblersBrew"}],"is_trial":false,"path_per_floor":["M","M","?","?","?","R","E","$","T","M","M","M","R","M","R"],"character_chosen":"THE_SILENT","items_purchased":[],"campfire_rested":2,"item_purchase_floors":[],"current_hp_per_floor":[53,51,51,51,51,51,1,1,1,1,1,1,20,15,34,0],"gold":170,"neow_bonus":"ONE_RARE_RELIC","is_prod":false,"is_daily":false,"chose_seed":false,"campfire_upgraded":1,"win_rate":0,"timestamp":1533876298,"path_taken":["M","M","?","?","?","R","E","$","T","M","M","M","R","M","R","BOSS"],"build_version":"2018-08-08","purchased_purges":0,"victory":false,"max_hp_per_floor":[66,66,66,66,66,66,66,66,66,66,66,66,66,66,66,66],"card_choices":[{"not_picked":["Masterful Stab","Bouncing Flask"],"picked":"Cloak And Dagger","floor":1},{"not_picked":["Prepared","Acrobatics"],"picked":"Dash","floor":2},{"not_picked":["Underhanded Strike","Setup"],"picked":"Dodge and Roll","floor":7},{"not_picked":["Reflex","Choke"],"picked":"Poisoned Stab","floor":10},{"not_picked":["Terror","Acrobatics","Slice"],"picked":"SKIP","floor":11},{"not_picked":["Blade Dance","Slice","Predator"],"picked":"SKIP","floor":12},{"not_picked":["PiercingWail","Terror"],"picked":"Backflip","floor":14}],"player_experience":868344,"relics_obtained":[{"floor":7,"key":"Mercury Hourglass"},{"floor":9,"key":"Ornamental Fan"}],"event_choices":[{"event_name":"Golden Shrine","player_choice":"Pray","floor":3,"damage_taken":0},{"event_name":"Bonfire Elementals","player_choice":"BASIC","floor":4,"damage_taken":0},{"event_name":"The Cleric","player_choice":"Card Removal","floor":5,"damage_taken":0}],"is_beta":true,"boss_relics":[],"items_purged_floors":[],"is_endless":false,"potions_floor_spawned":[7,10,12],"killed_by":"Slime Boss","ascension_level":15}