{"gold_per_floor":[113,113,75,88,102,131,131,144,144,174,174,189,189,203,203,276,276,288,288,288,308,326,326,326],"floor_reached":24,"playtime":677,"items_purged":[],"score":347,"play_id":"281ed224-5b48-4eee-acef-26ecbfe0f177","local_time":"20180807194549","is_ascension_mode":true,"campfire_choices":[{"data":"Neutralize","floor":7.0,"key":"SMITH"},{"data":"Adrenaline","floor":11.0,"key":"SMITH"},{"floor":15.0,"key":"REST"},{"floor":23,"key":"REST"}],"neow_cost":"NONE","seed_source_timestamp":187271662971855,"circlet_count":0,"master_deck":["Defend_G","Defend_G","Defend_G","Defend_G","Defend_G","Strike_G+1","Strike_G","Strike_G","Strike_G","Strike_G","Survivor","Neutralize+1","AscendersBane","Flying Knee","Predator","Dagger Spray+1","Adrenaline+1","Dagger Spray","Quick Slash","After Image","RitualDagger"],"special_seed":0,"relics":["Ring of the Snake","Centennial Puzzle","Lantern","Whetstone","Tiny Chest","Fusion Hammer"],"potions_floor_usage":[24,24],"damage_taken":[{"damage":1.0,"enemies":"2 Louse","floor":1.0,"turns":2.0},{"damage":1.0,"enemies":"Jaw Worm","floor":4.0,"turns":4.0},{"damage":0.0,"enemies":"Cultist","floor":5.0,"turns":3.0},{"damage":20.0,"enemies":"3 Sentries","floor":6.0,"turns":6.0},{"damage":16.0,"enemies":"Exordium Thugs","floor":8.0,"turns":6.0},{"damage":0.0,"enemies":"3 Louse","floor":12.0,"turns":1.0},{"damage":2.0,"enemies":"Red Slaver","floor":14.0,"turns":3.0},{"damage":13.0,"enemies":"Slime Boss","floor":16.0,"turns":9.0},{"damage":0,"enemies":"Chosen","floor":18,"turns":4},{"damage":6,"enemies":"2 Thieves","floor":21,"turns":4},{"damage":33,"enemies":"Sentry and Sphere","floor":22,"turns":7},{"damage":39,"enemies":"Book of Stabbing","floor":24,"turns":4}],"seed_played":"-3859250733120386316","potions_obtained":[{"floor":1.0,"key":"PowerPotion"},{"floor":5.0,"key":"Dexterity Potion"},{"floor":8.0,"key":"FearPotion"},{"floor":16.0,"key":"LiquidBronze"}],"is_trial":false,"path_per_floor":["M","?","$","M","M","E","R","M","T","T","R","M","?","M","R","B",null,"M","?","?","M","M","R"],"character_chosen":"THE_SILENT","items_purchased":["Predator"],"campfire_rested":2,"item_purchase_floors":[3],"current_hp_per_floor":[58,63,63,62,62,42,42,26,26,26,26,26,26,24,45,32,61,61,61,55,49,16,37,0],"gold":326,"neow_bonus":"RANDOM_COMMON_RELIC","is_prod":false,"is_daily":false,"chose_seed":false,"campfire_upgraded":2,"win_rate":0,"timestamp":1533696349,"path_taken":["M","?","$","M","M","E","R","?","T","?","R","M","?","M","R","BOSS","M","?","?","?","M","R","E"],"build_version":"2018-08-07","purchased_purges":0,"victory":false,"max_hp_per_floor":[66,71,71,71,71,71,71,71,71,71,71,71,71,71,71,71,71,71,71,71,71,71,71,71],"card_choices":[{"not_picked":["Tactician","Eviscerate"],"picked":"Flying Knee","floor":1.0},{"not_picked":["Blade Dance","Prepared"],"picked":"Dagger Spray","floor":4.0},{"not_picked":["Eviscerate","Bane","Terror"],"picked":"SKIP","floor":5.0},{"not_picked":["Cloak And Dagger","Bouncing Flask"],"picked":"Adrenaline","floor":6.0},{"not_picked":["Eviscerate","Deadly Poison"],"picked":"Dagger Spray","floor":8.0},{"not_picked":["Skewer","Terror"],"picked":"Quick Slash","floor":12.0},{"not_picked":["Flying Knee","Poisoned Stab","Deflect"],"picked":"SKIP","floor":14.0},{"not_picked":["Doppelganger","Grand Finale"],"picked":"After Image","floor":16.0},{"not_picked":["Prepared","Skewer","Caltrops"],"picked":"SKIP","floor":18},{"not_picked":["Prepared","Quick Slash","Blade Dance"],"picked":"SKIP","floor":21},{"not_picked":["Quick Slash","Underhanded Strike","Bane+1"],"picked":"SKIP","floor":22}],"player_experience":852954,"relics_obtained":[{"floor":6.0,"key":"Lantern"},{"floor":9.0,"key":"Whetstone"},{"floor":10.0,"key":"Tiny Chest"}],"event_choices":[{"event_name":"Big Fish","player_choice":"Donut","floor":2.0,"damage_taken":0.0},{"event_name":"The Lab","player_choice":"Got Potions","floor":13.0,"damage_taken":0.0},{"event_name":"The Mausoleum","player_choice":"No","floor":19,"damage_taken":0},{"event_name":"Nest","player_choice":"Joined the Cult","floor":20,"damage_taken":0}],"is_beta":true,"boss_relics":[{"not_picked":["Lizard Tail","Ring of the Serpent"],"picked":"Fusion Hammer"}],"items_purged_floors":[],"is_endless":false,"potions_floor_spawned":[1,5,8,16,21],"killed_by":"Book of Stabbing","ascension_level":15}