{"path_per_floor":["M","M","M","$","?","?","?","M","T","?","R","M","R","M","R"],"character_chosen":"IRONCLAD","items_purchased":["Sever Soul"],"gold_per_floor":[112,131,147,35,35,110,90,104,127,127,127,140,140,155,155,155],"floor_reached":16,"campfire_rested":2,"playtime":327,"current_hp_per_floor":[71,58,56,56,40,29,29,25,27,32,58,60,60,52,78,80],"items_purged":["Pain"],"gold":155,"score":92,"play_id":"bdeafddf-250d-4a15-a2dd-d5623055cdf8","local_time":"20180404232321","is_prod":false,"is_daily":false,"is_ascension_mode":false,"campfire_upgraded":1,"timestamp":1522898601,"path_taken":["M","?","M","$","?","?","?","M","T","?","R","?","R","M","R","BOSS"],"build_version":"2018-03-29v2","purchased_purges":1,"victory":false,"master_deck":["Strike_R","Strike_R","Strike_R","Strike_R","Strike_R","Defend_R","Defend_R","Defend_R","Defend_R","Bash+1","Doubt","Injury","Pommel Strike","Wild Strike","Cleave+1","Sever Soul+1","Twin Strike","Twin Strike"],"max_hp_per_floor":[80,80,80,80,80,80,80,80,82,87,87,87,87,89,89,89],"relics":["Calling Bell","Singing Bowl","Frozen Egg 2","Prayer Wheel","Blood Vial"],"card_choices":[{"not_picked":["Burning Pact","Anger"],"picked":"Pommel Strike","floor":1},{"not_picked":["Shrug It Off","Second Wind"],"picked":"Wild Strike","floor":2},{"not_picked":["Wild Strike","Shockwave"],"picked":"Cleave","floor":3},{"not_picked":["Feel No Pain","Intimidate"],"picked":"Twin Strike","floor":8},{"not_picked":["Carnage","Sword Boomerang"],"picked":"Twin Strike","floor":12}],"player_experience":674170,"potions_floor_usage":[8,14],"damage_taken":[{"damage":9,"enemies":"Cultist","floor":1,"turns":5},{"damage":13,"enemies":"Jaw Worm","floor":2,"turns":5},{"damage":2,"enemies":"Small Slimes","floor":3,"turns":3},{"damage":4,"enemies":"2 Fungi Beasts","floor":8,"turns":2},{"damage":0,"enemies":"Gremlin Gang","floor":12,"turns":3},{"damage":12,"enemies":"Blue Slaver","floor":14,"turns":2},{"damage":0,"enemies":"Slime Boss","floor":16,"turns":1}],"event_choices":[{"event_name":"Shining Light","player_choice":"Entered Light","floor":5,"damage_taken":0},{"event_name":"World of Goop","player_choice":"Gather Gold","floor":6,"damage_taken":0},{"event_name":"The Woman in Blue","player_choice":"Bought 1 Potion","floor":7,"damage_taken":0},{"event_name":"Big Fish","player_choice":"Donut","floor":10,"damage_taken":0}],"boss_relics":[],"potions_floor_spawned":[1,3,12,14],"seed_played":"-995119958855785408","killed_by":"Slime Boss","ascension_level":0,"is_trial":false}