{"path_per_floor":["M","?","M","M","M","R","M","R","T","M","M","R","?","E","R","B",null,"M","$","M","?","M","R","E","R","T","R","E","M","$","M","R","B",null,"M","M","M","M","?","R","M","E","T","R","?","M","M","M","R","B"],"character_chosen":"DEFECT","items_purchased":["Magnetism","Bird Faced Urn","Loop","Defragment"],"gold_per_floor":[215,215,226,240,252,252,271,271,350,361,375,375,375,410,410,514,514,531,4,19,19,36,36,65,65,65,65,93,107,33,48,48,146,146,165,182,200,220,220,220,235,270,270,270,270,285,303,320,320,320],"floor_reached":51,"campfire_rested":3,"playtime":1826,"item_purchase_floors":[19,19,19,30],"current_hp_per_floor":[56,56,56,48,47,47,47,47,47,47,45,45,45,39,39,32,64,51,51,47,47,20,42,9,31,31,53,65,59,59,63,63,59,71,58,65,71,61,51,51,61,72,72,72,72,67,71,71,71,22],"items_purged":[],"gold":320,"score":1125,"play_id":"d9919688-7061-4146-a80e-14c57dadce6a","local_time":"20180611234204","is_prod":false,"is_daily":false,"chose_seed":false,"is_ascension_mode":true,"campfire_upgraded":8,"win_rate":0,"timestamp":1528785724,"campfire_choices":[{"data":"Dualcast","floor":6,"key":"SMITH"},{"data":"Ball Lightning","floor":8,"key":"SMITH"},{"data":"Conserve Battery","floor":12,"key":"SMITH"},{"data":"Coolheaded","floor":15,"key":"SMITH"},{"floor":23,"key":"REST"},{"floor":25,"key":"REST"},{"floor":27,"key":"REST"},{"data":"Defragment","floor":32,"key":"SMITH"},{"data":"Defragment","floor":40,"key":"SMITH"},{"data":"Magnetism","floor":44,"key":"SMITH"},{"data":"Static Discharge","floor":49,"key":"SMITH"}],"path_taken":["M","?","?","M","M","R","M","R","T","M","M","R","?","E","R","BOSS","M","$","M","?","M","R","E","R","T","R","E","M","?","M","R","BOSS","M","M","M","M","?","R","M","E","T","R","?","M","M","M","R","BOSS"],"build_version":"2018-06-11","seed_source_timestamp":135526350067355,"purchased_purges":0,"victory":true,"master_deck":["Strike_B","Strike_B","Defend_B","Defend_B","Defend_B","Defend_B","Zap+1","Dualcast+1","AscendersBane","Cold Snap","Leap","Coolheaded+1","Gash","Ball Lightning+1","Blizzard","Conserve Battery+1","Steam Power","Electrodynamics","Defragment+1","Magnetism+1","Loop","Static Discharge+1","Scrape+1","Conserve Battery+1","Defragment+1","Reboot","Seek","Redo+1","Conserve Battery+1","Glacier","Bandage Up","Secret Technique","Secret Weapon","Cold Snap+1","Coolheaded+1","Blizzard+1"],"max_hp_per_floor":[75,75,75,75,75,75,75,75,75,75,75,75,75,75,75,75,75,75,75,75,75,75,75,75,75,75,75,75,75,75,75,75,75,75,75,75,75,75,75,75,75,75,75,75,75,75,75,75,75,75],"special_seed":0,"relics":["Cracked Core","Bottled Flame","Peace Pipe","Runic Dome","Bird Faced Urn","Omamori","Mercury Hourglass","Vajra","Inserter","Question Card","Lantern"],"card_choices":[{"not_picked":["Sweeping Beam","Skim"],"picked":"Cold Snap","floor":1},{"not_picked":["Doom and Gloom","Undo"],"picked":"Leap","floor":3},{"not_picked":["Beam Cell","Hologram"],"picked":"Coolheaded","floor":4},{"not_picked":["Static Discharge","Barrage"],"picked":"Gash","floor":5},{"not_picked":["Steam","Electrodynamics"],"picked":"Ball Lightning","floor":7},{"not_picked":["Barrage","Compile Driver"],"picked":"Blizzard","floor":10},{"not_picked":["Ball Lightning","Barrage"],"picked":"Conserve Battery","floor":11},{"not_picked":["Doom and Gloom","Beam Cell","Reprogram"],"picked":"SKIP","floor":14},{"not_picked":["Seek","Multi-Cast"],"picked":"Electrodynamics","floor":16},{"not_picked":["Turbo","Sunder"],"picked":"Defragment","floor":18},{"not_picked":["Redo","Streamline"],"picked":"Static Discharge","floor":20},{"not_picked":["Recycle","Static Discharge","Turbo"],"picked":"SKIP","floor":22},{"not_picked":["Turbo","Consume","Beam Cell+1"],"picked":"SKIP","floor":24},{"not_picked":["Sunder+1","Gash"],"picked":"Scrape+1","floor":28},{"not_picked":["Redo","Streamline"],"picked":"Conserve Battery+1","floor":29},{"not_picked":["Cold Snap","Lockon"],"picked":"Reboot","floor":31},{"not_picked":["Rainbow","Core Surge"],"picked":"Seek","floor":33},{"not_picked":["Streamline","Sweeping Beam+1","Tempest+1"],"picked":"SKIP","floor":35},{"not_picked":["Streamline","Coolheaded"],"picked":"Redo+1","floor":36},{"not_picked":["Stack+1","Rainbow"],"picked":"Conserve Battery+1","floor":37},{"not_picked":["Capacitor+1","Steam+1"],"picked":"Glacier","floor":38},{"not_picked":["Sadistic Nature","Flash of Steel"],"picked":"Bandage Up","floor":39},{"not_picked":["Transmutation","Blind"],"picked":"Secret Technique","floor":39},{"not_picked":["Transmutation","Good Instincts"],"picked":"Secret Weapon","floor":39},{"not_picked":["Compile Driver","Stack"],"picked":"Cold Snap+1","floor":41},{"not_picked":["Hologram","Compile Driver","Genetic Algorithm"],"picked":"SKIP","floor":42},{"not_picked":["Sweeping Beam+1","Streamline+1","Compile Driver"],"picked":"Coolheaded+1","floor":46},{"not_picked":["Gash+1","Coolheaded","Fusion+1"],"picked":"Blizzard+1","floor":47},{"not_picked":["Barrage+1","Hologram","Sweeping Beam","Lockon+1"],"picked":"SKIP","floor":48}],"player_experience":634879,"potions_floor_usage":[14,14,16,42,50,50,50,50,50],"damage_taken":[{"damage":12,"enemies":"2 Louse","floor":1,"turns":3},{"damage":0,"enemies":"Cultist","floor":3,"turns":3},{"damage":8,"enemies":"Small Slimes","floor":4,"turns":3},{"damage":1,"enemies":"Looter","floor":5,"turns":3},{"damage":0,"enemies":"Exordium Thugs","floor":7,"turns":7},{"damage":0,"enemies":"2 Fungi Beasts","floor":10,"turns":2},{"damage":2,"enemies":"Looter","floor":11,"turns":2},{"damage":6,"enemies":"Gremlin Nob","floor":14,"turns":3},{"damage":7,"enemies":"The Guardian","floor":16,"turns":15},{"damage":13,"enemies":"Shell Parasite","floor":18,"turns":7},{"damage":12,"enemies":"Chosen","floor":20,"turns":5},{"damage":37,"enemies":"Slaver and Parasite","floor":22,"turns":6},{"damage":43,"enemies":"Book of Stabbing","floor":24,"turns":5},{"damage":0,"enemies":"Gremlin Leader","floor":28,"turns":6},{"damage":12,"enemies":"Snake Plant","floor":29,"turns":3},{"damage":0,"enemies":"Sentry and Sphere","floor":31,"turns":3},{"damage":18,"enemies":"Collector","floor":33,"turns":8},{"damage":17,"enemies":"Flame Bruiser 1 Orb","floor":35,"turns":4},{"damage":1,"enemies":"3 Shapes","floor":36,"turns":2},{"damage":8,"enemies":"Maw","floor":37,"turns":7},{"damage":16,"enemies":"4 Shapes","floor":38,"turns":2},{"damage":2,"enemies":"Flame Bruiser 2 Orb","floor":41,"turns":6},{"damage":3,"enemies":"Giant Head","floor":42,"turns":8},{"damage":8,"enemies":"Maw","floor":46,"turns":6},{"damage":10,"enemies":"Transient","floor":47,"turns":5},{"damage":10,"enemies":"Flame Bruiser 2 Orb","floor":48,"turns":6},{"damage":65,"enemies":"Donu and Deca","floor":50,"turns":7}],"relics_obtained":[{"floor":9,"key":"Bottled Flame"},{"floor":14,"key":"Peace Pipe"},{"floor":24,"key":"Omamori"},{"floor":26,"key":"Mercury Hourglass"},{"floor":28,"key":"Vajra"},{"floor":42,"key":"Question Card"},{"floor":43,"key":"Lantern"}],"event_choices":[{"event_name":"Accursed Blacksmith","player_choice":"Forge","floor":2,"damage_taken":0},{"event_name":"Transmorgrifier","player_choice":"Transform","floor":13,"damage_taken":0},{"event_name":"Beggar","player_choice":"Ignored","floor":21,"damage_taken":0},{"event_name":"SensoryStone","player_choice":"Memory 3","floor":39,"damage_taken":0},{"event_name":"Falling","player_choice":"Removed Attack","floor":45,"damage_taken":0}],"boss_relics":[{"not_picked":["Lizard Tail","Runic Pyramid"],"picked":"Runic Dome"},{"not_picked":["Velvet Choker","Astrolabe"],"picked":"Inserter"}],"items_purged_floors":[],"potions_floor_spawned":[3,5,10,16,18,22,31,33,36,38,41,46,47,48],"seed_played":"-4318731135775363323","ascension_level":10,"potions_obtained":[{"floor":3,"key":"GamblersBrew"},{"floor":5,"key":"Energy Potion"},{"floor":10,"key":"GamblersBrew"},{"floor":16,"key":"Dexterity Potion"},{"floor":18,"key":"SteroidPotion"},{"floor":22,"key":"EntropicBrew"},{"floor":38,"key":"FocusPotion"},{"floor":46,"key":"Energy Potion"},{"floor":47,"key":"Dexterity Potion"}],"is_trial":false}