{"gold_per_floor":[213,138,155,4,4,4,79,406,406,432,432,448,448,461,461,461],"floor_reached":16,"playtime":600,"items_purged":[],"score":216,"play_id":"5784b603-76f2-450b-879a-38a250cf002b","local_time":"20190510003533","is_ascension_mode":true,"campfire_choices":[{"data":"Bash","floor":6,"key":"SMITH"},{"data":"Perfected Strike","floor":11,"key":"SMITH"},{"data":"Armaments","floor":13,"key":"SMITH"},{"data":"Seeing Red","floor":15,"key":"SMITH"}],"neow_cost":"NONE","seed_source_timestamp":1492629547864222,"circlet_count":0,"master_deck":["AscendersBane","Strike_R","Strike_R","Strike_R","Strike_R","Defend_R","Defend_R","Defend_R","Defend_R","Bash+1","Perfected Strike+1","Armaments+1","Seeing Red+1","Twin Strike","Shrug It Off","Shrug It Off"],"relics":["Burning Blood","Strawberry","Old Coin","Letter Opener","Omamori"],"potions_floor_usage":[8,8,10,16],"damage_taken":[{"damage":4,"enemies":"Jaw Worm","floor":1,"turns":4},{"damage":10,"enemies":"Small Slimes","floor":3,"turns":4},{"damage":6,"enemies":"Gremlin Nob","floor":8,"turns":3},{"damage":30,"enemies":"3 Sentries","floor":10,"turns":10},{"damage":0,"enemies":"2 Louse","floor":12,"turns":1},{"damage":0,"enemies":"Large Slime","floor":14,"turns":7},{"damage":45,"enemies":"The Guardian","floor":16,"turns":12}],"seed_played":"5594544554771748969","potions_obtained":[{"floor":1,"key":"SneckoOil"},{"floor":8,"key":"Swift Potion"},{"floor":14,"key":"Block Potion"}],"is_trial":false,"path_per_floor":["M","?","M","$","?","R","?","E","T","E","R","M","R","M","R","B"],"character_chosen":"IRONCLAD","items_purchased":["Seeing Red","Twin Strike","Strength Potion"],"campfire_rested":0,"item_purchase_floors":[4,4,4],"current_hp_per_floor":[70,70,66,66,68,68,57,57,57,33,33,39,39,45,45,0],"gold":461,"neow_bonus":"HUNDRED_GOLD","is_prod":false,"is_daily":false,"chose_seed":false,"campfire_upgraded":4,"win_rate":0,"timestamp":1557462933,"path_taken":["M","?","M","$","?","R","?","E","T","E","R","M","R","M","R","BOSS"],"build_version":"2019-01-23","purchased_purges":0,"victory":false,"max_hp_per_floor":[75,75,75,75,82,82,82,82,82,82,82,82,82,82,82,82],"card_choices":[{"not_picked":["Dropkick","Warcry"],"picked":"Perfected Strike","floor":1},{"not_picked":["Clash","Rampage"],"picked":"Armaments","floor":3},{"not_picked":["Sword Boomerang","Headbutt"],"picked":"Shrug It Off","floor":8},{"not_picked":["Sword Boomerang","Iron Wave","Clash"],"picked":"SKIP","floor":10},{"not_picked":["Iron Wave","Havoc"],"picked":"Shrug It Off","floor":12},{"not_picked":["Iron Wave","Anger","Entrench"],"picked":"SKIP","floor":14}],"player_experience":2534571,"relics_obtained":[{"floor":8,"key":"Old Coin"},{"floor":9,"key":"Letter Opener"},{"floor":10,"key":"Omamori"}],"event_choices":[{"cards_removed":["Strike_R"],"damage_healed":0,"gold_gain":0,"player_choice":"Card Removal","damage_taken":0,"max_hp_gain":0,"max_hp_loss":0,"event_name":"The Cleric","floor":2,"gold_loss":75},{"damage_healed":0,"gold_gain":0,"player_choice":"Success","damage_taken":5,"relics_obtained":["Strawberry"],"max_hp_gain":0,"max_hp_loss":0,"event_name":"Scrap Ooze","floor":5,"gold_loss":0},{"damage_healed":0,"gold_gain":75,"player_choice":"Gather Gold","damage_taken":11,"max_hp_gain":0,"max_hp_loss":0,"event_name":"World of Goop","floor":7,"gold_loss":0}],"is_beta":false,"boss_relics":[],"items_purged_floors":[],"is_endless":false,"potions_floor_spawned":[1,8,14],"killed_by":"The Guardian","ascension_level":20}