{"path_per_floor":["M","?","$","M","?","M","?","R","T","M","?","M","R","M","R","B",null,"M","?","T","M","$","R","M","M","T","M","$","R","$","?","R"],"character_chosen":"THE_SILENT","items_purchased":["Noxious Fumes","Block Potion"],"gold_per_floor":[360,360,210,224,299,319,319,319,319,329,329,341,341,356,356,451,451,465,465,520,538,389,389,407,422,422,441,316,316,166,166,166,166],"floor_reached":33,"campfire_rested":1,"playtime":1318,"current_hp_per_floor":[61,61,61,58,47,47,47,47,47,47,47,47,47,47,47,47,63,54,54,54,54,54,54,45,21,21,15,15,33,33,33,33,0],"items_purged":["Strike_G","Strike_G","Strike_G","Strike_G"],"gold":166,"score":287,"play_id":"1eb52174-dd7c-4781-b5c4-274587dc0065","local_time":"20180408200646","is_prod":false,"is_daily":false,"is_ascension_mode":false,"campfire_upgraded":5,"timestamp":1523232406,"path_taken":["M","?","$","M","?","M","?","R","T","?","?","M","R","M","R","BOSS","M","?","?","M","$","R","M","M","T","?","$","R","$","?","R","BOSS"],"build_version":"2018-04-05v2","purchased_purges":4,"victory":false,"master_deck":["Defend_G","Defend_G","Defend_G","Defend_G","Defend_G","Survivor","Neutralize+1","Backflip","Noxious Fumes+1","Leg Sweep+1","Bouncing Flask+1","Blur+1"],"max_hp_per_floor":[63,63,63,63,63,63,63,63,63,63,63,63,63,63,63,63,63,63,63,63,63,63,63,63,63,63,63,63,63,63,63,63,63],"relics":["Ring of the Snake"],"card_choices":[{"not_picked":["Acrobatics","Sucker Punch"],"picked":"Backflip","floor":1},{"not_picked":["Flying Knee","All Out Attack"],"picked":"Leg Sweep","floor":6},{"not_picked":["Dagger Throw","Sucker Punch"],"picked":"Bouncing Flask","floor":12},{"not_picked":["Flying Knee","Bane"],"picked":"Blur","floor":21}],"player_experience":776517,"potions_floor_usage":[12,16,18,24,25],"damage_taken":[{"damage":2,"enemies":"Jaw Worm","floor":1,"turns":6},{"damage":3,"enemies":"2 Louse","floor":4,"turns":3},{"damage":0,"enemies":"Small Slimes","floor":6,"turns":4},{"damage":0,"enemies":"Blue Slaver","floor":10,"turns":5},{"damage":0,"enemies":"Looter","floor":12,"turns":4},{"damage":0,"enemies":"Red Slaver","floor":14,"turns":4},{"damage":0,"enemies":"The Guardian","floor":16,"turns":11},{"damage":9,"enemies":"Chosen","floor":18,"turns":6},{"damage":0,"enemies":"Spheric Guardian","floor":21,"turns":3},{"damage":9,"enemies":"Centurion and Healer","floor":24,"turns":9},{"damage":24,"enemies":"Cultist and Chosen","floor":25,"turns":6},{"damage":6,"enemies":"Snake Plant","floor":27,"turns":5},{"damage":33,"enemies":"Champ","floor":33,"turns":13}],"event_choices":[{"event_name":"Golden Idol","player_choice":"Ignored","floor":2,"damage_taken":0},{"event_name":"World of Goop","player_choice":"Gather Gold","floor":5,"damage_taken":0},{"event_name":"Dead Adventurer","player_choice":"Searched \u00270\u0027 times","floor":7,"damage_taken":0},{"event_name":"Transmorgrifier","player_choice":"Transform","floor":11,"damage_taken":0},{"event_name":"Back to Basics","player_choice":"Elegance","floor":19,"damage_taken":0},{"event_name":"Vampires","player_choice":"Ignored","floor":31,"damage_taken":0}],"boss_relics":[{"not_picked":["Astrolabe","Eternal Feather","Runic Pyramid"]}],"potions_floor_spawned":[6,10,12,18,27],"seed_played":"-2427569811657171600","killed_by":"Champ","ascension_level":0,"is_trial":false}