{"gold_per_floor":[216,227,14,14,32,63,63,88,88,1,1,21,53,69,69,140,140,155,155,57,70,70,70,86,86,86,100,16,16,33,48,48,120,120,137,137,137,149,166,194,206,232,244,267,353,365],"floor_reached":46,"playtime":2796,"items_purged":[],"score":920,"play_id":"a3b61891-bf2f-4a22-8be8-bc14c8e44a2a","local_time":"20190327003136","is_ascension_mode":true,"campfire_choices":[{"data":"Buffer","floor":7.0,"key":"SMITH"},{"floor":11.0,"key":"REST"},{"data":"Defragment","floor":15,"key":"SMITH"},{"data":"Defragment","floor":23,"key":"SMITH"},{"data":"Fission","floor":25,"key":"SMITH"},{"data":"Loop","floor":29,"key":"SMITH"},{"data":"Echo Form","floor":32,"key":"SMITH"},{"floor":41,"key":"REST"}],"neow_cost":"NONE","seed_source_timestamp":0,"circlet_count":0,"master_deck":["AscendersBane","Strike_B","Strike_B","Defend_B","Defend_B","Defend_B","Zap","Dualcast","Go for the Eyes","Hologram","Defragment+1","Compile Driver","Cold Snap","Beam Cell","Buffer+1","Fission+1","Defragment+1","Sweeping Beam","Ball Lightning","Echo Form+1","Chill","Loop+1","Loop","Coolheaded","Capacitor","Ball Lightning+1","Self Repair","FTL+1","Defragment"],"special_seed":0,"relics":["Cracked Core","Bronze Scales","Emotion Chip","Mummified Hand","Blood Vial","Velvet Choker","Bottled Lightning","Sozu","MawBank","Bottled Tornado"],"potions_floor_usage":[24,27,33,35,38],"damage_taken":[{"damage":0.0,"enemies":"2 Louse","floor":1.0,"turns":3.0},{"damage":1.0,"enemies":"Cultist","floor":2.0,"turns":3.0},{"damage":7.0,"enemies":"Jaw Worm","floor":5.0,"turns":3.0},{"damage":1.0,"enemies":"Gremlin Nob","floor":6.0,"turns":3.0},{"damage":21.0,"enemies":"3 Sentries","floor":8.0,"turns":7.0},{"damage":1.0,"enemies":"Lots of Slimes","floor":12.0,"turns":3.0},{"damage":1.0,"enemies":"Lagavulin","floor":13.0,"turns":9.0},{"damage":11.0,"enemies":"3 Louse","floor":14.0,"turns":2.0},{"damage":14,"enemies":"The Guardian","floor":16,"turns":10},{"damage":16,"enemies":"2 Thieves","floor":18,"turns":3},{"damage":11,"enemies":"3 Byrds","floor":21,"turns":2},{"damage":0,"enemies":"Cultist and Chosen","floor":24,"turns":4},{"damage":0,"enemies":"Snake Plant","floor":27,"turns":3},{"damage":0,"enemies":"Snecko","floor":30,"turns":5},{"damage":0,"enemies":"Sentry and Sphere","floor":31,"turns":6},{"damage":21,"enemies":"Automaton","floor":33,"turns":11},{"damage":15,"enemies":"3 Shapes","floor":35,"turns":6},{"damage":14,"enemies":"3 Darklings","floor":38,"turns":5},{"damage":38,"enemies":"Jaw Worm Horde","floor":39,"turns":4},{"damage":25,"enemies":"Nemesis","floor":40,"turns":7},{"damage":15,"enemies":"4 Shapes","floor":42,"turns":6},{"damage":27,"enemies":"3 Darklings","floor":44,"turns":5},{"damage":17,"enemies":"Jaw Worm Horde","floor":46,"turns":1}],"seed_played":"-5093327326952074327","potions_obtained":[{"floor":2.0,"key":"SmokeBomb"},{"floor":5.0,"key":"SpeedPotion"},{"floor":8.0,"key":"Fire Potion"},{"floor":12.0,"key":"PowerPotion"},{"floor":22,"key":"PowerPotion"},{"floor":24,"key":"Weak Potion"},{"floor":27,"key":"FocusPotion"},{"floor":33,"key":"Regen Potion"}],"is_trial":false,"path_per_floor":["M","M","$","?","M","E","R","E","T","$","R","M","E","M","R","B",null,"M","?","$","M","?","R","M","R","T","M","$","R","M","M","R","B",null,"M","?","?","M","M","E","R","M","T","M","T","M"],"character_chosen":"DEFECT","items_purchased":["Defragment","Compile Driver","Cold Snap","SteroidPotion","Defragment","Loop","Block Potion","Capacitor"],"campfire_rested":2,"item_purchase_floors":[3,3,3,3,10,20,20,28],"current_hp_per_floor":[64,63,63,56,49,48,48,27,27,27,48,47,46,37,37,25,60,46,46,46,37,37,37,39,39,39,41,41,41,43,45,45,26,60,62,62,81,67,31,8,32,26,26,8,8,0],"gold":365,"neow_bonus":"HUNDRED_GOLD","is_prod":false,"is_daily":false,"chose_seed":false,"campfire_upgraded":6,"win_rate":0,"timestamp":1553661096,"path_taken":["M","M","$","?","M","E","R","E","T","$","R","M","E","M","R","BOSS","M","?","$","?","?","R","?","R","T","M","?","R","M","M","R","BOSS","M","?","?","M","?","E","R","M","T","M","?","?"],"build_version":"2019-01-23","purchased_purges":0,"victory":false,"max_hp_per_floor":[71,71,71,71,71,71,71,71,71,71,71,71,71,71,71,71,71,71,71,71,71,71,71,71,71,71,71,71,71,71,71,71,71,71,71,71,81,81,81,81,81,81,81,81,81,81],"card_choices":[{"not_picked":["Streamline","Genetic Algorithm"],"picked":"Go for the Eyes","floor":1.0},{"not_picked":["Genetic Algorithm","Stack"],"picked":"Hologram","floor":2.0},{"not_picked":["Leap","Storm"],"picked":"Beam Cell","floor":5.0},{"not_picked":["Ball Lightning","Redo"],"picked":"Buffer","floor":6.0},{"not_picked":["Double Energy","Heatsinks"],"picked":"Fission","floor":8.0},{"not_picked":["Steam","Reinforced Body"],"picked":"Sweeping Beam","floor":12.0},{"not_picked":["Streamline","Turbo"],"picked":"Ball Lightning","floor":13.0},{"not_picked":["Recycle","Redo","Rebound"],"picked":"SKIP","floor":14.0},{"not_picked":["Buffer","Electrodynamics"],"picked":"Echo Form","floor":16},{"not_picked":["Rebound","BootSequence"],"picked":"Chill","floor":18},{"not_picked":["Conserve Battery","Sweeping Beam"],"picked":"Loop","floor":21},{"not_picked":["Fusion","Ball Lightning"],"picked":"Coolheaded","floor":24},{"not_picked":["Aggregate","Redo","Rebound"],"picked":"SKIP","floor":27},{"not_picked":["Aggregate","Redo","Rebound"],"picked":"SKIP","floor":27},{"not_picked":["Cold Snap","Reprogram","Tempest"],"picked":"SKIP","floor":30},{"not_picked":["Steam","Cold Snap","Streamline"],"picked":"SKIP","floor":31},{"not_picked":["Buffer","Multi-Cast"],"picked":"Core Surge","floor":33},{"not_picked":["Beam Cell","Turbo+1","Steam Power"],"picked":"SKIP","floor":35},{"not_picked":["Barrage","Melter"],"picked":"Ball Lightning+1","floor":38},{"not_picked":["Sweeping Beam","Aggregate","Ball Lightning"],"picked":"SKIP","floor":39},{"not_picked":["Hologram+1","Conserve Battery"],"picked":"Self Repair","floor":40},{"not_picked":["Leap+1","Stack"],"picked":"FTL+1","floor":42},{"not_picked":["Go for the Eyes","Ball Lightning+1"],"picked":"Defragment","floor":44}],"player_experience":1440923,"relics_obtained":[{"floor":6.0,"key":"Bronze Scales"},{"floor":8.0,"key":"Emotion Chip"},{"floor":9.0,"key":"Mummified Hand"},{"floor":13.0,"key":"Blood Vial"},{"floor":26,"key":"Bottled Lightning"},{"floor":40,"key":"MawBank"},{"floor":45,"key":"Bottled Tornado"}],"event_choices":[{"cards_removed":["Strike_B"],"damage_healed":0.0,"max_hp_gain":0.0,"max_hp_loss":0.0,"gold_gain":0.0,"event_name":"Golden Wing","player_choice":"Card Removal","floor":4.0,"gold_loss":0.0,"damage_taken":7.0},{"cards_removed":["Strike_B"],"damage_healed":0,"gold_gain":0,"player_choice":"Purged","damage_taken":0,"max_hp_gain":0,"max_hp_loss":0,"event_name":"Purifier","floor":19,"gold_loss":0},{"damage_healed":0,"gold_gain":0,"player_choice":"Got Potions","damage_taken":0,"max_hp_gain":0,"max_hp_loss":0,"event_name":"Lab","floor":22,"gold_loss":0},{"cards_removed":["Defend_B"],"damage_healed":0,"gold_gain":0,"player_choice":"Removed Skill","damage_taken":0,"max_hp_gain":0,"max_hp_loss":0,"event_name":"Falling","floor":36,"gold_loss":0},{"cards_removed":["Core Surge"],"damage_healed":9,"gold_gain":0,"player_choice":"Offered Rare","damage_taken":0,"max_hp_gain":10,"max_hp_loss":0,"event_name":"Bonfire Elementals","floor":37,"gold_loss":0}],"is_beta":false,"boss_relics":[{"not_picked":["Inserter","Calling Bell"],"picked":"Velvet Choker"},{"not_picked":["Orrery","Eternal Feather"],"picked":"Sozu"}],"items_purged_floors":[],"is_endless":false,"potions_floor_spawned":[2,5,8,12,24,27,33,39,40],"killed_by":"Jaw Worm Horde","ascension_level":19}