{"gold_per_floor":[111,127,137,137,148,148,164,164,164,164,164,164,197,197,197,197],"floor_reached":16,"playtime":438,"items_purged":[],"score":200,"play_id":"c1f66152-bac5-40a8-81f6-463af1a7ae8c","local_time":"20190328181458","is_ascension_mode":true,"campfire_choices":[{"data":"Streamline","floor":6,"key":"SMITH"},{"data":"Zap","floor":8,"key":"SMITH"},{"data":"Go for the Eyes","floor":11,"key":"SMITH"},{"data":"FTL","floor":15,"key":"SMITH"}],"neow_cost":"NONE","seed_source_timestamp":1010645532742076,"circlet_count":0,"master_deck":["AscendersBane","Strike_B","Strike_B","Defend_B","Defend_B","Defend_B","Defend_B","Zap+1","Dualcast","Streamline+1","Reinforced Body","Go for the Eyes+1","FTL+1","Biased Cognition","Defragment+1"],"relics":["Cracked Core","Frozen Egg 2","Golden Idol","Omamori","Incense Burner"],"potions_floor_usage":[13],"damage_taken":[{"damage":1,"enemies":"Cultist","floor":1,"turns":4},{"damage":12,"enemies":"Small Slimes","floor":2,"turns":3},{"damage":0,"enemies":"Jaw Worm","floor":3,"turns":4},{"damage":1,"enemies":"Blue Slaver","floor":5,"turns":4},{"damage":9,"enemies":"3 Louse","floor":7,"turns":3},{"damage":14,"enemies":"Gremlin Nob","floor":13,"turns":3},{"damage":35,"enemies":"Hexaghost","floor":16,"turns":7}],"seed_played":"8590152974072534555","potions_obtained":[{"floor":2,"key":"FocusPotion"},{"floor":3,"key":"SpeedPotion"}],"is_trial":false,"path_per_floor":["M","M","M","?","M","R","M","R","T","?","R","T","E","?","R","B"],"character_chosen":"DEFECT","items_purchased":[],"campfire_rested":0,"item_purchase_floors":[],"current_hp_per_floor":[70,58,58,58,57,57,48,48,48,48,48,48,34,34,34,0],"gold":197,"neow_bonus":"TEN_PERCENT_HP_BONUS","is_prod":false,"is_daily":false,"chose_seed":false,"campfire_upgraded":4,"win_rate":0,"timestamp":1553811298,"path_taken":["M","M","?","?","?","R","M","R","T","?","R","?","E","?","R","BOSS"],"build_version":"2019-01-23","purchased_purges":0,"victory":false,"max_hp_per_floor":[78,78,78,78,78,78,78,78,78,71,71,71,71,71,71,71],"card_choices":[{"not_picked":["Hologram","Aggregate"],"picked":"Streamline","floor":1},{"not_picked":["Heatsinks","Skim"],"picked":"Reinforced Body","floor":2},{"not_picked":["Capacitor","Redo"],"picked":"Go for the Eyes","floor":3},{"not_picked":["Self Repair","Beam Cell"],"picked":"FTL","floor":5},{"not_picked":["Leap","Gash"],"picked":"Biased Cognition","floor":7},{"not_picked":["Coolheaded","Tempest"],"picked":"Defragment+1","floor":13}],"player_experience":1478577,"relics_obtained":[{"floor":9,"key":"Frozen Egg 2"},{"floor":12,"key":"Omamori"},{"floor":13,"key":"Incense Burner"}],"event_choices":[{"cards_removed":["Strike_B"],"damage_healed":0,"gold_gain":0,"player_choice":"Offered Basic","damage_taken":0,"max_hp_gain":0,"max_hp_loss":0,"event_name":"Bonfire Elementals","floor":4,"gold_loss":0},{"damage_healed":0,"gold_gain":0,"player_choice":"Lose Max HP","damage_taken":0,"relics_obtained":["Golden Idol"],"max_hp_gain":0,"max_hp_loss":7,"event_name":"Golden Idol","floor":10,"gold_loss":0},{"cards_removed":["Strike_B"],"damage_healed":0,"gold_gain":0,"player_choice":"Purged","damage_taken":0,"max_hp_gain":0,"max_hp_loss":0,"event_name":"Purifier","floor":14,"gold_loss":0}],"is_beta":false,"boss_relics":[],"items_purged_floors":[],"is_endless":false,"potions_floor_spawned":[2,3,7],"killed_by":"Hexaghost","ascension_level":20}