{"path_per_floor":["M","?","?","$","M","R","?","R","T","$","$","M","M","M","R","B",null,"M","T","M","?","$","R","E","?","T","R","?","$","R","M","R","B",null,"M","M","$","?","?","R","M","R","T","?","M","E","?","?","R","B"],"character_chosen":"IRONCLAD","items_purchased":["Juzu Bracelet","Darkstone Periapt","Shrug It Off","Bottled Flame","Shockwave"],"gold_per_floor":[363,363,438,10,25,25,25,25,25,25,25,44,58,75,75,174,174,191,214,231,231,156,156,187,187,234,234,234,234,234,253,253,356,356,374,386,61,61,61,61,76,76,76,76,96,130,130,0,0,0],"floor_reached":51,"campfire_rested":3,"playtime":1217,"current_hp_per_floor":[45,45,34,34,36,36,31,31,31,31,31,39,42,47,47,27,87,71,77,81,81,81,81,67,51,57,57,57,57,57,61,90,75,99,96,82,82,82,82,82,87,99,105,92,95,83,73,73,104,56],"items_purged":["Regret"],"gold":0,"score":729,"play_id":"20d896d2-b52e-448e-a386-f279fd098f3a","local_time":"20180409112709","is_prod":false,"is_daily":false,"is_ascension_mode":false,"campfire_upgraded":7,"timestamp":1523287629,"path_taken":["M","?","?","$","M","R","?","R","T","?","$","M","M","M","R","BOSS","M","?","M","?","$","R","E","?","T","R","?","$","R","M","R","BOSS","M","M","$","?","?","R","M","R","T","?","M","E","?","?","R","BOSS"],"build_version":"2018-04-05v2","purchased_purges":3,"victory":true,"master_deck":["Strike_R","Strike_R","Strike_R","Strike_R","Defend_R","Defend_R","Defend_R","Defend_R","Bash+1","Bloodletting+1","Shrug It Off+1","Blood for Blood+1","Whirlwind+1","Inflame+1","Offering+1","Limit Break+1","Blind+1","Demon Form+1","Flame Barrier+1","Shockwave+1","Panacea+1","Writhe","Flex+1","Madness+1","Madness+1","Heavy Blade+1","Battle Trance+1","Dark Shackles+1","Trip+1","Panacea+1"],"max_hp_per_floor":[80,80,80,80,80,80,87,87,87,87,87,87,87,87,87,87,87,87,93,93,93,93,93,93,93,99,99,99,99,99,99,99,99,99,99,99,99,99,99,99,99,99,105,105,105,105,105,105,105,105],"relics":["Burning Blood","Juzu Bracelet","Darkstone Periapt","Strawberry","Blood Vial","Cursed Key","Vajra","Gremlin Horn","Toxic Egg 2","Prayer Wheel","Runic Dome","Bottled Flame","Charon\u0027s Ashes","Bottled Lightning","Red Mask"],"card_choices":[{"not_picked":["Wild Strike","Shrug It Off"],"picked":"Bloodletting","floor":1},{"not_picked":["Shrug It Off","Clothesline"],"picked":"Blood for Blood","floor":5},{"not_picked":["Evolve","Havoc"],"picked":"Whirlwind","floor":13},{"not_picked":["Body Slam","Dual Wield"],"picked":"Inflame","floor":14},{"not_picked":["Fiend Fire","Reaper"],"picked":"Offering","floor":16},{"not_picked":["Rupture","Pommel Strike"],"picked":"Limit Break","floor":24},{"not_picked":["Feed","Offering"],"picked":"Demon Form","floor":33},{"not_picked":["Clothesline","Pommel Strike"],"picked":"Flame Barrier","floor":35},{"not_picked":["Cleave","Sword Boomerang"],"picked":"Flex","floor":43},{"not_picked":["Body Slam","Cleave"],"picked":"Heavy Blade","floor":45},{"not_picked":["Headbutt","Pummel"],"picked":"Battle Trance","floor":46},{"not_picked":["Purity","Panache"],"picked":"Dark Shackles","floor":47},{"not_picked":["Dark Shackles","Flash of Steel"],"picked":"Trip","floor":47},{"not_picked":["Trip","Flash of Steel"],"picked":"Panacea","floor":47}],"player_experience":789601,"potions_floor_usage":[16,24,33,46,46,50],"damage_taken":[{"damage":1,"enemies":"Cultist","floor":1,"turns":3},{"damage":4,"enemies":"Jaw Worm","floor":5,"turns":4},{"damage":0,"enemies":"Small Slimes","floor":12,"turns":3},{"damage":5,"enemies":"Looter","floor":13,"turns":4},{"damage":3,"enemies":"2 Fungi Beasts","floor":14,"turns":3},{"damage":28,"enemies":"The Guardian","floor":16,"turns":7},{"damage":22,"enemies":"3 Byrds","floor":18,"turns":3},{"damage":4,"enemies":"2 Thieves","floor":20,"turns":1},{"damage":22,"enemies":"Book of Stabbing","floor":24,"turns":3},{"damage":4,"enemies":"Snake Plant","floor":31,"turns":2},{"damage":23,"enemies":"Automaton","floor":33,"turns":6},{"damage":9,"enemies":"Orb Walker","floor":35,"turns":2},{"damage":22,"enemies":"3 Shapes","floor":36,"turns":2},{"damage":3,"enemies":"3 Darklings","floor":41,"turns":1},{"damage":5,"enemies":"Sphere and 2 Shapes","floor":45,"turns":3},{"damage":20,"enemies":"2 Orb Walkers","floor":46,"turns":2},{"damage":55,"enemies":"Time Eater","floor":50,"turns":6}],"event_choices":[{"event_name":"Living Wall","player_choice":"Grow","floor":2,"damage_taken":0},{"event_name":"World of Goop","player_choice":"Gather Gold","floor":3,"damage_taken":0},{"event_name":"Scrap Ooze","player_choice":"success","floor":7,"damage_taken":12},{"event_name":"The Mausoleum","player_choice":"Yes","floor":21,"damage_taken":0},{"event_name":"Knowing Skull","player_choice":"CARD ","floor":25,"damage_taken":0},{"event_name":"Fountain of Cleansing","player_choice":"Removed Curse","floor":28,"damage_taken":0},{"event_name":"Match and Keep!","player_choice":"1 cards matched","floor":38,"damage_taken":0},{"event_name":"Winding Halls","player_choice":"Embrace Madness","floor":44,"damage_taken":0},{"event_name":"SensoryStone","player_choice":"Memory 3","floor":47,"damage_taken":0},{"event_name":"Tomb of Lord Red Mask","player_choice":"Paid","floor":48,"damage_taken":0}],"boss_relics":[{"not_picked":["Sozu","Black Star"],"picked":"Cursed Key"},{"not_picked":["Orrery","White Beast Statue"],"picked":"Runic Dome"}],"potions_floor_spawned":[1,13,20,24,36,41],"seed_played":"6621970153650348921","ascension_level":0,"is_trial":false}