{"gold_per_floor":[109,129,129,42,42,73,93,93,116,145,164,197,197,197,197,287,287,307,330,37,37,51,95,120,160,187,102,102,142,142,142,142,231,231,254,254,315,3,3,3,28,52,77,77,98,131,26,60,60,60,60,60,60,14,49,49],"floor_reached":57,"playtime":3382,"items_purged":["Doubt"],"score":2843,"play_id":"5d352065-e68d-4078-9ee7-93c6363c7f81","local_time":"20190407163614","is_ascension_mode":true,"campfire_choices":[{"data":"Carnage","floor":8,"key":"SMITH"},{"data":"Bash","floor":15,"key":"SMITH"},{"floor":28,"key":"RECALL"},{"floor":30,"key":"REST"},{"floor":32,"key":"REST"},{"floor":40,"key":"REST"},{"data":"Feel No Pain","floor":44,"key":"SMITH"},{"floor":49,"key":"REST"},{"data":"Heavy Blade","floor":53,"key":"SMITH"}],"neow_cost":"NONE","seed_source_timestamp":538513649878355,"circlet_count":0,"master_deck":["AscendersBane","Strike_R","Strike_R","Strike_R","Defend_R+1","Defend_R","Defend_R","Defend_R+1","Bash+1","True Grit+1","Carnage+1","Feel No Pain+1","Feed","Shrug It Off","Demon Form+1","Clothesline+1","Feel No Pain+1","Metallicize+1","Corruption+1","Reaper","Dark Embrace+1","Pain","Writhe","Demon Form+1","Shrug It Off","Heavy Blade+1","Sword Boomerang+1","Shrug It Off+1","Headbutt+1","Inflame+1","Fiend Fire","True Grit+1"],"relics":["Burning Blood","PreservedInsect","Frozen Egg 2","Bag of Preparation","Centennial Puzzle","Strawberry","Red Skull","Golden Idol","Snecko Eye","Tiny Chest","Oddly Smooth Stone","Regal Pillow","Gremlin Horn","Pear","The Courier","Calling Bell","War Paint","Matryoshka","StoneCalendar","Potion Belt","Happy Flower","Ice Cream","Toxic Egg 2","Omamori","Boot","Bag of Marbles","Kunai"],"potions_floor_usage":[10,23,24,25,35,42,45,48,48,51],"damage_taken":[{"damage":0,"enemies":"Small Slimes","floor":1,"turns":5},{"damage":0,"enemies":"Cultist","floor":2,"turns":4},{"damage":25,"enemies":"Lagavulin","floor":6,"turns":5},{"damage":0,"enemies":"2 Louse","floor":7,"turns":3},{"damage":8,"enemies":"Gremlin Nob","floor":10,"turns":3},{"damage":14,"enemies":"Lots of Slimes","floor":11,"turns":5},{"damage":19,"enemies":"Lagavulin","floor":12,"turns":6},{"damage":36,"enemies":"The Guardian","floor":16,"turns":12},{"damage":17,"enemies":"Shell Parasite","floor":18,"turns":3},{"damage":0,"enemies":"Chosen","floor":19,"turns":4},{"damage":13,"enemies":"Centurion and Healer","floor":22,"turns":6},{"damage":19,"enemies":"Gremlin Leader","floor":23,"turns":3},{"damage":2,"enemies":"3 Cultists","floor":24,"turns":6},{"damage":8,"enemies":"Book of Stabbing","floor":25,"turns":4},{"damage":82,"enemies":"Slavers","floor":29,"turns":6},{"damage":23,"enemies":"Collector","floor":33,"turns":7},{"damage":19,"enemies":"Orb Walker","floor":35,"turns":4},{"damage":106,"enemies":"2 Orb Walkers","floor":37,"turns":6},{"damage":24,"enemies":"3 Shapes","floor":41,"turns":5},{"damage":5,"enemies":"Spire Growth","floor":42,"turns":5},{"damage":40,"enemies":"Transient","floor":45,"turns":6},{"damage":7,"enemies":"Nemesis","floor":46,"turns":5},{"damage":49,"enemies":"Reptomancer","floor":48,"turns":4},{"damage":57,"enemies":"Donu and Deca","floor":50,"turns":7},{"damage":89,"enemies":"Awakened One","floor":51,"turns":7},{"damage":48,"enemies":"Shield and Spear","floor":55,"turns":3},{"damage":65,"enemies":"The Heart","floor":56,"turns":8}],"seed_played":"-5152874592789851379","potions_obtained":[{"floor":6,"key":"SteroidPotion"},{"floor":16,"key":"PowerPotion"},{"floor":18,"key":"PowerPotion"},{"floor":23,"key":"Poison Potion"},{"floor":33,"key":"Energy Potion"},{"floor":37,"key":"EssenceOfSteel"},{"floor":41,"key":"BloodPotion"},{"floor":46,"key":"SkillPotion"}],"is_trial":false,"path_per_floor":["M","M","?","$","?","E","M","R","T","E","M","E","?","?","R","B",null,"M","M","$","?","M","E","M","E","T","?","R","E","R","?","R","B",null,"M","T","?","$","?","R","M","M","T","R","M","E","$","E","R","B","B",null,"R","$","E","B",null],"character_chosen":"IRONCLAD","items_purchased":["Feel No Pain","Tiny Chest","Oddly Smooth Stone","Demon Form+1","Shrug It Off","SpeedPotion","Weak Potion","Inflame+1","Fire Potion","True Grit+1"],"campfire_rested":4,"item_purchase_floors":[4,20,20,38,38,38,38,47,47,54],"current_hp_per_floor":[74,75,64,64,64,45,51,51,51,56,51,41,41,41,41,11,63,52,61,61,61,57,44,51,52,52,62,62,10,55,55,100,99,101,89,89,15,15,15,60,65,88,88,88,68,71,71,43,90,83,29,91,91,91,73,39],"gold":49,"neow_bonus":"TRANSFORM_CARD","is_prod":false,"is_daily":false,"chose_seed":false,"campfire_upgraded":4,"win_rate":0,"timestamp":1554669374,"path_taken":["M","M","?","$","?","E","?","R","T","E","M","E","?","?","R","BOSS","M","M","$","?","M","E","?","E","T","?","R","E","R","?","R","BOSS","M","?","?","$","?","R","M","M","T","R","M","E","$","E","R","BOSS","BOSS","R","$","E","BOSS"],"build_version":"2019-01-23","purchased_purges":1,"victory":true,"max_hp_per_floor":[75,75,75,75,75,75,75,75,75,82,85,88,80,80,80,80,80,80,83,83,83,86,86,89,92,92,102,102,102,102,102,102,102,102,102,102,102,102,102,102,105,108,108,108,108,108,108,108,108,108,111,111,111,111,111,111],"card_choices":[{"not_picked":["Armaments","Bloodletting"],"picked":"True Grit","floor":1},{"not_picked":["Perfected Strike","Flex"],"picked":"Carnage","floor":2},{"not_picked":["Ghostly Armor","Sword Boomerang","Rage"],"picked":"SKIP","floor":6},{"not_picked":["Body Slam","Dropkick","Second Wind"],"picked":"SKIP","floor":7},{"not_picked":["Wild Strike","Berserk+1"],"picked":"Feed","floor":10},{"not_picked":["Sword Boomerang","Rage"],"picked":"Shrug It Off","floor":11},{"not_picked":["Wild Strike","Twin Strike","Sentinel"],"picked":"SKIP","floor":12},{"not_picked":["Limit Break","Fiend Fire"],"picked":"Demon Form+1","floor":16},{"not_picked":["Searing Blow+1","Armaments"],"picked":"Clothesline+1","floor":18},{"not_picked":["Body Slam","Sword Boomerang"],"picked":"Feel No Pain+1","floor":19},{"not_picked":["Thunderclap","Iron Wave"],"picked":"Metallicize+1","floor":22},{"not_picked":["Warcry+1","Entrench","Thunderclap"],"picked":"SKIP","floor":23},{"not_picked":["Twin Strike+1","Uppercut"],"picked":"Corruption+1","floor":24},{"not_picked":["Perfected Strike","Headbutt"],"picked":"Reaper","floor":25},{"not_picked":["Rampage","Havoc","Clothesline"],"picked":"SKIP","floor":29},{"not_picked":["Offering","Immolate"],"picked":"Dark Embrace+1","floor":33},{"not_picked":["Pommel Strike","Clash","Twin Strike+1"],"picked":"SKIP","floor":35},{"not_picked":["Warcry","Iron Wave"],"picked":"Heavy Blade","floor":41},{"not_picked":["Wild Strike+1","Rage"],"picked":"Sword Boomerang+1","floor":42},{"not_picked":["Wild Strike+1","Havoc+1"],"picked":"Shrug It Off+1","floor":45},{"not_picked":["Heavy Blade","Reckless Charge"],"picked":"Headbutt+1","floor":46},{"not_picked":["Fire Breathing+1","Rage+1"],"picked":"Fiend Fire","floor":48},{"not_picked":["Perfected Strike","Headbutt","Flex+1"],"picked":"SKIP","floor":55}],"player_experience":1704761,"relics_obtained":[{"floor":6,"key":"Bag of Preparation"},{"floor":9,"key":"Centennial Puzzle"},{"floor":10,"key":"Strawberry"},{"floor":12,"key":"Red Skull"},{"floor":23,"key":"Regal Pillow"},{"floor":25,"key":"Gremlin Horn"},{"floor":29,"key":"The Courier"},{"floor":34,"key":"War Paint"},{"floor":34,"key":"Matryoshka"},{"floor":34,"key":"StoneCalendar"},{"floor":36,"key":"Potion Belt"},{"floor":36,"key":"Happy Flower"},{"floor":37,"key":"Ice Cream"},{"floor":43,"key":"Toxic Egg 2"},{"floor":43,"key":"Omamori"},{"floor":46,"key":"Boot"},{"floor":48,"key":"Bag of Marbles"},{"floor":55,"key":"Kunai"}],"event_choices":[{"damage_healed":0,"gold_gain":0,"player_choice":"Success","damage_taken":11,"relics_obtained":["PreservedInsect"],"max_hp_gain":0,"max_hp_loss":0,"event_name":"Scrap Ooze","floor":3,"gold_loss":0},{"cards_removed":["Impervious"],"damage_healed":0,"gold_gain":0,"player_choice":"Gave Card","damage_taken":0,"relics_obtained":["Frozen Egg 2"],"max_hp_gain":0,"max_hp_loss":0,"event_name":"WeMeetAgain","floor":5,"gold_loss":0},{"damage_healed":0,"gold_gain":0,"player_choice":"Lose Max HP","damage_taken":0,"relics_obtained":["Golden Idol"],"max_hp_gain":0,"max_hp_loss":8,"event_name":"Golden Idol","floor":13,"gold_loss":0},{"damage_healed":0,"gold_gain":0,"player_choice":"Grow","damage_taken":0,"max_hp_gain":0,"max_hp_loss":0,"event_name":"Living Wall","floor":14,"gold_loss":0,"cards_upgraded":["True Grit"]},{"damage_healed":0,"gold_gain":0,"player_choice":"Got Potions","damage_taken":0,"max_hp_gain":0,"max_hp_loss":0,"event_name":"Lab","floor":21,"gold_loss":0},{"damage_healed":0,"gold_gain":0,"player_choice":"Obtained Relic","damage_taken":0,"relics_obtained":["Pear"],"max_hp_gain":0,"max_hp_loss":0,"event_name":"Addict","floor":27,"gold_loss":85},{"damage_healed":0,"gold_gain":0,"player_choice":"Ignored","damage_taken":0,"max_hp_gain":0,"max_hp_loss":0,"event_name":"N\u0027loth","floor":31,"gold_loss":0},{"damage_healed":0,"gold_gain":0,"player_choice":"Fight","damage_taken":0,"max_hp_gain":0,"max_hp_loss":0,"event_name":"Mysterious Sphere","floor":37,"gold_loss":0},{"cards_removed":["Strike_R"],"damage_healed":0,"gold_gain":0,"player_choice":"Removed Attack","damage_taken":0,"max_hp_gain":0,"max_hp_loss":0,"event_name":"Falling","floor":39,"gold_loss":0}],"is_beta":false,"boss_relics":[{"not_picked":["Fusion Hammer","Black Blood"],"picked":"Snecko Eye"},{"not_picked":["Runic Dome","Runic Pyramid"],"picked":"Calling Bell"}],"items_purged_floors":[38],"is_endless":false,"potions_floor_spawned":[6,16,18,19,23,33,37,41,46],"ascension_level":20}