{"gold_per_floor":[116,132,132,407,426,426,31,65,91,111,126,126,197,223,223,301,301,313,5,5,22,22,22,22,54,103,103,135,152,55,69,69,146,146,164,214,43,59,75,75,409,409,433,433,467,197,228,281,281,281,281],"floor_reached":51,"playtime":4156,"items_purged":["Regret","Strike_R","Strike_R","Strike_R"],"score":1558,"play_id":"eab499f2-1a33-4904-9f9f-b501f93478cb","local_time":"20190502075918","is_ascension_mode":true,"campfire_choices":[{"data":"Armaments","floor":6,"key":"SMITH"},{"data":"Inflame","floor":12,"key":"SMITH"},{"data":"Shockwave","floor":15,"key":"SMITH"},{"data":"True Grit","floor":23,"key":"SMITH"},{"data":"Demon Form","floor":32,"key":"SMITH"},{"floor":40,"key":"RECALL"},{"data":"Corruption","floor":42,"key":"SMITH"},{"floor":44,"key":"REST"},{"floor":49,"key":"REST"}],"neow_cost":"PERCENT_DAMAGE","seed_source_timestamp":824413058331574,"circlet_count":0,"master_deck":["AscendersBane","Strike_R","Strike_R","Defend_R","Defend_R","Defend_R","Defend_R","Bash","Armaments+1","Wild Strike","Shrug It Off+1","Inflame+1","Headbutt","Rampage","Shockwave+1","Disarm+1","Reaper","Offering","True Grit+1","RitualDagger","Demon Form+1","Corruption+1","Heavy Blade+1","Offering","Corruption+1","Battle Trance","Flame Barrier","Havoc+1","Metallicize+1","Second Wind","Inflame+1"],"relics":["Burning Blood","Mango","OrangePellets","Centennial Puzzle","Regal Pillow","Orichalcum","Philosopher\u0027s Stone","Membership Card","War Paint","Mercury Hourglass","Strawberry","Happy Flower","Mark of Pain","Bag of Preparation","Old Coin","Frozen Egg 2","Frozen Eye","Darkstone Periapt","Du-Vu Doll"],"potions_floor_usage":[8,16,25,25,28,33,41,50,51],"damage_taken":[{"damage":7,"enemies":"Small Slimes","floor":1,"turns":4},{"damage":0,"enemies":"2 Louse","floor":2,"turns":3},{"damage":0,"enemies":"Cultist","floor":5,"turns":2},{"damage":32,"enemies":"Gremlin Nob","floor":8,"turns":4},{"damage":10,"enemies":"Lots of Slimes","floor":10,"turns":5},{"damage":9,"enemies":"Blue Slaver","floor":11,"turns":3},{"damage":11,"enemies":"Lagavulin","floor":14,"turns":7},{"damage":42,"enemies":"Hexaghost","floor":16,"turns":11},{"damage":11,"enemies":"3 Byrds","floor":18,"turns":5},{"damage":18,"enemies":"Spheric Guardian","floor":21,"turns":4},{"damage":44,"enemies":"Slavers","floor":25,"turns":5},{"damage":23,"enemies":"Book of Stabbing","floor":28,"turns":7},{"damage":27,"enemies":"Snake Plant","floor":29,"turns":5},{"damage":6,"enemies":"3 Cultists","floor":31,"turns":4},{"damage":25,"enemies":"Collector","floor":33,"turns":7},{"damage":24,"enemies":"Orb Walker","floor":35,"turns":4},{"damage":13,"enemies":"3 Darklings","floor":38,"turns":3},{"damage":18,"enemies":"Spire Growth","floor":39,"turns":4},{"damage":45,"enemies":"Nemesis","floor":41,"turns":7},{"damage":42,"enemies":"Giant Head","floor":45,"turns":7},{"damage":39,"enemies":"Nemesis","floor":47,"turns":5},{"damage":19,"enemies":"2 Orb Walkers","floor":48,"turns":4},{"damage":76,"enemies":"Time Eater","floor":50,"turns":8},{"damage":96,"enemies":"Awakened One","floor":51,"turns":9}],"seed_played":"-4886662149811887704","potions_obtained":[{"floor":1,"key":"SkillPotion"},{"floor":5,"key":"GamblersBrew"},{"floor":14,"key":"Strength Potion"},{"floor":16,"key":"FearPotion"},{"floor":25,"key":"Regen Potion"},{"floor":29,"key":"Energy Potion"},{"floor":45,"key":"Weak Potion"}],"is_trial":false,"path_per_floor":["M","M","?","?","M","R","$","E","T","M","M","R","?","E","R","B",null,"M","$","?","M","?","R","$","E","T","?","E","M","$","M","R","B",null,"M","?","$","M","M","R","E","R","T","R","E","$","E","?","R","B","B"],"character_chosen":"IRONCLAD","items_purchased":["Inflame","OrangePellets","Headbutt","Membership Card","War Paint","Corruption","Block Potion","Bag of Preparation","SteroidPotion","Metallicize+1","Frozen Eye","Second Wind","AttackPotion"],"campfire_rested":2,"item_purchase_floors":[7,7,7,19,19,30,30,37,37,46,46,46,46],"current_hp_per_floor":[63,69,74,74,80,80,80,54,54,50,47,47,47,42,42,30,78,78,78,72,60,60,60,60,32,39,39,47,32,32,56,56,47,88,77,67,67,96,84,84,67,67,67,101,77,77,44,46,91,52,0],"gold":281,"neow_bonus":"ONE_RARE_RELIC","is_prod":false,"is_daily":false,"chose_seed":false,"campfire_upgraded":6,"win_rate":0,"timestamp":1556798358,"path_taken":["M","M","?","?","?","R","?","E","T","M","M","R","?","E","R","BOSS","M","$","?","M","?","R","?","E","T","?","E","M","$","M","R","BOSS","M","?","$","M","M","R","E","R","T","R","E","?","E","?","R","BOSS","BOSS"],"build_version":"2019-01-23","purchased_purges":4,"victory":false,"max_hp_per_floor":[89,89,94,94,94,94,94,94,94,94,94,94,94,94,94,94,94,94,94,94,94,94,94,94,94,101,101,101,101,101,101,101,101,101,101,101,101,101,101,101,101,101,101,101,101,101,101,101,101,101,101],"card_choices":[{"not_picked":["Searing Blow","Rupture"],"picked":"Armaments","floor":1},{"not_picked":["Iron Wave","Body Slam"],"picked":"Wild Strike","floor":2},{"not_picked":["Warcry","Exhume"],"picked":"Shrug It Off","floor":5},{"not_picked":["Warcry","Havoc"],"picked":"Rampage","floor":8},{"not_picked":["Havoc","Pommel Strike"],"picked":"Shockwave","floor":10},{"not_picked":["Headbutt","Heavy Blade"],"picked":"Disarm","floor":11},{"not_picked":["Sentinel","Searing Blow"],"picked":"Reaper","floor":14},{"not_picked":["Double Tap","Fiend Fire"],"picked":"Offering","floor":16},{"not_picked":["Havoc","Twin Strike"],"picked":"True Grit","floor":18},{"not_picked":["Cleave","Clash","Havoc"],"picked":"SKIP","floor":21},{"not_picked":["Body Slam","Carnage","Reckless Charge"],"picked":"SKIP","floor":25},{"not_picked":["Thunderclap","Sword Boomerang+1"],"picked":"Demon Form","floor":28},{"not_picked":["Bloodletting","Shockwave","Twin Strike"],"picked":"SKIP","floor":29},{"not_picked":["Rampage","Reaper"],"picked":"Heavy Blade+1","floor":31},{"not_picked":["Brutality","Feed"],"picked":"Offering","floor":33},{"not_picked":["Uppercut+1","Sword Boomerang"],"picked":"Corruption+1","floor":35},{"not_picked":["Seeing Red","Ghostly Armor","Rage"],"picked":"SKIP","floor":38},{"not_picked":["Havoc","Thunderclap"],"picked":"Battle Trance","floor":39},{"not_picked":["Sentinel","Armaments"],"picked":"Flame Barrier","floor":41},{"not_picked":["Body Slam+1","Second Wind"],"picked":"Havoc+1","floor":45},{"not_picked":["Spot Weakness","Clash+1","Rampage"],"picked":"SKIP","floor":47},{"not_picked":["Corruption+1","Sword Boomerang"],"picked":"Inflame+1","floor":48}],"player_experience":2235198,"relics_obtained":[{"floor":8,"key":"Centennial Puzzle"},{"floor":9,"key":"Regal Pillow"},{"floor":14,"key":"Orichalcum"},{"floor":25,"key":"Mercury Hourglass"},{"floor":26,"key":"Strawberry"},{"floor":28,"key":"Happy Flower"},{"floor":41,"key":"Old Coin"},{"floor":45,"key":"Frozen Egg 2"},{"floor":47,"key":"Darkstone Periapt"},{"floor":48,"key":"Du-Vu Doll"}],"event_choices":[{"damage_healed":0,"gold_gain":0,"player_choice":"Donut","damage_taken":0,"max_hp_gain":5,"max_hp_loss":0,"event_name":"Big Fish","floor":3,"gold_loss":0},{"damage_healed":0,"gold_gain":275,"player_choice":"Desecrate","damage_taken":0,"max_hp_gain":0,"max_hp_loss":0,"event_name":"Golden Shrine","floor":4,"gold_loss":0,"cards_obtained":["Regret"]},{"damage_healed":0,"gold_gain":71,"player_choice":"Gained Gold","damage_taken":0,"max_hp_gain":0,"max_hp_loss":0,"event_name":"Golden Wing","floor":13,"gold_loss":0},{"damage_healed":0,"gold_gain":0,"player_choice":"Joined the Cult","damage_taken":6,"max_hp_gain":0,"max_hp_loss":0,"event_name":"Nest","floor":20,"gold_loss":0,"cards_obtained":["RitualDagger"]},{"damage_healed":0,"gold_gain":0,"player_choice":"Ignored","damage_taken":0,"max_hp_gain":0,"max_hp_loss":0,"event_name":"The Mausoleum","floor":22,"gold_loss":0},{"damage_healed":0,"gold_gain":0,"player_choice":"0 cards matched","damage_taken":0,"max_hp_gain":0,"max_hp_loss":0,"event_name":"Match and Keep!","floor":27,"gold_loss":0,"cards_obtained":[]},{"damage_healed":0,"gold_gain":50,"player_choice":"Touch","damage_taken":10,"max_hp_gain":0,"max_hp_loss":0,"event_name":"FaceTrader","floor":36,"gold_loss":0},{"damage_healed":0,"gold_gain":0,"player_choice":"Fight","damage_taken":0,"max_hp_gain":0,"max_hp_loss":0,"event_name":"Mysterious Sphere","floor":48,"gold_loss":0}],"is_beta":false,"boss_relics":[{"not_picked":["Orrery","Black Blood"],"picked":"Philosopher\u0027s Stone"},{"not_picked":["Pandora\u0027s Box","Lizard Tail"],"picked":"Mark of Pain"}],"items_purged_floors":[7,30,37,46],"is_endless":false,"potions_floor_spawned":[1,5,14,16,18,25,29,45,47],"killed_by":"Awakened One","ascension_level":20}