{"gold_per_floor":[363,363,13,23,35,64,64,94,141,141],"floor_reached":10,"playtime":446,"items_purged":[],"score":152,"play_id":"9d611210-b594-438e-8e64-8da18ff341ee","local_time":"20190405033544","is_ascension_mode":true,"campfire_choices":[{"floor":7,"key":"REST"}],"neow_cost":"PERCENT_DAMAGE","seed_source_timestamp":321786039193137,"circlet_count":0,"master_deck":["AscendersBane","Strike_R","Strike_R","Strike_R","Strike_R","Strike_R+1","Defend_R+1","Defend_R+1","Defend_R","Defend_R","Bash","Pummel+1","Spot Weakness","Shrug It Off","Hemokinesis","Power Through","Flame Barrier","Shrug It Off"],"relics":["Burning Blood","War Paint","Matryoshka","Happy Flower","Bag of Preparation","Orichalcum"],"potions_floor_usage":[6,6,10],"damage_taken":[{"damage":12,"enemies":"Jaw Worm","floor":1,"turns":4},{"damage":1,"enemies":"2 Louse","floor":4,"turns":3},{"damage":3,"enemies":"Cultist","floor":5,"turns":3},{"damage":16,"enemies":"3 Sentries","floor":6,"turns":8},{"damage":36,"enemies":"Gremlin Nob","floor":8,"turns":4},{"damage":13,"enemies":"3 Sentries","floor":10,"turns":4}],"seed_played":"5314914269530205906","potions_obtained":[{"floor":4,"key":"EssenceOfSteel"},{"floor":8,"key":"Block Potion"}],"is_trial":false,"path_per_floor":["M","?","$","M","M","E","R","E","T","E"],"character_chosen":"IRONCLAD","items_purchased":["Spot Weakness","Shrug It Off","War Paint","PowerPotion"],"campfire_rested":1,"item_purchase_floors":[3,3,3,3],"current_hp_per_floor":[44,21,21,26,29,19,41,11,11,0],"gold":141,"neow_bonus":"TWO_FIFTY_GOLD","is_prod":false,"is_daily":false,"chose_seed":false,"campfire_upgraded":0,"win_rate":0,"timestamp":1554449744,"path_taken":["M","?","$","M","M","E","R","E","T","E"],"build_version":"2019-01-23","purchased_purges":0,"victory":false,"max_hp_per_floor":[75,75,75,75,75,75,75,75,75,75],"card_choices":[{"not_picked":["Sword Boomerang","Rage"],"picked":"Pummel","floor":1},{"not_picked":["Perfected Strike","Rampage"],"picked":"Hemokinesis","floor":4},{"not_picked":["Entrench","Power Through","Infernal Blade"],"picked":"SKIP","floor":5},{"not_picked":["Entrench","Infernal Blade"],"picked":"Power Through","floor":5},{"not_picked":["Thunderclap","Metallicize"],"picked":"Flame Barrier","floor":6},{"not_picked":["Pommel Strike","Havoc"],"picked":"Shrug It Off","floor":8}],"player_experience":1612095,"relics_obtained":[{"floor":6,"key":"Matryoshka"},{"floor":8,"key":"Happy Flower"},{"floor":9,"key":"Bag of Preparation"},{"floor":9,"key":"Orichalcum"}],"event_choices":[{"damage_healed":0,"gold_gain":0,"player_choice":"Entered Light","damage_taken":23,"max_hp_gain":0,"max_hp_loss":0,"event_name":"Shining Light","floor":2,"gold_loss":0,"cards_upgraded":["Strike_R","Pummel"]}],"is_beta":false,"boss_relics":[],"items_purged_floors":[],"is_endless":false,"potions_floor_spawned":[4,5,8],"killed_by":"3 Sentries","ascension_level":20}