{"gold_per_floor":[118,14,89,107,126,159,159,185,236,268,268,284,284,304,304,378,378,394,394],"floor_reached":19,"playtime":1088,"items_purged":[],"score":374,"play_id":"764d39f9-a96f-4f67-9e9f-5ff383d613a6","local_time":"20190405171256","is_ascension_mode":true,"campfire_choices":[{"floor":7,"key":"REST"},{"data":"Static Discharge","floor":11,"key":"SMITH"},{"data":"Hologram","floor":15,"key":"SMITH"}],"neow_cost":"NONE","seed_source_timestamp":370189779408776,"circlet_count":0,"master_deck":["AscendersBane","Strike_B","Strike_B","Strike_B","Strike_B","Defend_B","Defend_B","Defend_B","Defend_B","Zap+1","Dualcast","Ball Lightning","Cold Snap","Reinforced Body","Streamline","Glacier","Glacier","Go for the Eyes","Static Discharge+1","Hologram+1","Creative AI","Undo","Seek","Hologram"],"relics":["Cracked Core","Cables","Juzu Bracelet","Strawberry","Bag of Preparation","Coffee Dripper"],"potions_floor_usage":[6,16,19,19],"damage_taken":[{"damage":2,"enemies":"2 Louse","floor":1,"turns":3},{"damage":3,"enemies":"Small Slimes","floor":4,"turns":3},{"damage":0,"enemies":"Cultist","floor":5,"turns":3},{"damage":33,"enemies":"Gremlin Nob","floor":6,"turns":5},{"damage":21,"enemies":"Lagavulin","floor":8,"turns":7},{"damage":6,"enemies":"Gremlin Nob","floor":10,"turns":3},{"damage":3,"enemies":"Exordium Wildlife","floor":12,"turns":4},{"damage":0,"enemies":"2 Fungi Beasts","floor":14,"turns":2},{"damage":4,"enemies":"Hexaghost","floor":16,"turns":11},{"damage":6,"enemies":"Shell Parasite","floor":18,"turns":7},{"damage":12,"enemies":"Colosseum Slavers","floor":19,"turns":5},{"damage":54,"enemies":"Colosseum Nobs","floor":19,"turns":3}],"seed_played":"7863428546189893695","potions_obtained":[{"floor":5,"key":"EssenceOfSteel"},{"floor":10,"key":"FocusPotion"},{"floor":14,"key":"Weak Potion"},{"floor":16,"key":"Strength Potion"}],"is_trial":false,"path_per_floor":["M","$","?","M","M","E","R","E","T","E","R","M","?","M","R","B",null,"M","?"],"character_chosen":"DEFECT","items_purchased":["Cold Snap","Reinforced Body"],"campfire_rested":1,"item_purchase_floors":[2,2],"current_hp_per_floor":[62,62,51,48,48,15,36,15,22,16,16,13,13,13,13,9,61,55,0],"gold":394,"neow_bonus":"UPGRADE_CARD","is_prod":false,"is_daily":false,"chose_seed":false,"campfire_upgraded":2,"win_rate":0,"timestamp":1554498776,"path_taken":["M","$","?","M","M","E","R","E","T","E","R","M","?","M","R","BOSS","M","?"],"build_version":"2019-01-23","purchased_purges":0,"victory":false,"max_hp_per_floor":[71,71,71,71,71,71,71,71,78,78,78,78,78,78,78,78,78,78,78],"card_choices":[{"not_picked":["Stack","Conserve Battery"],"picked":"Ball Lightning","floor":1},{"not_picked":["Compile Driver","Steam"],"picked":"Streamline","floor":4},{"not_picked":["Turbo","Go for the Eyes"],"picked":"Glacier","floor":5},{"not_picked":["Beam Cell","Recycle"],"picked":"Glacier","floor":6},{"not_picked":["Fission","Sweeping Beam"],"picked":"Go for the Eyes","floor":8},{"not_picked":["Melter","Redo"],"picked":"Static Discharge","floor":10},{"not_picked":["Rip and Tear","Stack"],"picked":"Hologram","floor":12},{"not_picked":["Compile Driver","Buffer"],"picked":"Undo","floor":14},{"not_picked":["Rainbow","Core Surge"],"picked":"Seek","floor":16},{"not_picked":["Gash+1","Streamline"],"picked":"Hologram","floor":18}],"player_experience":1628996,"relics_obtained":[{"floor":6,"key":"Cables"},{"floor":8,"key":"Juzu Bracelet"},{"floor":9,"key":"Strawberry"},{"floor":10,"key":"Bag of Preparation"}],"event_choices":[{"damage_healed":0,"gold_gain":75,"player_choice":"Gather Gold","damage_taken":11,"max_hp_gain":0,"max_hp_loss":0,"event_name":"World of Goop","floor":3,"gold_loss":0},{"damage_healed":0,"gold_gain":0,"player_choice":"1 cards matched","damage_taken":0,"max_hp_gain":0,"max_hp_loss":0,"event_name":"Match and Keep!","floor":13,"gold_loss":0,"cards_obtained":["Creative AI"]},{"damage_healed":0,"gold_gain":0,"player_choice":"Fight","damage_taken":0,"max_hp_gain":0,"max_hp_loss":0,"event_name":"Colosseum","floor":19,"gold_loss":0},{"damage_healed":0,"gold_gain":0,"player_choice":"Fought Nobs","damage_taken":0,"max_hp_gain":0,"max_hp_loss":0,"event_name":"Colosseum","floor":19,"gold_loss":0}],"is_beta":false,"boss_relics":[{"not_picked":["Runic Pyramid","White Beast Statue"],"picked":"Coffee Dripper"}],"items_purged_floors":[],"is_endless":false,"potions_floor_spawned":[5,10,14,16,18,19],"killed_by":"Colosseum Nobs","ascension_level":20}