{"path_per_floor":["M","M","$","M","M","R","$","R","T","?","T","R","?","E","R","B",null,"M","$","M","?","M","R","M","R","T","R","?","M","M","$","R","B",null,"M","?","M","M","$","E","R","M","T"],"character_chosen":"DEFECT","items_purchased":["Chaos","Defragment","FTL","Coolheaded","Capacitor","Hologram"],"gold_per_floor":[111,125,44,60,72,72,5,5,83,83,83,83,83,112,112,210,210,194,83,98,98,109,109,123,123,123,123,123,135,154,82,82,181,181,194,194,211,228,181,208,208,223,223,223],"floor_reached":44,"campfire_rested":1,"playtime":1813,"current_hp_per_floor":[75,75,75,75,61,61,61,61,61,61,61,61,36,15,15,11,75,51,51,33,33,26,34,2,32,32,40,37,35,26,26,37,24,37,33,28,28,18,18,12,26,14,14,0],"items_purged":["Dualcast"],"gold":223,"score":576,"play_id":"e5ade89a-2d0e-4b8d-9583-573d3c4b08bd","local_time":"20180428183843","is_prod":false,"is_daily":false,"chose_seed":false,"is_ascension_mode":true,"campfire_upgraded":8,"timestamp":1524965923,"path_taken":["M","M","$","?","?","R","$","R","T","?","?","R","?","E","R","BOSS","M","$","M","?","M","R","M","R","T","R","?","?","M","$","R","BOSS","M","?","M","M","$","E","R","M","T","M"],"build_version":"2018-04-27v3","seed_source_timestamp":0,"purchased_purges":1,"victory":false,"master_deck":["Strike_B","Strike_B","Strike_B","Strike_B","Defend_B","Defend_B","Defend_B","Defend_B","Zap+1","Capacitor+1","Ball Lightning","Chaos+1","Cold Snap","Go for the Eyes","Defragment+1","Auto Shields+1","Prime+1","Leap+1","FTL+1","Storm","Ball Lightning","Ball Lightning+1","Ghostly+1","Ghostly+1","Ghostly+1","Ghostly+1","Ghostly+1","Cold Snap","Hologram+1","Coolheaded+1","Capacitor+1","Thunder Strike+1","Impulse+1","Madness+1","Madness+1","Force Field+1","Static Discharge","Hologram+1","Leap+1","Chaos+1"],"max_hp_per_floor":[75,75,75,75,75,75,75,75,75,75,75,75,75,75,75,75,75,75,75,75,75,75,75,75,75,75,75,37,37,37,37,37,37,37,37,37,37,37,37,37,37,37,37,37],"relics":["Cracked Core","NeowsBlessing","Toxic Egg 2","Turnip","Ancient Tea Set","Dead Branch","Eternal Feather","Prayer Wheel","Cursed Key","Bottled Lightning"],"card_choices":[{"not_picked":["Sweeping Beam","Barrage"],"picked":"Capacitor","floor":1.0},{"not_picked":["Gash","Recycle"],"picked":"Ball Lightning","floor":2.0},{"not_picked":["Streamline","Stack"],"picked":"Cold Snap","floor":4.0},{"not_picked":["Axe Kick","Aggregate"],"picked":"Go for the Eyes","floor":5.0},{"not_picked":["Undo","Gash"],"picked":"Auto Shields","floor":14.0},{"not_picked":["Meteor Strike","Hyperbeam"],"picked":"Prime","floor":16.0},{"not_picked":["Impulse","Sweeping Beam"],"picked":"Leap","floor":18.0},{"not_picked":["Hologram","Axe Kick"],"picked":"Storm","floor":20.0},{"not_picked":["Axe Kick","Hologram"],"picked":"Ball Lightning","floor":22.0},{"not_picked":["Melter","Sweeping Beam"],"picked":"Ball Lightning","floor":24.0},{"not_picked":["Streamline","Skim"],"picked":"Cold Snap","floor":29.0},{"not_picked":["Fusion","Reprogram"],"picked":"Hologram","floor":30.0},{"not_picked":["Rainbow","Meteor Strike"],"picked":"Thunder Strike","floor":33.0},{"not_picked":["Leap","Reprogram"],"picked":"Impulse","floor":35.0},{"not_picked":["Turbo","Sweeping Beam"],"picked":"Force Field","floor":37.0},{"not_picked":["Beam Cell","FTL"],"picked":"Static Discharge","floor":38.0},{"not_picked":["Rainbow","Rebound"],"picked":"Leap","floor":40.0},{"not_picked":["Genetic Algorithm","Axe Kick"],"picked":"Chaos","floor":42.0}],"player_experience":544514,"potions_floor_usage":[],"damage_taken":[{"damage":0.0,"enemies":"Cultist","floor":1.0,"turns":1.0},{"damage":0.0,"enemies":"2 Louse","floor":2.0,"turns":1.0},{"damage":0.0,"enemies":"Small Slimes","floor":4.0,"turns":1.0},{"damage":14.0,"enemies":"Blue Slaver","floor":5.0,"turns":3.0},{"damage":21.0,"enemies":"Lagavulin","floor":14.0,"turns":4.0},{"damage":4.0,"enemies":"Hexaghost","floor":16.0,"turns":9.0},{"damage":24.0,"enemies":"2 Thieves","floor":18.0,"turns":4.0},{"damage":18.0,"enemies":"3 Byrds","floor":20.0,"turns":6.0},{"damage":7.0,"enemies":"Centurion and Healer","floor":22.0,"turns":7.0},{"damage":32.0,"enemies":"Cultist and Chosen","floor":24.0,"turns":5.0},{"damage":9.0,"enemies":"Snecko","floor":29.0,"turns":6.0},{"damage":9.0,"enemies":"Sentry and Sphere","floor":30.0,"turns":6.0},{"damage":20.0,"enemies":"Champ","floor":33.0,"turns":11.0},{"damage":4.0,"enemies":"3 Shapes","floor":35.0,"turns":4.0},{"damage":0.0,"enemies":"Flame Bruiser 1 Orb","floor":37.0,"turns":7.0},{"damage":10.0,"enemies":"Maw","floor":38.0,"turns":8.0},{"damage":6.0,"enemies":"2 Orb Walkers","floor":40.0,"turns":6.0},{"damage":12.0,"enemies":"Sphere and 2 Shapes","floor":42.0,"turns":6.0},{"damage":26,"enemies":"Flame Bruiser 2 Orb","floor":44,"turns":3}],"event_choices":[{"event_name":"Liars Game","player_choice":"disagreed","floor":10.0,"damage_taken":0.0},{"event_name":"Scrap Ooze","player_choice":"success","floor":13.0,"damage_taken":25.0},{"event_name":"The Mausoleum","player_choice":"No","floor":21.0,"damage_taken":0.0},{"event_name":"Ghosts","player_choice":"Became a Ghost","floor":28.0,"damage_taken":0.0},{"event_name":"Winding Halls","player_choice":"Embrace Madness","floor":36.0,"damage_taken":0.0}],"boss_relics":[],"potions_floor_spawned":[4,14,16,24,30,33,42],"seed_played":"5180961009519046459","killed_by":"Flame Bruiser 2 Orb","ascension_level":4,"is_trial":false}