{"gold_per_floor":[114,131,131,151,17,17,35,66,66,66,77,87,102,134,134,208,208,227,245,270,287,287,287,316,316,387,387,418,63,63,91,91,162,162,174,174,186,201,201,201,201,232,232,232],"floor_reached":44,"playtime":2166,"items_purged":["Pain"],"score":1012,"play_id":"ea780cfa-68f3-42d0-947a-53d59b103c3e","local_time":"20190425003550","is_ascension_mode":true,"campfire_choices":[{"data":"Perfected Strike","floor":6,"key":"SMITH"},{"data":"Wild Strike","floor":10,"key":"SMITH"},{"data":"Feel No Pain","floor":15,"key":"SMITH"},{"data":"True Grit","floor":23,"key":"SMITH"},{"data":"Twin Strike","floor":25,"key":"SMITH"},{"floor":27,"key":"REST"},{"data":"Rage","floor":32,"key":"SMITH"},{"data":"Disarm","floor":41,"key":"SMITH"}],"neow_cost":"NONE","seed_source_timestamp":194945684186510,"circlet_count":0,"master_deck":["AscendersBane","Strike_R","Strike_R","Strike_R","Strike_R","Strike_R","Defend_R","Bash+1","Wild Strike+1","Twin Strike+1","Perfected Strike+1","Shrug It Off","Feel No Pain+1","Twin Strike+1","Shrug It Off","Shrug It Off","Feed+1","Reckless Charge+1","Immolate+1","Headbutt+1","Pommel Strike+1","Corruption+1","True Grit+1","Anger+1","Iron Wave+1","Rage+1","Disarm+1","Battle Trance","Exhume","Feel No Pain+1","Metallicize+1","Perfected Strike+1","Corruption+1"],"relics":["Burning Blood","WarpedTongs","Molten Egg 2","Frozen Egg 2","Oddly Smooth Stone","Runic Dome","Red Mask","Dream Catcher","Kunai","Nunchaku","Ornamental Fan","Incense Burner","Mark of Pain","Darkstone Periapt"],"potions_floor_usage":[8,12,12,16,16,20,24,42,44,44,44],"damage_taken":[{"damage":5,"enemies":"Small Slimes","floor":1,"turns":4},{"damage":1,"enemies":"Cultist","floor":2,"turns":3},{"damage":9,"enemies":"2 Louse","floor":4,"turns":3},{"damage":0,"enemies":"Exordium Wildlife","floor":7,"turns":2},{"damage":18,"enemies":"3 Sentries","floor":8,"turns":8},{"damage":1,"enemies":"Exordium Thugs","floor":11,"turns":3},{"damage":5,"enemies":"Gremlin Gang","floor":12,"turns":4},{"damage":6,"enemies":"Red Slaver","floor":13,"turns":4},{"damage":21,"enemies":"Gremlin Nob","floor":14,"turns":4},{"damage":55,"enemies":"The Guardian","floor":16,"turns":14},{"damage":5,"enemies":"Spheric Guardian","floor":18,"turns":4},{"damage":0,"enemies":"2 Thieves","floor":19,"turns":2},{"damage":3,"enemies":"Masked Bandits","floor":20,"turns":4},{"damage":26,"enemies":"Shelled Parasite and Fungi","floor":21,"turns":5},{"damage":27,"enemies":"Slavers","floor":24,"turns":6},{"damage":29,"enemies":"Book of Stabbing","floor":28,"turns":5},{"damage":31,"enemies":"Gremlin Leader","floor":31,"turns":7},{"damage":29,"enemies":"Automaton","floor":33,"turns":10},{"damage":0,"enemies":"3 Shapes","floor":35,"turns":3},{"damage":0,"enemies":"Orb Walker","floor":37,"turns":3},{"damage":7,"enemies":"Writhing Mass","floor":38,"turns":6},{"damage":63,"enemies":"Giant Head","floor":42,"turns":9},{"damage":37,"enemies":"Reptomancer","floor":44,"turns":4}],"seed_played":"-3410708458169001675","potions_obtained":[{"floor":4,"key":"PowerPotion"},{"floor":7,"key":"EntropicBrew"},{"floor":12,"key":"SteroidPotion"},{"floor":16,"key":"BloodPotion"},{"floor":18,"key":"SteroidPotion"},{"floor":24,"key":"Ancient Potion"},{"floor":28,"key":"Weak Potion"},{"floor":42,"key":"EntropicBrew"}],"is_trial":false,"path_per_floor":["M","M","?","M","$","R","M","E","T","R","M","M","M","E","R","B",null,"M","M","?","M","?","R","E","R","T","R","E","$","?","E","R","B",null,"M","?","M","M","?","$","R","E","T","E"],"character_chosen":"IRONCLAD","items_purchased":["Shrug It Off","Ornamental Fan","Disarm"],"campfire_rested":1,"item_purchase_floors":[5,29,29],"current_hp_per_floor":[69,74,74,71,71,71,75,63,63,63,68,69,69,54,54,16,63,64,70,73,57,57,57,44,44,44,68,45,45,93,68,68,45,81,87,87,97,96,92,92,92,35,35,0],"gold":232,"neow_bonus":"UPGRADE_CARD","is_prod":false,"is_daily":false,"chose_seed":false,"campfire_upgraded":7,"win_rate":0,"timestamp":1556166950,"path_taken":["M","M","?","M","$","R","?","E","T","R","M","M","M","E","R","BOSS","M","M","?","M","?","R","E","R","T","R","E","$","?","E","R","BOSS","M","?","M","?","?","?","R","E","T","E"],"build_version":"2019-01-23","purchased_purges":1,"victory":false,"max_hp_per_floor":[75,75,75,75,75,75,75,75,75,75,75,75,75,75,75,79,79,79,79,79,83,83,83,83,83,83,83,83,83,93,93,93,93,93,93,93,97,97,92,92,92,92,92,92],"card_choices":[{"not_picked":["Heavy Blade","Cleave"],"picked":"Wild Strike","floor":1},{"not_picked":["Headbutt","Flex"],"picked":"Twin Strike","floor":2},{"not_picked":["Headbutt","Wild Strike"],"picked":"Perfected Strike","floor":4},{"not_picked":["Heavy Blade","Cleave"],"picked":"Feel No Pain","floor":7},{"not_picked":["Demon Form","Thunderclap"],"picked":"Twin Strike","floor":8},{"not_picked":["Anger+1","Shockwave"],"picked":"Shrug It Off","floor":11},{"not_picked":["Flex","Bloodletting"],"picked":"Shrug It Off","floor":12},{"not_picked":["Wild Strike+1","Clothesline+1"],"picked":"Feed+1","floor":13},{"not_picked":["Bloodletting","Wild Strike+1"],"picked":"Reckless Charge+1","floor":14},{"not_picked":["Exhume","Double Tap"],"picked":"Immolate+1","floor":16},{"not_picked":["Fire Breathing+1","Anger+1"],"picked":"Headbutt+1","floor":18},{"not_picked":["Heavy Blade+1","Searing Blow+1"],"picked":"Pommel Strike+1","floor":19},{"not_picked":["Seeing Red","Havoc"],"picked":"Corruption+1","floor":20},{"not_picked":["Warcry","Hemokinesis+1"],"picked":"True Grit","floor":21},{"not_picked":["Seeing Red","Anger+1","Twin Strike+1"],"picked":"SKIP","floor":24},{"not_picked":["Ghostly Armor","Twin Strike+1"],"picked":"Feed+1","floor":27},{"not_picked":["Hemokinesis+1","Dual Wield"],"picked":"Rage","floor":28},{"not_picked":["Rampage+1","Dual Wield"],"picked":"Battle Trance","floor":31},{"not_picked":["Feed+1","Double Tap"],"picked":"Exhume","floor":33},{"not_picked":["Perfected Strike+1","Clothesline+1"],"picked":"Feel No Pain+1","floor":35},{"not_picked":["True Grit","Rupture+1"],"picked":"Metallicize+1","floor":37},{"not_picked":["Armaments+1","Heavy Blade+1"],"picked":"Perfected Strike+1","floor":38},{"not_picked":["Thunderclap+1","Wild Strike+1"],"picked":"Corruption+1","floor":42}],"player_experience":1927447,"relics_obtained":[{"floor":8,"key":"Molten Egg 2"},{"floor":9,"key":"Frozen Egg 2"},{"floor":14,"key":"Oddly Smooth Stone"},{"floor":20,"key":"Red Mask"},{"floor":24,"key":"Dream Catcher"},{"floor":26,"key":"Kunai"},{"floor":28,"key":"Nunchaku"},{"floor":31,"key":"Incense Burner"},{"floor":42,"key":"Darkstone Periapt"}],"event_choices":[{"damage_healed":0,"gold_gain":0,"player_choice":"Rummage","damage_taken":0,"relics_obtained":["WarpedTongs"],"max_hp_gain":0,"max_hp_loss":0,"event_name":"Accursed Blacksmith","floor":3,"gold_loss":0,"cards_obtained":["Pain"]},{"damage_healed":0,"gold_gain":0,"player_choice":"Fought Bandits","damage_taken":0,"max_hp_gain":0,"max_hp_loss":0,"event_name":"Masked Bandits","floor":20,"gold_loss":0},{"damage_healed":0,"gold_gain":0,"cards_transformed":["Defend_R","Defend_R"],"player_choice":"Became Test Subject","damage_taken":0,"max_hp_gain":0,"max_hp_loss":0,"event_name":"Drug Dealer","floor":22,"gold_loss":0,"cards_obtained":["Anger","Iron Wave"]},{"cards_removed":["Feed"],"damage_healed":38,"gold_gain":0,"player_choice":"Offered Rare","damage_taken":0,"max_hp_gain":10,"max_hp_loss":0,"event_name":"Bonfire Elementals","floor":30,"gold_loss":0},{"cards_removed":["Defend_R"],"damage_healed":0,"gold_gain":0,"player_choice":"Purged","damage_taken":0,"max_hp_gain":0,"max_hp_loss":0,"event_name":"Purifier","floor":36,"gold_loss":0},{"damage_healed":0,"gold_gain":0,"player_choice":"Max HP","damage_taken":0,"max_hp_gain":0,"max_hp_loss":5,"event_name":"Winding Halls","floor":39,"gold_loss":0}],"is_beta":false,"boss_relics":[{"not_picked":["Black Blood","Lizard Tail"],"picked":"Runic Dome"},{"not_picked":["Velvet Choker","Philosopher\u0027s Stone"],"picked":"Mark of Pain"}],"items_purged_floors":[5],"is_endless":false,"potions_floor_spawned":[4,7,12,14,16,18,24,28,33,38,42],"killed_by":"Reptomancer","ascension_level":20}