{"gold_per_floor":[111,261,276,41,58,58,86,110,110,129,129,109,126,203,203,203],"floor_reached":16,"playtime":504,"items_purged":["Doubt"],"score":200,"play_id":"47dfb673-fd92-4f26-aebd-dc396e1ea5f1","local_time":"20190413205416","is_ascension_mode":true,"campfire_choices":[{"data":"Bash","floor":6,"key":"SMITH"},{"data":"Uppercut","floor":11,"key":"SMITH"},{"data":"Inflame","floor":15,"key":"SMITH"}],"neow_cost":"NONE","seed_source_timestamp":181717616265067,"circlet_count":0,"master_deck":["AscendersBane","Strike_R","Strike_R","Strike_R","Strike_R","Strike_R","Defend_R","Defend_R","Defend_R","Defend_R","Bash+1","Uppercut+1","Power Through","Spot Weakness","Feel No Pain","True Grit","Heavy Blade","Inflame+1","Reckless Charge","Pommel Strike"],"relics":["Burning Blood","Bag of Marbles","Toxic Egg 2","Odd Mushroom","Darkstone Periapt"],"potions_floor_usage":[8,10,13],"damage_taken":[{"damage":3,"enemies":"2 Louse","floor":1,"turns":3},{"damage":0,"enemies":"Cultist","floor":3,"turns":3},{"damage":0,"enemies":"Small Slimes","floor":5,"turns":3},{"damage":39,"enemies":"Gremlin Nob","floor":7,"turns":4},{"damage":12,"enemies":"The Mushroom Lair","floor":8,"turns":4},{"damage":4,"enemies":"2 Fungi Beasts","floor":10,"turns":3},{"damage":7,"enemies":"Large Slime","floor":13,"turns":4},{"damage":47,"enemies":"Slime Boss","floor":16,"turns":6}],"seed_played":"853655970598320344","potions_obtained":[{"floor":1,"key":"BloodPotion"},{"floor":3,"key":"Block Potion"},{"floor":8,"key":"AttackPotion"},{"floor":12,"key":"SmokeBomb"}],"is_trial":false,"path_per_floor":["M","?","M","$","M","R","E","?","T","M","R","?","M","?","R","B"],"character_chosen":"IRONCLAD","items_purchased":["Spot Weakness","Feel No Pain"],"campfire_rested":0,"item_purchase_floors":[4,4],"current_hp_per_floor":[71,71,75,75,75,75,42,36,36,45,45,45,44,44,44,0],"gold":203,"neow_bonus":"RANDOM_COMMON_RELIC","is_prod":false,"is_daily":false,"chose_seed":false,"campfire_upgraded":3,"win_rate":0,"timestamp":1555203256,"path_taken":["M","?","M","$","M","R","E","?","T","M","R","?","?","?","R","BOSS"],"build_version":"2019-01-23","purchased_purges":1,"victory":false,"max_hp_per_floor":[75,75,75,75,75,75,75,75,75,75,75,75,75,75,75,75],"card_choices":[{"not_picked":["Heavy Blade","Searing Blow"],"picked":"Uppercut","floor":1},{"not_picked":["Body Slam","Clash"],"picked":"Power Through","floor":3},{"not_picked":["Warcry","Pommel Strike"],"picked":"True Grit","floor":5},{"not_picked":["Sentinel","Spot Weakness"],"picked":"Heavy Blade","floor":7},{"not_picked":["Pommel Strike","Berserk"],"picked":"Inflame","floor":8},{"not_picked":["Wild Strike","Uppercut"],"picked":"Reckless Charge","floor":10},{"not_picked":["Whirlwind","Wild Strike"],"picked":"Pommel Strike","floor":13}],"player_experience":1841254,"relics_obtained":[{"floor":7,"key":"Toxic Egg 2"},{"floor":8,"key":"Odd Mushroom"},{"floor":9,"key":"Darkstone Periapt"}],"event_choices":[{"damage_healed":0,"gold_gain":150,"player_choice":"AGREE","damage_taken":0,"max_hp_gain":0,"max_hp_loss":0,"event_name":"Liars Game","floor":2,"gold_loss":0,"cards_obtained":["Doubt"]},{"damage_healed":0,"gold_gain":0,"player_choice":"Fought Mushrooms","damage_taken":0,"max_hp_gain":0,"max_hp_loss":0,"event_name":"Mushrooms","floor":8,"gold_loss":0},{"damage_healed":0,"gold_gain":0,"player_choice":"Bought 1 Potion","damage_taken":0,"max_hp_gain":0,"max_hp_loss":0,"event_name":"The Woman in Blue","floor":12,"gold_loss":0},{"damage_healed":0,"gold_gain":77,"player_choice":"Gained Gold","damage_taken":0,"max_hp_gain":0,"max_hp_loss":0,"event_name":"Golden Wing","floor":14,"gold_loss":0}],"is_beta":false,"boss_relics":[],"items_purged_floors":[4],"is_endless":false,"potions_floor_spawned":[1,3,8],"killed_by":"Slime Boss","ascension_level":20}