{"gold_per_floor":[110,128,143,163,163,163,163,199,245,245,265,265,286,286],"floor_reached":14,"playtime":728,"items_purged":[],"score":143,"play_id":"dbc8fc41-3f35-435b-a5af-c66610e17e72","local_time":"20190317231023","is_ascension_mode":true,"campfire_choices":[{"data":"Melter","floor":6,"key":"SMITH"},{"floor":10,"key":"REST"},{"data":"Scrape","floor":12,"key":"SMITH"}],"neow_cost":"NONE","seed_source_timestamp":77560840871096,"circlet_count":0,"master_deck":["AscendersBane","Strike_B","Strike_B","Strike_B","Strike_B","Defend_B","Defend_B","Defend_B","Defend_B","Zap","Dualcast","Stack","Melter+1","Force Field","Ball Lightning+1","Scrape+1","Conserve Battery","Compile Driver"],"relics":["Snecko Eye","Golden Idol","Shuriken","Orichalcum"],"potions_floor_usage":[13,13],"damage_taken":[{"damage":2,"enemies":"Jaw Worm","floor":1,"turns":3},{"damage":12,"enemies":"Cultist","floor":2,"turns":5},{"damage":7,"enemies":"Small Slimes","floor":3,"turns":4},{"damage":9,"enemies":"Red Slaver","floor":4,"turns":2},{"damage":28,"enemies":"3 Sentries","floor":8,"turns":7},{"damage":2,"enemies":"3 Louse","floor":11,"turns":2},{"damage":0,"enemies":"Gremlin Gang","floor":13,"turns":7},{"damage":28,"enemies":"Lagavulin","floor":14,"turns":5}],"seed_played":"6627333741274103974","potions_obtained":[{"floor":3,"key":"SpeedPotion"},{"floor":8,"key":"SkillPotion"},{"floor":13,"key":"Fire Potion"}],"is_trial":false,"path_per_floor":["M","M","M","M","?","R","?","E","T","R","M","R","M","E"],"character_chosen":"DEFECT","items_purchased":[],"campfire_rested":1,"item_purchase_floors":[],"current_hp_per_floor":[66,54,47,38,38,38,38,10,10,30,28,28,28,0],"gold":286,"neow_bonus":"BOSS_RELIC","is_prod":false,"is_daily":false,"chose_seed":false,"campfire_upgraded":2,"win_rate":0,"timestamp":1552878623,"path_taken":["M","M","M","M","?","R","?","E","T","R","M","R","M","E"],"build_version":"2019-01-23","purchased_purges":0,"victory":false,"max_hp_per_floor":[75,75,75,75,69,69,69,69,69,69,69,69,69,69],"card_choices":[{"not_picked":["Rebound","Recycle"],"picked":"Stack","floor":1},{"not_picked":["White Noise","Hello World"],"picked":"Melter","floor":2},{"not_picked":["Redo","Heatsinks"],"picked":"Force Field","floor":3},{"not_picked":["Self Repair","Streamline"],"picked":"Ball Lightning","floor":4},{"not_picked":["Fusion","Barrage"],"picked":"Scrape","floor":8},{"not_picked":["Hologram","Gash"],"picked":"Conserve Battery","floor":11},{"not_picked":["Steam","Force Field"],"picked":"Compile Driver","floor":13}],"player_experience":1192140,"relics_obtained":[{"floor":8,"key":"Shuriken"},{"floor":9,"key":"Orichalcum"}],"event_choices":[{"damage_healed":0,"gold_gain":0,"player_choice":"Lose Max HP","damage_taken":0,"relics_obtained":["Golden Idol"],"max_hp_gain":0,"max_hp_loss":6,"event_name":"Golden Idol","floor":5,"gold_loss":0},{"damage_healed":0,"gold_gain":0,"player_choice":"Grow","damage_taken":0,"max_hp_gain":0,"max_hp_loss":0,"event_name":"Living Wall","floor":7,"gold_loss":0,"cards_upgraded":["Ball Lightning"]}],"is_beta":false,"boss_relics":[],"items_purged_floors":[],"is_endless":false,"potions_floor_spawned":[3,8,11,13],"killed_by":"Lagavulin","ascension_level":11}