{"gold_per_floor":[113,113,130,71,89,99,99,130,211,211,361,65,65,75,75,146,146,160,179,89,89,89,89,121,140,164,164,0,0,0,15,15,94,94,109,161,161],"floor_reached":37,"playtime":3018,"items_purged":["Doubt"],"score":838,"play_id":"fb012a5d-370d-4073-85ad-e8be1473e6ec","local_time":"20190427151510","is_ascension_mode":true,"campfire_choices":[{"data":"Beam Cell","floor":7.0,"key":"SMITH"},{"floor":10.0,"key":"REST"},{"data":"Skim","floor":13.0,"key":"SMITH"},{"data":"Streamline","floor":15.0,"key":"SMITH"},{"floor":23.0,"key":"REST"},{"floor":27.0,"key":"REST"},{"floor":30.0,"key":"REST"},{"data":"Buffer","floor":32.0,"key":"SMITH"}],"neow_cost":"NONE","seed_source_timestamp":0,"circlet_count":0,"master_deck":["AscendersBane","Zap","Dualcast","Sweeping Beam+1","Sweeping Beam","Cold Snap","Chill","Beam Cell+1","Skim+1","Gash","Streamline+1","Core Surge","Creative AI","Capacitor","FTL","Steam Power","Chill","Buffer+1","Meteor Strike","Genetic Algorithm","Glacier","Bandage Up","Writhe","Static Discharge","BootSequence","Gash+1","Conserve Battery","Echo Form","Decay","Parasite","Shame","White Noise+1"],"special_seed":0,"relics":["Cracked Core","CultistMask","FossilizedHelix","Symbiotic Virus","Whetstone","Pandora\u0027s Box","Oddly Smooth Stone","Blue Candle","Bag of Marbles","Calling Bell","Anchor","Toxic Egg 2","Dead Branch","Nunchaku"],"potions_floor_usage":[35],"damage_taken":[{"damage":2.0,"enemies":"Small Slimes","floor":1.0,"turns":3.0},{"damage":1.0,"enemies":"Cultist","floor":3.0,"turns":3.0},{"damage":9.0,"enemies":"2 Louse","floor":5.0,"turns":2.0},{"damage":10.0,"enemies":"Large Slime","floor":6.0,"turns":7.0},{"damage":35.0,"enemies":"Lagavulin","floor":8.0,"turns":9.0},{"damage":4.0,"enemies":"Blue Slaver","floor":14.0,"turns":3.0},{"damage":25.0,"enemies":"The Guardian","floor":16.0,"turns":10.0},{"damage":0.0,"enemies":"3 Byrds","floor":18.0,"turns":5.0},{"damage":21.0,"enemies":"Chosen","floor":19.0,"turns":7.0},{"damage":53.0,"enemies":"Gremlin Leader","floor":24.0,"turns":6.0},{"damage":0.0,"enemies":"Centurion and Healer","floor":25.0,"turns":7.0},{"damage":13.0,"enemies":"3 Cultists","floor":31.0,"turns":5.0},{"damage":17.0,"enemies":"Champ","floor":33.0,"turns":54.0},{"damage":0,"enemies":"Orb Walker","floor":35,"turns":4},{"damage":58,"enemies":"2 Orb Walkers","floor":36,"turns":8},{"damage":18,"enemies":"3 Darklings","floor":37,"turns":3}],"seed_played":"2264211974236981121","potions_obtained":[{"floor":3.0,"key":"GamblersBrew"},{"floor":6.0,"key":"Regen Potion"},{"floor":8.0,"key":"GamblersBrew"},{"floor":14.0,"key":"PowerPotion"},{"floor":24.0,"key":"Fire Potion"},{"floor":31.0,"key":"SpeedPotion"},{"floor":33.0,"key":"SkillPotion"}],"is_trial":false,"path_per_floor":["M","?","M","$","M","M","R","E","T","R","?","$","R","M","R","B",null,"M","M","$","?","?","R","E","M","T","R","?","?","R","M","R","B",null,"M","?","M"],"character_chosen":"DEFECT","items_purchased":["Cold Snap","Gash","Whetstone","Bandage Up"],"campfire_rested":4,"item_purchase_floors":[4,12,12,20],"current_hp_per_floor":[62,62,61,61,52,42,42,22,22,43,43,43,43,39,39,14,57,57,36,36,36,36,57,12,16,16,37,37,37,58,49,49,36,62,70,13,0],"gold":161,"neow_bonus":"THREE_CARDS","is_prod":false,"is_daily":false,"chose_seed":false,"campfire_upgraded":4,"win_rate":0,"timestamp":1556370910,"path_taken":["M","?","?","$","M","M","R","E","T","R","?","$","R","M","R","BOSS","M","M","$","?","?","R","E","M","T","R","?","?","R","M","R","BOSS","M","?","M"],"build_version":"2019-01-23","purchased_purges":1,"victory":false,"max_hp_per_floor":[71,71,71,71,71,71,71,71,71,71,71,71,71,71,71,71,71,71,71,71,71,71,71,71,71,71,71,71,71,71,71,71,71,71,71,71,71],"card_choices":[{"not_picked":["Compile Driver","Barrage"],"picked":"Sweeping Beam","floor":0.0},{"not_picked":["Hologram","Barrage","Fusion"],"picked":"SKIP","floor":1.0},{"not_picked":["Steam","Undo"],"picked":"Sweeping Beam","floor":3.0},{"not_picked":["Force Field","Hello World"],"picked":"Chill","floor":5.0},{"not_picked":["Turbo","Multi-Cast"],"picked":"Beam Cell","floor":6.0},{"not_picked":["Aggregate","Auto Shields"],"picked":"Skim","floor":8.0},{"not_picked":["Coolheaded","Leap"],"picked":"Streamline","floor":14.0},{"not_picked":["Fission","Creative AI"],"picked":"Core Surge","floor":16.0},{"not_picked":["Barrage","FTL"],"picked":"Glacier","floor":18.0},{"not_picked":["Doom and Gloom","Compile Driver","Sunder"],"picked":"SKIP","floor":19.0},{"not_picked":["Beam Cell","Melter"],"picked":"BootSequence","floor":24.0},{"not_picked":["Hello World","Rebound+1"],"picked":"Gash+1","floor":25.0},{"not_picked":["Chill+1","Steam Power"],"picked":"Conserve Battery","floor":31.0},{"not_picked":["Buffer","Hyperbeam"],"picked":"Echo Form","floor":33.0},{"not_picked":["Rebound","Reinforced Body+1","Leap+1"],"picked":"SKIP","floor":35},{"not_picked":["Fusion+1","Coolheaded+1"],"picked":"White Noise+1","floor":36}],"player_experience":282633,"relics_obtained":[{"floor":8.0,"key":"FossilizedHelix"},{"floor":9.0,"key":"Symbiotic Virus"},{"floor":24.0,"key":"Blue Candle"},{"floor":26.0,"key":"Bag of Marbles"},{"floor":34,"key":"Anchor"},{"floor":34,"key":"Toxic Egg 2"},{"floor":34,"key":"Dead Branch"},{"floor":36,"key":"Nunchaku"}],"event_choices":[{"damage_healed":0.0,"max_hp_gain":0.0,"max_hp_loss":0.0,"gold_gain":0.0,"event_name":"FaceTrader","player_choice":"Trade","floor":2.0,"gold_loss":0.0,"damage_taken":0.0,"relics_obtained":["CultistMask"]},{"damage_healed":0.0,"max_hp_gain":0.0,"max_hp_loss":0.0,"gold_gain":150.0,"event_name":"Liars Game","player_choice":"AGREE","floor":11.0,"gold_loss":0.0,"damage_taken":0.0,"cards_obtained":["Doubt"]},{"damage_healed":0.0,"max_hp_gain":0.0,"max_hp_loss":0.0,"gold_gain":0.0,"event_name":"The Mausoleum","player_choice":"Opened","floor":21.0,"gold_loss":0.0,"damage_taken":0.0,"relics_obtained":["Oddly Smooth Stone"],"cards_obtained":["Writhe"]},{"damage_healed":0.0,"max_hp_gain":0.0,"max_hp_loss":0.0,"gold_gain":0.0,"event_name":"The Library","player_choice":"Read","floor":22.0,"gold_loss":0.0,"damage_taken":0.0,"cards_obtained":["Static Discharge"]},{"damage_healed":0.0,"max_hp_gain":0.0,"max_hp_loss":0.0,"gold_gain":0.0,"event_name":"Masked Bandits","player_choice":"Paid Fearfully","floor":28.0,"gold_loss":164.0,"damage_taken":0.0},{"damage_healed":0.0,"max_hp_gain":0.0,"max_hp_loss":0.0,"gold_gain":0.0,"event_name":"Vampires","player_choice":"Ignored","floor":29.0,"gold_loss":0.0,"damage_taken":0.0},{"damage_healed":0,"gold_gain":0,"player_choice":"Fight","damage_taken":0,"max_hp_gain":0,"max_hp_loss":0,"event_name":"Mysterious Sphere","floor":36,"gold_loss":0}],"is_beta":false,"boss_relics":[{"not_picked":["Sozu","Runic Pyramid"],"picked":"Pandora\u0027s Box"},{"not_picked":["Empty Cage","White Beast Statue"],"picked":"Calling Bell"}],"items_purged_floors":[12],"is_endless":false,"potions_floor_spawned":[3,6,8,14,18,24,31,33],"killed_by":"3 Darklings","ascension_level":16}