{"gold_per_floor":[114,114,39,54,74,74,94,124,124,124,35,45,45,74,74,146,146,161,161,176,187,200,200,214,214,214,214,231,247,247,257,257,329,329,339,121,137,150,167,167,181,201,201,221,236,255,286,296,296,296,296,296,296,44,71,71],"floor_reached":56,"playtime":5051,"items_purged":["Pain","Bite","Bite"],"score":1912,"play_id":"172a9403-842a-454f-91fd-fcb9f444775b","local_time":"20181230122850","is_ascension_mode":true,"campfire_choices":[{"data":"Terror","floor":6.0,"key":"SMITH"},{"data":"Noxious Fumes","floor":10.0,"key":"SMITH"},{"data":"Footwork","floor":13.0,"key":"SMITH"},{"data":"Neutralize","floor":15.0,"key":"SMITH"},{"floor":23.0,"key":"REST"},{"floor":30.0,"key":"REST"},{"floor":32.0,"key":"RECALL"},{"data":"Adrenaline","floor":40.0,"key":"SMITH"},{"data":"Noxious Fumes","floor":49.0,"key":"SMITH"},{"data":"Escape Plan","floor":53.0,"key":"SMITH"}],"neow_cost":"NONE","seed_source_timestamp":86434212114972,"circlet_count":0,"master_deck":["AscendersBane","Defend_G","Defend_G","Defend_G","Defend_G","Defend_G","Survivor","Neutralize+1","Terror+1","Dagger Throw+1","Noxious Fumes+1","Dodge and Roll","PiercingWail","Footwork+1","Backflip","Adrenaline+1","Dagger Spray+1","Cloak And Dagger","Escape Plan","Escape Plan+1","Bite+1","Bite","Bite","Well Laid Plans+1","Prepared+1","Blur","Noxious Fumes+1","Cloak And Dagger","Dash+1","Blur","Deep Breath","PiercingWail"],"special_seed":0,"relics":["Ring of the Serpent","WarpedTongs","Gremlin Horn","Ornamental Fan","The Courier","Nilry\u0027s Codex","Bag of Marbles","Coffee Dripper","Bag of Preparation","Pantograph","Whetstone"],"potions_floor_usage":[56,56],"damage_taken":[{"damage":2.0,"enemies":"Small Slimes","floor":1.0,"turns":3.0},{"damage":0.0,"enemies":"Cultist","floor":4.0,"turns":3.0},{"damage":0.0,"enemies":"2 Louse","floor":5.0,"turns":2.0},{"damage":0.0,"enemies":"2 Fungi Beasts","floor":7.0,"turns":4.0},{"damage":11.0,"enemies":"3 Sentries","floor":8.0,"turns":8.0},{"damage":5.0,"enemies":"Exordium Thugs","floor":12.0,"turns":6.0},{"damage":1.0,"enemies":"Lagavulin","floor":14.0,"turns":6.0},{"damage":9.0,"enemies":"The Guardian","floor":16.0,"turns":12.0},{"damage":6.0,"enemies":"3 Byrds","floor":18.0,"turns":6.0},{"damage":4.0,"enemies":"Spheric Guardian","floor":20.0,"turns":7.0},{"damage":7.0,"enemies":"Cultist and Chosen","floor":21.0,"turns":6.0},{"damage":13.0,"enemies":"Centurion and Healer","floor":22.0,"turns":8.0},{"damage":6.0,"enemies":"3 Cultists","floor":24.0,"turns":5.0},{"damage":15.0,"enemies":"Snecko","floor":28.0,"turns":12.0},{"damage":11.0,"enemies":"Shelled Parasite and Fungi","floor":29.0,"turns":6.0},{"damage":2.0,"enemies":"Centurion and Healer","floor":31.0,"turns":8.0},{"damage":0.0,"enemies":"Champ","floor":33.0,"turns":26.0},{"damage":0.0,"enemies":"Orb Walker","floor":35.0,"turns":3.0},{"damage":12.0,"enemies":"3 Darklings","floor":37.0,"turns":6.0},{"damage":9.0,"enemies":"Maw","floor":38.0,"turns":10.0},{"damage":0.0,"enemies":"Writhing Mass","floor":39.0,"turns":9.0},{"damage":15.0,"enemies":"Transient","floor":41.0,"turns":6.0},{"damage":6.0,"enemies":"Jaw Worm Horde","floor":42.0,"turns":6.0},{"damage":1.0,"enemies":"Writhing Mass","floor":44.0,"turns":8.0},{"damage":1.0,"enemies":"3 Darklings","floor":45.0,"turns":6.0},{"damage":0.0,"enemies":"Sphere and 2 Shapes","floor":46.0,"turns":7.0},{"damage":5.0,"enemies":"Reptomancer","floor":47.0,"turns":8.0},{"damage":0.0,"enemies":"4 Shapes","floor":48.0,"turns":5.0},{"damage":30.0,"enemies":"Time Eater","floor":50.0,"turns":18.0},{"damage":5.0,"enemies":"Donu and Deca","floor":51.0,"turns":14.0},{"damage":39.0,"enemies":"Shield and Spear","floor":55.0,"turns":9.0},{"damage":46,"enemies":"The Heart","floor":56,"turns":3}],"seed_played":"-6995405861577285924","potions_obtained":[{"floor":5.0,"key":"GamblersBrew"},{"floor":14.0,"key":"FearPotion"},{"floor":16.0,"key":"FearPotion"},{"floor":20.0,"key":"PowerPotion"},{"floor":28.0,"key":"Weak Potion"},{"floor":29.0,"key":"GhostInAJar"},{"floor":31.0,"key":"Poison Potion"},{"floor":38.0,"key":"EssenceOfSteel"},{"floor":41.0,"key":"Strength Potion"},{"floor":44.0,"key":"Dexterity Potion"},{"floor":55.0,"key":"Poison Potion"}],"is_trial":false,"path_per_floor":["M","?","$","M","M","R","M","E","T","R","$","M","R","E","R","B",null,"M","?","M","M","M","R","M","?","T","?","M","M","R","M","R","B",null,"M","$","M","M","M","R","M","M","T","M","M","M","E","M","R","B",null,"R","$","E"],"character_chosen":"THE_SILENT","items_purchased":["Footwork","Bag of Preparation","EssenceOfSteel","Deep Breath"],"campfire_rested":2,"item_purchase_floors":[11,36,54,54],"current_hp_per_floor":[57,57,57,57,57,57,57,46,46,46,46,41,41,40,40,31,57,51,30,26,19,6,25,19,19,19,19,29,29,42,46,46,46,46,46,46,46,43,46,46,39,46,46,46,46,46,46,46,46,35,46,46,46,46,20,0],"gold":71,"neow_bonus":"THREE_CARDS","is_prod":false,"is_daily":false,"chose_seed":false,"campfire_upgraded":7,"win_rate":0,"timestamp":1546198130,"path_taken":["M","?","$","M","?","R","M","E","T","R","$","M","R","E","R","BOSS","M","?","M","M","M","R","M","?","T","?","?","M","R","M","R","BOSS","M","$","M","M","M","R","M","?","T","M","M","M","E","M","R","BOSS","BOSS","R","$","E","BOSS"],"build_version":"2018-12-25","purchased_purges":3,"victory":false,"max_hp_per_floor":[66,66,66,66,66,66,66,66,66,66,66,66,66,66,66,66,66,66,66,66,66,66,66,66,46,46,46,46,46,46,46,46,46,46,46,46,46,46,46,46,46,46,46,46,46,46,46,46,46,46,46,46,46,46,46,46],"card_choices":[{"not_picked":["Accuracy","Flechettes"],"picked":"Terror","floor":0.0},{"not_picked":["Eviscerate","Heel Hook"],"picked":"Dagger Throw","floor":1.0},{"not_picked":["Outmaneuver","Acrobatics","Quick Slash"],"picked":"SKIP","floor":4.0},{"not_picked":["Dagger Spray","Dodge and Roll"],"picked":"Noxious Fumes","floor":5.0},{"not_picked":["Setup","Flying Knee"],"picked":"Dodge and Roll","floor":7.0},{"not_picked":["Flying Knee","Underhanded Strike"],"picked":"PiercingWail","floor":8.0},{"not_picked":["Bane","Setup","Outmaneuver"],"picked":"SKIP","floor":12.0},{"not_picked":["Predator","Blade Dance"],"picked":"Backflip","floor":14.0},{"not_picked":["Die Die Die","Corpse Explosion"],"picked":"Adrenaline","floor":16.0},{"not_picked":["Underhanded Strike","Accuracy"],"picked":"Dagger Spray+1","floor":18.0},{"not_picked":["Accuracy","Setup+1"],"picked":"Cloak And Dagger","floor":20.0},{"not_picked":["Acrobatics","Prepared"],"picked":"Escape Plan","floor":21.0},{"not_picked":["Prepared","Quick Slash","Flying Knee"],"picked":"SKIP","floor":22.0},{"not_picked":["Dagger Throw","Sucker Punch"],"picked":"Escape Plan","floor":24.0},{"not_picked":["Flying Knee","Eviscerate"],"picked":"Well Laid Plans+1","floor":28.0},{"not_picked":["Calculated Gamble","Flying Knee"],"picked":"Prepared+1","floor":29.0},{"not_picked":["Concentrate","Bane","Choke"],"picked":"SKIP","floor":31.0},{"not_picked":["Sucker Punch","Quick Slash"],"picked":"Blur","floor":35.0},{"not_picked":["Infinite Blades","Deflect+1","Flechettes+1"],"picked":"SKIP","floor":37.0},{"not_picked":["PiercingWail+1","Accuracy"],"picked":"Noxious Fumes","floor":38.0},{"not_picked":["Reflex+1","Tactician","Eviscerate+1"],"picked":"SKIP","floor":39.0},{"not_picked":["Dagger Throw","Outmaneuver","Endless Agony+1"],"picked":"SKIP","floor":41.0},{"not_picked":["Poisoned Stab+1","Accuracy+1","Acrobatics"],"picked":"SKIP","floor":42.0},{"not_picked":["Caltrops","Catalyst","Accuracy+1"],"picked":"SKIP","floor":44.0},{"not_picked":["Noxious Fumes","Accuracy","Dagger Spray+1"],"picked":"SKIP","floor":45.0},{"not_picked":["Blade Dance","Quick Slash+1"],"picked":"Cloak And Dagger","floor":46.0},{"not_picked":["Die Die Die","Catalyst"],"picked":"Dash+1","floor":47.0},{"not_picked":["Sucker Punch+1","Escape Plan"],"picked":"Blur","floor":48.0},{"not_picked":["Underhanded Strike","Acrobatics"],"picked":"PiercingWail","floor":55.0}],"player_experience":1009773,"relics_obtained":[{"floor":8.0,"key":"Gremlin Horn"},{"floor":9.0,"key":"Ornamental Fan"},{"floor":14.0,"key":"The Courier"},{"floor":19.0,"key":"Nilry\u0027s Codex"},{"floor":26.0,"key":"Bag of Marbles"},{"floor":47.0,"key":"Pantograph"},{"floor":55.0,"key":"Whetstone"}],"event_choices":[{"damage_healed":0.0,"max_hp_gain":0.0,"max_hp_loss":0.0,"gold_gain":0.0,"event_name":"Accursed Blacksmith","player_choice":"Rummage","floor":2.0,"gold_loss":0.0,"damage_taken":0.0,"relics_obtained":["WarpedTongs"],"cards_obtained":["Pain"]},{"damage_healed":0.0,"max_hp_gain":0.0,"max_hp_loss":0.0,"gold_gain":0.0,"event_name":"Cursed Tome","player_choice":"Obtained Book","floor":19.0,"gold_loss":0.0,"damage_taken":21.0},{"damage_healed":0.0,"max_hp_gain":0.0,"max_hp_loss":20.0,"gold_gain":0.0,"event_name":"Vampires","player_choice":"Became a vampire","floor":25.0,"gold_loss":0.0,"damage_taken":0.0,"cards_obtained":["Bite","Bite","Bite","Bite","Bite"]},{"damage_healed":0.0,"max_hp_gain":0.0,"max_hp_loss":0.0,"gold_gain":0.0,"event_name":"Ghosts","player_choice":"Ignored","floor":27.0,"gold_loss":0.0,"damage_taken":0.0}],"is_beta":true,"boss_relics":[{"not_picked":["Pandora\u0027s Box","WristBlade"],"picked":"Ring of the Serpent"},{"not_picked":["Black Star","White Beast Statue"],"picked":"Coffee Dripper"}],"items_purged_floors":[3,36,54],"is_endless":false,"potions_floor_spawned":[5,14,16,20,28,29,31,38,41,42,44,45,55],"killed_by":"The Heart","ascension_level":20}