{"gold_per_floor":[114,126,126,126,141,174,174,99,126,143,172,97,97,97,97,97],"floor_reached":16,"playtime":566,"items_purged":["Strike_R"],"score":205,"play_id":"b52e389b-39dd-4c1c-857c-5e9de232a0cf","local_time":"20190314031543","is_ascension_mode":true,"campfire_choices":[{"data":"Fire Breathing","floor":7,"key":"SMITH"},{"data":"True Grit","floor":13,"key":"SMITH"},{"data":"Bash","floor":15,"key":"SMITH"}],"neow_cost":"NONE","seed_source_timestamp":57892612314369,"circlet_count":0,"master_deck":["AscendersBane","Strike_R","Strike_R","Defend_R","Defend_R","Defend_R","Bash+1","Thunderclap","Fire Breathing+1","Dropkick","Impervious","True Grit+1"],"relics":["Burning Blood","Juzu Bracelet","Red Skull","Question Card","WingedGreaves"],"potions_floor_usage":[6,6,11],"damage_taken":[{"damage":9,"enemies":"Jaw Worm","floor":1,"turns":5},{"damage":10,"enemies":"Small Slimes","floor":2,"turns":3},{"damage":1,"enemies":"Cultist","floor":5,"turns":3},{"damage":30,"enemies":"Lagavulin","floor":6,"turns":7},{"damage":14,"enemies":"Red Slaver","floor":10,"turns":2},{"damage":15,"enemies":"3 Sentries","floor":11,"turns":6},{"damage":17,"enemies":"Hexaghost","floor":16,"turns":9}],"seed_played":"7714888613781092987","potions_obtained":[{"floor":2,"key":"PowerPotion"},{"floor":5,"key":"Fire Potion"},{"floor":10,"key":"Explosive Potion"}],"is_trial":false,"path_per_floor":["M","M","?","?","M","E","R","$","T","M","E","?","R","?","R","B"],"character_chosen":"IRONCLAD","items_purchased":[],"campfire_rested":0,"item_purchase_floors":[],"current_hp_per_floor":[72,68,61,61,66,42,42,42,42,34,25,25,25,14,14,0],"gold":97,"neow_bonus":"TEN_PERCENT_HP_BONUS","is_prod":false,"is_daily":false,"chose_seed":false,"campfire_upgraded":3,"win_rate":0,"timestamp":1552547743,"path_taken":["M","M","?","?","?","E","R","?","T","M","E","?","R","?","R","BOSS"],"build_version":"2019-01-23","purchased_purges":1,"victory":false,"max_hp_per_floor":[82,82,82,82,82,82,82,82,82,82,82,82,82,82,82,82],"card_choices":[{"not_picked":["Second Wind","Bloodletting"],"picked":"Thunderclap","floor":1},{"not_picked":["Sword Boomerang","Disarm"],"picked":"Fire Breathing","floor":2},{"not_picked":["Flex","Twin Strike"],"picked":"Dropkick","floor":5},{"not_picked":["Heavy Blade","Flex"],"picked":"Impervious","floor":6},{"not_picked":["Combust","Shrug It Off","Body Slam"],"picked":"SKIP","floor":10},{"not_picked":["Corruption","Warcry"],"picked":"True Grit","floor":11}],"player_experience":1113171,"relics_obtained":[{"floor":6,"key":"Juzu Bracelet"},{"floor":9,"key":"Red Skull"},{"floor":11,"key":"Question Card"}],"event_choices":[{"cards_removed":["Strike_R"],"damage_healed":0,"gold_gain":0,"player_choice":"Card Removal","damage_taken":7,"max_hp_gain":0,"max_hp_loss":0,"event_name":"Golden Wing","floor":3,"gold_loss":0},{"cards_removed":["Defend_R"],"damage_healed":0,"gold_gain":0,"player_choice":"Purged","damage_taken":0,"max_hp_gain":0,"max_hp_loss":0,"event_name":"Purifier","floor":4,"gold_loss":0},{"cards_removed":["Strike_R"],"damage_healed":0,"gold_gain":0,"player_choice":"Card Removal","damage_taken":0,"max_hp_gain":0,"max_hp_loss":0,"event_name":"The Cleric","floor":12,"gold_loss":75},{"damage_healed":0,"gold_gain":0,"player_choice":"Success","damage_taken":11,"relics_obtained":["WingedGreaves"],"max_hp_gain":0,"max_hp_loss":0,"event_name":"Scrap Ooze","floor":14,"gold_loss":0}],"is_beta":false,"boss_relics":[],"items_purged_floors":[8],"is_endless":false,"potions_floor_spawned":[2,5,10],"killed_by":"Hexaghost","ascension_level":18}