{"path_per_floor":["M","?","?","M","M","R","E","M","T","R","M","E","R","?","R","B",null,"M","?","M","?","M","R","M","?","T"],"character_chosen":"DEFECT","items_purchased":[],"gold_per_floor":[110,185,185,205,219,219,249,269,269,269,282,309,309,274,274,370,370,385,300,310,339,354,354,364,364,364,364],"floor_reached":27,"campfire_rested":2,"playtime":850,"current_hp_per_floor":[75,64,69,67,59,59,44,35,35,35,35,20,44,64,64,36,80,67,67,67,21,1,25,7,7,7,0],"items_purged":[],"gold":364,"score":281,"play_id":"ee5583c3-a616-48e4-9ddb-1e866559d17a","local_time":"20180428135906","is_prod":false,"is_daily":false,"chose_seed":false,"is_ascension_mode":true,"campfire_upgraded":3,"timestamp":1524949146,"path_taken":["M","?","?","M","?","R","E","M","T","R","M","E","R","?","R","BOSS","M","?","M","?","?","R","M","?","T","E"],"build_version":"2018-04-27v3","seed_source_timestamp":247020513681138,"purchased_purges":0,"victory":false,"master_deck":["Defend_B","Defend_B","Defend_B","Defend_B","Zap+1","FTL","Sweeping Beam","Stack+1","Streamline","Capacitor+1","Ball Lightning","Barrage","Leap","Thunder Strike","Leap","Barrage+1","Storm","Ball Lightning","Stack","Chaos+1","Bite","Bite","Bite","Bite","Bite"],"max_hp_per_floor":[75,75,80,80,80,80,80,80,80,80,80,80,80,80,80,80,80,80,80,80,80,80,80,80,56,56,56],"relics":["Cracked Core","Matryoshka","Dream Catcher","Letter Opener","Ornamental Fan","Sozu","DataDisk","Red Mask","Bag of Marbles","Gremlin Horn"],"card_choices":[{"not_picked":["Undo","Hologram"],"picked":"FTL","floor":1},{"not_picked":["Rip and Tear","Stack"],"picked":"Sweeping Beam","floor":4},{"not_picked":["Rebound","Recycle"],"picked":"Stack","floor":5},{"not_picked":["Aggregate","Fusion"],"picked":"Streamline","floor":7},{"not_picked":["Recycle","Sunder"],"picked":"Capacitor","floor":8},{"not_picked":["Turbo","Hologram"],"picked":"Ball Lightning","floor":11},{"not_picked":["Fission","Genetic Algorithm"],"picked":"Barrage","floor":12},{"not_picked":["Rip and Tear","Barrage"],"picked":"Leap","floor":13},{"not_picked":["Multi-Cast","Redo"],"picked":"Thunder Strike","floor":16},{"not_picked":["Undo","Turbo"],"picked":"Leap","floor":18},{"not_picked":["Tempest","Hologram"],"picked":"Barrage","floor":20},{"not_picked":["Melter","Sweeping Beam"],"picked":"Storm","floor":21},{"not_picked":["Rip and Tear","Barrage"],"picked":"Ball Lightning","floor":22},{"not_picked":["Turbo","Glacier"],"picked":"Stack","floor":23},{"not_picked":["Beam Cell","Coolheaded"],"picked":"Chaos","floor":24}],"player_experience":541593,"potions_floor_usage":[7,11,21,24],"damage_taken":[{"damage":0,"enemies":"Cultist","floor":1,"turns":3},{"damage":2,"enemies":"Jaw Worm","floor":4,"turns":4},{"damage":8,"enemies":"2 Louse","floor":5,"turns":2},{"damage":15,"enemies":"Gremlin Nob","floor":7,"turns":4},{"damage":9,"enemies":"2 Fungi Beasts","floor":8,"turns":3},{"damage":9,"enemies":"Exordium Thugs","floor":11,"turns":4},{"damage":15,"enemies":"Lagavulin","floor":12,"turns":7},{"damage":28,"enemies":"Hexaghost","floor":16,"turns":9},{"damage":13,"enemies":"Spheric Guardian","floor":18,"turns":4},{"damage":0,"enemies":"Chosen","floor":20,"turns":4},{"damage":46,"enemies":"Masked Bandits","floor":21,"turns":4},{"damage":20,"enemies":"Centurion and Healer","floor":22,"turns":5},{"damage":18,"enemies":"Cultist and Chosen","floor":24,"turns":5},{"damage":7,"enemies":"Slavers","floor":27,"turns":1}],"event_choices":[{"event_name":"World of Goop","player_choice":"Gather Gold","floor":2,"damage_taken":0},{"event_name":"Big Fish","player_choice":"Donut","floor":3,"damage_taken":0},{"event_name":"The Cleric","player_choice":"Healed","floor":14,"damage_taken":0},{"event_name":"Addict","player_choice":"Obtained Relic","floor":19,"damage_taken":0},{"event_name":"Masked Bandits","player_choice":"Fought over 310 gold","floor":21,"damage_taken":0},{"event_name":"Vampires","player_choice":"Became a vampire","floor":25,"damage_taken":0}],"boss_relics":[{"not_picked":["Calling Bell","White Beast Statue"],"picked":"Sozu"}],"potions_floor_spawned":[1,7,12,16,21,22],"seed_played":"6191251317708274307","killed_by":"Slavers","ascension_level":3,"is_trial":false}