{"path_per_floor":["M","M","?","?","M","R","?","M","T","?","M","M","?","M","R","B",null,"M","?","M","$","M","R","M","R","T","R","?","$","R","?","R"],"character_chosen":"IRONCLAD","items_purchased":[],"gold_per_floor":[99,99,99,49,49,49,49,49,49,49,49,34,34,34,34,34,34,0,0,0,0,0,0,0,0,0,0,0,0,0,0,0,0],"floor_reached":33,"campfire_rested":3,"playtime":1002,"current_hp_per_floor":[80,80,80,80,78,78,78,78,78,78,76,76,69,60,60,26,80,69,69,59,59,55,55,7,31,31,55,55,55,55,55,79,0],"items_purged":[],"gold":0,"score":237,"play_id":"4ca9eef4-616f-4563-89bb-bcaf8a08a435","local_time":"20180405102302","is_prod":false,"is_daily":false,"is_ascension_mode":false,"campfire_upgraded":4,"timestamp":1522938182,"path_taken":["M","?","?","?","M","R","?","?","T","?","?","M","?","M","R","BOSS","M","?","M","?","M","R","M","R","T","R","?","$","R","?","R","BOSS"],"build_version":"2018-03-29v2","purchased_purges":0,"victory":false,"master_deck":["Strike_R","Strike_R","Strike_R","Strike_R","Defend_R","Defend_R","Defend_R","Bash+1","Flame Barrier+1","Heavy Blade","Seeing Red","Cleave","Flame Barrier+1","Double Tap+1","Body Slam+1","Uppercut+1"],"max_hp_per_floor":[80,80,80,80,80,80,80,80,80,80,80,80,80,80,80,80,80,80,80,80,80,80,80,80,80,80,80,80,80,80,80,80,80],"relics":["Ectoplasm"],"card_choices":[{"not_picked":["Clash","Wild Strike"],"picked":"Flame Barrier","floor":1},{"not_picked":["Thunderclap","Hemokinesis"],"picked":"Heavy Blade","floor":2},{"not_picked":["Feel No Pain","Combust"],"picked":"Seeing Red","floor":5},{"not_picked":["Feel No Pain","Bloodletting"],"picked":"Cleave","floor":8},{"not_picked":["Power Through","Sword Boomerang"],"picked":"Flame Barrier","floor":11},{"not_picked":["Reaper","Berserk"],"picked":"Double Tap","floor":16},{"not_picked":["Clothesline","Infernal Blade"],"picked":"Body Slam","floor":18},{"not_picked":["Body Slam","Second Wind"],"picked":"Uppercut","floor":24}],"player_experience":676905,"potions_floor_usage":[11,16,22,33],"damage_taken":[{"damage":0,"enemies":"Cultist","floor":1,"turns":3},{"damage":0,"enemies":"Small Slimes","floor":2,"turns":2},{"damage":2,"enemies":"2 Louse","floor":5,"turns":2},{"damage":0,"enemies":"Red Slaver","floor":8,"turns":3},{"damage":2,"enemies":"Blue Slaver","floor":11,"turns":3},{"damage":0,"enemies":"Looter","floor":12,"turns":2},{"damage":9,"enemies":"2 Fungi Beasts","floor":14,"turns":3},{"damage":34,"enemies":"The Guardian","floor":16,"turns":10},{"damage":11,"enemies":"2 Thieves","floor":18,"turns":5},{"damage":10,"enemies":"3 Byrds","floor":20,"turns":5},{"damage":4,"enemies":"Snecko","floor":22,"turns":5},{"damage":48,"enemies":"Cultist and Chosen","floor":24,"turns":10},{"damage":103,"enemies":"Champ","floor":33,"turns":13}],"event_choices":[{"event_name":"Liars Game","player_choice":"disagreed","floor":3,"damage_taken":0},{"event_name":"The Cleric","player_choice":"Card Removal","floor":4,"damage_taken":0},{"event_name":"Golden Idol","player_choice":"Ignored","floor":7,"damage_taken":0},{"event_name":"Upgrade Shrine","player_choice":"Upgraded","floor":10,"damage_taken":0},{"event_name":"Golden Wing","player_choice":"Card Removal","floor":13,"damage_taken":0},{"event_name":"Vampires","player_choice":"Ignored","floor":19,"damage_taken":0},{"event_name":"Addict","player_choice":"Ignored","floor":28,"damage_taken":0},{"event_name":"The Mausoleum","player_choice":"No","floor":31,"damage_taken":0}],"boss_relics":[{"not_picked":["Philosopher\u0027s Stone","Sozu","Orrery"]}],"potions_floor_spawned":[2,8,20,24],"seed_played":"-2703737376234062526","killed_by":"Champ","ascension_level":0,"is_trial":false}