{"gold_per_floor":[115,115,115,115,73,104,104,119,190,223,236,269,287,297,297,370,370,390,390,22,42,55,55,55],"floor_reached":24,"playtime":945,"items_purged":["Strike_B"],"score":582,"play_id":"cf00cf57-32ad-41f0-ba46-842200810233","local_time":"20190502202520","is_ascension_mode":true,"campfire_choices":[{"data":"Sunder","floor":7.0,"key":"SMITH"},{"data":"Loop","floor":15.0,"key":"SMITH"},{"data":"Defragment","floor":23.0,"key":"SMITH"}],"neow_cost":"NONE","seed_source_timestamp":872175305711561,"circlet_count":0,"master_deck":["AscendersBane","Strike_B","Strike_B","Defend_B","Defend_B","Defend_B","Defend_B","Zap+1","Dualcast","Barrage+1","Sunder+1","Echo Form","Hologram","Ball Lightning","Hologram","Loop+1","Amplify","Loop+1","Defragment+1"],"special_seed":0,"relics":["Cracked Core","NeowsBlessing","Pear","Kunai","Centennial Puzzle","Mercury Hourglass","Philosopher\u0027s Stone","OrangePellets"],"potions_floor_usage":[24],"damage_taken":[{"damage":0.0,"enemies":"2 Louse","floor":1.0,"turns":1.0},{"damage":0.0,"enemies":"Lagavulin","floor":6.0,"turns":1.0},{"damage":0.0,"enemies":"Cultist","floor":8.0,"turns":1.0},{"damage":8.0,"enemies":"Gremlin Nob","floor":10.0,"turns":3.0},{"damage":0.0,"enemies":"Jaw Worm","floor":11.0,"turns":1.0},{"damage":8.0,"enemies":"Lagavulin","floor":12.0,"turns":5.0},{"damage":0.0,"enemies":"2 Fungi Beasts","floor":13.0,"turns":1.0},{"damage":3.0,"enemies":"Lots of Slimes","floor":14.0,"turns":2.0},{"damage":0.0,"enemies":"Slime Boss","floor":16.0,"turns":5.0},{"damage":24.0,"enemies":"3 Byrds","floor":18.0,"turns":2.0},{"damage":0.0,"enemies":"Chosen","floor":21.0,"turns":3.0},{"damage":12.0,"enemies":"Centurion and Healer","floor":22.0,"turns":3.0},{"damage":63,"enemies":"Slavers","floor":24,"turns":3}],"seed_played":"4450440718370400199","potions_obtained":[{"floor":6.0,"key":"Fire Potion"},{"floor":8.0,"key":"Block Potion"},{"floor":11.0,"key":"Poison Potion"},{"floor":14.0,"key":"Strength Potion"},{"floor":16.0,"key":"LiquidBronze"},{"floor":21.0,"key":"FocusPotion"}],"is_trial":false,"path_per_floor":["M","?","?","?","$","E","R","M","T","E","M","E","M","M","R","B",null,"M","?","$","M","M","R","E"],"character_chosen":"DEFECT","items_purchased":["Sunder","OrangePellets","Regen Potion"],"campfire_rested":0,"item_purchase_floors":[5,20,20],"current_hp_per_floor":[64,57,57,57,57,67,67,67,67,59,59,51,51,48,48,48,73,49,49,49,58,46,46,0],"gold":55,"neow_bonus":"THREE_ENEMY_KILL","is_prod":false,"is_daily":false,"chose_seed":false,"campfire_upgraded":3,"win_rate":0,"timestamp":1556843120,"path_taken":["M","?","?","?","$","E","R","M","T","E","?","E","M","M","R","BOSS","M","?","?","M","M","R","E"],"build_version":"2019-01-23","purchased_purges":1,"victory":false,"max_hp_per_floor":[71,71,71,71,71,81,81,81,81,81,81,81,81,81,81,81,81,81,81,81,81,81,81,81],"card_choices":[{"not_picked":["Gash","Go for the Eyes"],"picked":"Barrage","floor":1.0},{"not_picked":["Aggregate","Turbo","Rebound"],"picked":"SKIP","floor":6.0},{"not_picked":["Beam Cell","Coolheaded"],"picked":"Echo Form","floor":8.0},{"not_picked":["Barrage","Beam Cell","Gash"],"picked":"SKIP","floor":10.0},{"not_picked":["Skim","Conserve Battery"],"picked":"Hologram","floor":11.0},{"not_picked":["Reboot","Redo"],"picked":"Ball Lightning","floor":12.0},{"not_picked":["Barrage","Streamline"],"picked":"Hologram","floor":13.0},{"not_picked":["Darkness","Consume"],"picked":"Loop","floor":14.0},{"not_picked":["Fission","All For One"],"picked":"Amplify","floor":16.0},{"not_picked":["Tempest","Leap","Gash+1"],"picked":"SKIP","floor":18.0},{"not_picked":["Self Repair","Barrage","Consume"],"picked":"SKIP","floor":21.0},{"not_picked":["Force Field","Steam"],"picked":"Defragment","floor":22.0}],"player_experience":2268112,"relics_obtained":[{"floor":6.0,"key":"Pear"},{"floor":9.0,"key":"Kunai"},{"floor":10.0,"key":"Centennial Puzzle"},{"floor":12.0,"key":"Mercury Hourglass"}],"event_choices":[{"cards_removed":["Strike_B"],"damage_healed":0.0,"max_hp_gain":0.0,"max_hp_loss":0.0,"gold_gain":0.0,"event_name":"Golden Wing","player_choice":"Card Removal","floor":2.0,"gold_loss":0.0,"damage_taken":7.0},{"damage_healed":0.0,"max_hp_gain":0.0,"max_hp_loss":0.0,"gold_gain":0.0,"event_name":"Living Wall","player_choice":"Grow","floor":3.0,"gold_loss":0.0,"damage_taken":0.0,"cards_upgraded":["Barrage"]},{"damage_healed":0.0,"max_hp_gain":0.0,"max_hp_loss":0.0,"gold_gain":0.0,"event_name":"Upgrade Shrine","player_choice":"Upgraded","floor":4.0,"gold_loss":0.0,"damage_taken":0.0,"cards_upgraded":["Zap"]},{"damage_healed":0.0,"max_hp_gain":0.0,"max_hp_loss":0.0,"gold_gain":0.0,"event_name":"Duplicator","player_choice":"Copied","floor":19.0,"gold_loss":0.0,"damage_taken":0.0,"cards_obtained":["Loop"]}],"is_beta":false,"boss_relics":[{"not_picked":["White Beast Statue","Lizard Tail"],"picked":"Philosopher\u0027s Stone"}],"items_purged_floors":[20],"is_endless":false,"potions_floor_spawned":[6,8,11,14,16,21],"killed_by":"Slavers","ascension_level":20}