{"gold_per_floor":[117,34,34,51,71,71,99,99,147,174,46,76,93,110,110,184,184,196,146,29,44,20,20,48,48,97,115,115,147,179,194,194,272,272,288,288,359,359,157,187,187,187,187,187],"floor_reached":44,"playtime":2751,"items_purged":["Strike_B"],"score":1410,"play_id":"3f4c2ef5-6af6-4e1b-9d82-8c010ef957a6","local_time":"20190331153545","is_ascension_mode":true,"campfire_choices":[{"data":"Zap","floor":6,"key":"SMITH"},{"data":"Barrage","floor":8,"key":"SMITH"},{"data":"Loop","floor":15,"key":"SMITH"},{"floor":23,"key":"REST"},{"floor":25,"key":"REST"},{"floor":28,"key":"REST"},{"floor":32,"key":"REST"},{"floor":41,"key":"RECALL"}],"neow_cost":"TEN_PERCENT_HP_LOSS","seed_source_timestamp":1257993561404888,"circlet_count":0,"master_deck":["AscendersBane","Strike_B+1","Defend_B+1","Defend_B","Defend_B","Zap+1","Dualcast+1","Go for the Eyes","Sweeping Beam","Streamline","Ball Lightning","Barrage+1","Loop+1","Glacier","Undo","Defragment","Buffer","Cold Snap","Darkness","Darkness+1","Rebound","Chill","Undo+1","Echo Form","Double Energy+1","Seek+1","Reboot+1","Glacier+1","Panache","Glacier"],"relics":["Cracked Core","FossilizedHelix","Strawberry","Du-Vu Doll","Fusion Hammer","Juzu Bracelet","Regal Pillow","Gambling Chip","Red Mask","Astrolabe","Blue Candle","War Paint","DataDisk"],"potions_floor_usage":[7,16,24,29,29,40,43],"damage_taken":[{"damage":0,"enemies":"Small Slimes","floor":1,"turns":3},{"damage":0,"enemies":"Jaw Worm","floor":4,"turns":3},{"damage":0,"enemies":"Cultist","floor":5,"turns":3},{"damage":15,"enemies":"Lagavulin","floor":7,"turns":5},{"damage":24,"enemies":"3 Sentries","floor":10,"turns":5},{"damage":4,"enemies":"Blue Slaver","floor":13,"turns":3},{"damage":0,"enemies":"Looter","floor":14,"turns":2},{"damage":13,"enemies":"The Guardian","floor":16,"turns":8},{"damage":21,"enemies":"3 Byrds","floor":18,"turns":5},{"damage":0,"enemies":"Chosen","floor":21,"turns":4},{"damage":31,"enemies":"Gremlin Leader","floor":24,"turns":10},{"damage":0,"enemies":"Centurion and Healer","floor":27,"turns":7},{"damage":50,"enemies":"Book of Stabbing","floor":29,"turns":7},{"damage":10,"enemies":"Masked Bandits","floor":30,"turns":4},{"damage":0,"enemies":"Chosen and Byrds","floor":31,"turns":7},{"damage":0,"enemies":"Champ","floor":33,"turns":10},{"damage":0,"enemies":"3 Darklings","floor":35,"turns":5},{"damage":0,"enemies":"Giant Head","floor":40,"turns":8},{"damage":59,"enemies":"Awakened One","floor":43,"turns":17},{"damage":18,"enemies":"Donu and Deca","floor":44,"turns":2}],"seed_played":"-4557394513068376302","potions_obtained":[{"floor":5,"key":"FocusPotion"},{"floor":10,"key":"Dexterity Potion"},{"floor":14,"key":"Dexterity Potion"},{"floor":21,"key":"SkillPotion"},{"floor":24,"key":"Block Potion"},{"floor":30,"key":"SpeedPotion"},{"floor":35,"key":"Swift Potion"}],"is_trial":false,"path_per_floor":["M","$","?","M","M","R","E","R","T","E","$","?","M","M","R","B",null,"M","?","$","M","$","R","E","R","T","M","R","E","?","M","R","B",null,"M","?","T","?","$","E","R","?","B","B"],"character_chosen":"DEFECT","items_purchased":["Sweeping Beam","Streamline","Glacier","Undo","Darkness","Rebound","War Paint","Glacier"],"campfire_rested":4,"item_purchase_floors":[2,2,11,11,20,22,39,39],"current_hp_per_floor":[64,64,64,64,64,64,56,56,56,32,32,32,28,28,28,15,57,36,36,36,36,36,57,26,47,47,47,71,21,11,11,47,47,65,65,65,65,65,65,65,65,65,6,0],"gold":187,"neow_bonus":"ONE_RARE_RELIC","is_prod":false,"is_daily":false,"chose_seed":false,"campfire_upgraded":3,"win_rate":0,"timestamp":1554060945,"path_taken":["M","$","?","M","M","R","E","R","T","E","$","?","M","M","R","BOSS","M","?","?","M","$","R","E","R","T","M","R","E","?","M","R","BOSS","M","?","?","?","$","E","R","?","BOSS","BOSS"],"build_version":"2019-01-23","purchased_purges":1,"victory":false,"max_hp_per_floor":[64,64,64,64,64,64,71,71,71,71,71,71,71,71,71,71,71,71,71,71,71,71,71,71,71,71,71,71,71,71,71,71,71,71,71,71,71,67,67,67,67,67,67,67],"card_choices":[{"not_picked":["Hologram","Gash"],"picked":"Go for the Eyes","floor":1},{"not_picked":["Double Energy","Storm","Streamline"],"picked":"SKIP","floor":4},{"not_picked":["Machine Learning","Heatsinks"],"picked":"Ball Lightning","floor":5},{"not_picked":["Chaos","Thunder Strike"],"picked":"Barrage","floor":7},{"not_picked":["Storm","Ball Lightning"],"picked":"Loop","floor":10},{"not_picked":["Leap","Redo"],"picked":"Defragment","floor":13},{"not_picked":["Barrage","Steam","Streamline"],"picked":"SKIP","floor":14},{"not_picked":["Hyperbeam","Machine Learning"],"picked":"Buffer","floor":16},{"not_picked":["Auto Shields","Blizzard"],"picked":"Cold Snap","floor":18},{"not_picked":["Compile Driver","Barrage+1"],"picked":"Darkness+1","floor":21},{"not_picked":["Leap","Hologram"],"picked":"Chill","floor":24},{"not_picked":["Chaos","Loop"],"picked":"Undo+1","floor":27},{"not_picked":["FTL","Leap","Reboot"],"picked":"SKIP","floor":29},{"not_picked":["Ball Lightning","Go for the Eyes","Gash"],"picked":"SKIP","floor":31},{"not_picked":["Core Surge","Hyperbeam"],"picked":"Echo Form","floor":33},{"not_picked":["Coolheaded","Compile Driver"],"picked":"Glacier","floor":35},{"not_picked":["HandOfGreed","Violence"],"picked":"Panache","floor":36},{"not_picked":["Barrage","Redo","Ball Lightning"],"picked":"SKIP","floor":40}],"player_experience":1515491,"relics_obtained":[{"floor":7,"key":"Strawberry"},{"floor":10,"key":"Du-Vu Doll"},{"floor":24,"key":"Juzu Bracelet"},{"floor":26,"key":"Regal Pillow"},{"floor":29,"key":"Gambling Chip"},{"floor":30,"key":"Red Mask"},{"floor":37,"key":"Blue Candle"},{"floor":40,"key":"DataDisk"}],"event_choices":[{"damage_healed":0,"gold_gain":0,"player_choice":"Leave","damage_taken":0,"max_hp_gain":0,"max_hp_loss":0,"event_name":"The Cleric","floor":3,"gold_loss":0},{"damage_healed":0,"gold_gain":30,"player_choice":"Searched \u00271\u0027 times","damage_taken":0,"max_hp_gain":0,"max_hp_loss":0,"event_name":"Dead Adventurer","floor":12,"gold_loss":0},{"damage_healed":0,"gold_gain":0,"player_choice":"Upgraded Two","damage_taken":0,"max_hp_gain":0,"max_hp_loss":0,"event_name":"Designer","floor":19,"gold_loss":50,"cards_upgraded":["Dualcast","Strike_B"]},{"damage_healed":0,"gold_gain":0,"player_choice":"Fought Bandits","damage_taken":0,"max_hp_gain":0,"max_hp_loss":0,"event_name":"Masked Bandits","floor":30,"gold_loss":0},{"damage_healed":0,"gold_gain":0,"player_choice":"Memory 1","damage_taken":0,"max_hp_gain":0,"max_hp_loss":0,"event_name":"SensoryStone","floor":36,"gold_loss":0},{"damage_healed":0,"gold_gain":0,"player_choice":"Max HP","damage_taken":0,"max_hp_gain":0,"max_hp_loss":4,"event_name":"Winding Halls","floor":38,"gold_loss":0},{"damage_healed":0,"gold_gain":0,"player_choice":"Took Portal","damage_taken":0,"max_hp_gain":0,"max_hp_loss":0,"event_name":"SecretPortal","floor":42,"gold_loss":0}],"is_beta":false,"boss_relics":[{"not_picked":["Coffee Dripper","Empty Cage"],"picked":"Fusion Hammer"},{"not_picked":["Orrery","Runic Dome"],"picked":"Astrolabe"}],"items_purged_floors":[20],"is_endless":false,"potions_floor_spawned":[5,10,14,21,24,30,35],"killed_by":"Donu and Deca","ascension_level":20}