{"gold_per_floor":[114,129,54,54,14,14,32,32,32,44,71,98,155,181,193,205],"floor_reached":16,"playtime":262,"items_purged":[],"score":161,"play_id":"719b55db-d6a3-46e7-9311-e58b785856b9","local_time":"20180804095652","is_ascension_mode":true,"campfire_choices":[{"data":"Neutralize","floor":6,"key":"SMITH"},{"data":"Footwork","floor":8,"key":"SMITH"},{"data":"Deadly Poison","floor":15,"key":"SMITH"}],"neow_cost":"NONE","seed_source_timestamp":176168970899644,"circlet_count":0,"master_deck":["Defend_G","Defend_G","Defend_G","Defend_G","Defend_G","Strike_G","Strike_G","Strike_G","Survivor","Neutralize+1","AscendersBane","Poisoned Stab","Infinite Blades","Footwork+1","Sucker Punch","Backstab","Deadly Poison+1"],"special_seed":0,"relics":["Ring of the Snake","MawBank","Anchor","Strawberry"],"potions_floor_usage":[11],"damage_taken":[{"damage":0.0,"enemies":"Small Slimes","floor":1.0,"turns":4.0},{"damage":3,"enemies":"Jaw Worm","floor":2,"turns":6},{"damage":0,"enemies":"2 Louse","floor":7,"turns":3},{"damage":4,"enemies":"Exordium Thugs","floor":11,"turns":6},{"damage":0,"enemies":"2 Fungi Beasts","floor":12,"turns":4},{"damage":2,"enemies":"Gremlin Gang","floor":14,"turns":5},{"damage":27,"enemies":"The Guardian","floor":16,"turns":2}],"seed_played":"4691737954125014164","potions_obtained":[],"is_trial":false,"path_per_floor":["M","M","?","?","$","R","M","R","T","?","M","M","T","M","R"],"character_chosen":"THE_SILENT","items_purchased":["Infinite Blades"],"campfire_rested":0,"item_purchase_floors":[5],"current_hp_per_floor":[59,56,56,56,56,56,56,56,56,21,17,17,24,22,22,0],"gold":205,"neow_bonus":"THREE_SMALL_POTIONS","is_prod":false,"is_daily":false,"chose_seed":false,"campfire_upgraded":3,"win_rate":0,"timestamp":1533401812,"path_taken":["M","M","?","?","$","R","?","R","T","?","M","M","?","M","R","BOSS"],"build_version":"2018-08-01","purchased_purges":0,"victory":false,"max_hp_per_floor":[66,66,66,66,66,66,66,66,66,66,66,66,73,73,73,73],"card_choices":[{"not_picked":["Terror","Blur"],"picked":"Poisoned Stab","floor":1.0},{"not_picked":["Blade Dance","Reflex","Deflect"],"picked":"SKIP","floor":2},{"not_picked":["Sucker Punch","Flying Knee"],"picked":"Footwork","floor":7},{"not_picked":["Tactician","Terror"],"picked":"Sucker Punch","floor":11},{"not_picked":["Setup","Deadly Poison"],"picked":"Backstab","floor":12},{"not_picked":["Concentrate","Finisher"],"picked":"Deadly Poison","floor":14}],"player_experience":841226,"relics_obtained":[{"floor":9,"key":"MawBank"},{"floor":13,"key":"Strawberry"}],"event_choices":[{"event_name":"The Cleric","player_choice":"Card Removal","floor":3,"damage_taken":0},{"event_name":"Living Wall","player_choice":"Forget","floor":4,"damage_taken":0},{"event_name":"Scrap Ooze","player_choice":"success","floor":10,"damage_taken":35}],"is_beta":true,"boss_relics":[],"items_purged_floors":[],"is_endless":false,"potions_floor_spawned":[1,2],"killed_by":"The Guardian","ascension_level":15}