{"gold_per_floor":[110,125,125,136,155,155,172,205,279,279,279],"floor_reached":11,"playtime":627,"items_purged":[],"score":116,"play_id":"6a5df382-e07c-4cc4-9a50-542dba982abf","local_time":"20190318021840","is_ascension_mode":true,"campfire_choices":[{"data":"Lockon","floor":6,"key":"SMITH"},{"data":"Coolheaded","floor":10,"key":"SMITH"}],"neow_cost":"NONE","seed_source_timestamp":88959283384254,"circlet_count":0,"master_deck":["AscendersBane","Strike_B","Strike_B","Strike_B","Strike_B","Defend_B","Defend_B","Defend_B","Defend_B","Zap+1","Dualcast","Lockon+1","Reinforced Body","Capacitor","Auto Shields","Turbo","Coolheaded+1","Sweeping Beam"],"relics":["Cracked Core","Turnip","Question Card"],"potions_floor_usage":[8],"damage_taken":[{"damage":8,"enemies":"2 Louse","floor":1,"turns":3},{"damage":0,"enemies":"Cultist","floor":2,"turns":2},{"damage":6,"enemies":"Small Slimes","floor":4,"turns":2},{"damage":2,"enemies":"Blue Slaver","floor":5,"turns":3},{"damage":15,"enemies":"Exordium Thugs","floor":7,"turns":4},{"damage":15,"enemies":"Lagavulin","floor":8,"turns":8},{"damage":7,"enemies":"Gremlin Nob","floor":11,"turns":3}],"seed_played":"-7595697093770744446","potions_obtained":[{"floor":1,"key":"SteroidPotion"},{"floor":4,"key":"LiquidBronze"},{"floor":5,"key":"Weak Potion"},{"floor":8,"key":"SpeedPotion"}],"is_trial":false,"path_per_floor":["M","M","?","M","M","R","M","E","T","R","E"],"character_chosen":"DEFECT","items_purchased":[],"campfire_rested":0,"item_purchase_floors":[],"current_hp_per_floor":[60,60,60,54,52,52,37,22,22,22,15],"gold":279,"neow_bonus":"THREE_CARDS","is_prod":false,"is_daily":false,"chose_seed":false,"campfire_upgraded":2,"win_rate":0,"timestamp":1552889920,"path_taken":["M","M","?","?","M","R","M","E","T","R","E"],"build_version":"2019-01-23","purchased_purges":0,"victory":false,"max_hp_per_floor":[75,75,75,75,75,75,75,75,75,75,75],"card_choices":[{"not_picked":["Leap","Rebound"],"picked":"Lockon","floor":0},{"not_picked":["Redo","Barrage"],"picked":"Reinforced Body","floor":1},{"not_picked":["Rebound","FTL"],"picked":"Capacitor","floor":2},{"not_picked":["Steam","Skim"],"picked":"Auto Shields","floor":4},{"not_picked":["Capacitor","Conserve Battery"],"picked":"Turbo","floor":5},{"not_picked":["Scrape","Recycle"],"picked":"Coolheaded","floor":7},{"not_picked":["Leap","Melter"],"picked":"Sweeping Beam","floor":8}],"player_experience":1203401,"relics_obtained":[{"floor":8,"key":"Turnip"},{"floor":9,"key":"Question Card"}],"event_choices":[{"damage_healed":0,"gold_gain":0,"player_choice":"Upgraded","damage_taken":0,"max_hp_gain":0,"max_hp_loss":0,"event_name":"Upgrade Shrine","floor":3,"gold_loss":0,"cards_upgraded":["Zap"]}],"is_beta":false,"boss_relics":[],"items_purged_floors":[],"is_endless":false,"potions_floor_spawned":[1,4,5,8],"killed_by":"Gremlin Nob","ascension_level":11}