{"path_per_floor":["M","?","$","?","M","R","M","T","T","R","E","?","M","M","R","B",null,"M","?","?","$","?","R","M","E","T","?","?","R","M","M","R","B",null,"M","?","?","?","?","R","E","R","T","M","T","R","E","M","R"],"character_chosen":"IRONCLAD","items_purchased":["Headbutt","Champion Belt"],"gold_per_floor":[116,116,18,118,133,133,146,146,146,146,177,177,194,204,204,302,302,321,321,321,80,80,80,93,126,126,126,126,126,140,152,152,257,257,275,275,275,275,275,275,605,605,605,621,621,621,651,665,665],"floor_reached":50,"campfire_rested":1,"playtime":2809,"current_hp_per_floor":[69,69,69,69,69,69,69,69,69,69,69,74,74,74,74,28,63,62,62,46,46,46,46,47,36,36,36,60,60,32,34,56,16,60,55,55,55,74,74,74,74,74,74,74,74,74,74,74,74],"items_purged":["Strike_R"],"gold":665,"score":847,"play_id":"937a2e96-407e-4cbd-8544-41e707a993dd","local_time":"20180320121741","is_prod":false,"is_daily":false,"is_ascension_mode":true,"campfire_upgraded":9,"timestamp":1521562661,"path_taken":["M","?","?","?","M","R","M","?","T","R","E","?","?","M","R","BOSS","M","?","?","$","?","R","?","E","T","?","?","R","M","M","R","BOSS","M","?","?","?","?","R","E","R","T","M","?","R","E","?","R","BOSS"],"build_version":"2018-03-15v3","purchased_purges":2,"victory":false,"master_deck":["Strike_R","Defend_R","Defend_R","Defend_R","Defend_R","Bash+1","Battle Trance+1","Headbutt","Armaments+1","Thunderclap","Infernal Blade+1","True Grit+1","Berserk","True Grit+1","Evolve+1","Entrench+1","Dropkick","Bludgeon+1","Body Slam+1","Necronomicurse","Infernal Blade+1","Flex+1","Shrug It Off+1"],"max_hp_per_floor":[69,69,69,69,69,69,69,69,69,69,69,74,74,74,74,74,74,74,74,74,74,74,74,74,74,74,74,74,74,74,74,74,74,74,74,74,74,74,74,74,74,74,74,74,74,74,74,74,74],"relics":["Burning Blood","Red Skull","Ice Cream","The Courier","Mark of Pain","Necronomicon","Champion Belt","Happy Flower","Nloth\u0027s Gift","Runic Dome","Old Coin","Ginger","Thread and Needle","Bottled Tornado"],"card_choices":[{"not_picked":["True Grit","Burning Pact"],"picked":"Armaments"},{"not_picked":["Dropkick","Heavy Blade"],"picked":"Thunderclap"},{"not_picked":["Whirlwind","Flex"],"picked":"Infernal Blade"},{"not_picked":["Heavy Blade","Battle Trance"],"picked":"True Grit"},{"not_picked":["Brutality","Fiend Fire"],"picked":"Berserk"},{"not_picked":["Heavy Blade","Shockwave"],"picked":"True Grit"},{"not_picked":["Searing Blow","Armaments"],"picked":"Evolve"},{"not_picked":["Dual Wield","Body Slam"],"picked":"Entrench"},{"not_picked":["Perfected Strike","Fiend Fire"],"picked":"Dropkick"},{"not_picked":["Brutality","Feed"],"picked":"Bludgeon"},{"not_picked":["Rupture","Exhume"],"picked":"Body Slam"},{"not_picked":["True Grit","Wild Strike"],"picked":"Infernal Blade"},{"not_picked":["Body Slam","Reaper"],"picked":"Flex"},{"not_picked":["Anger","Headbutt"],"picked":"Shrug It Off"}],"player_experience":575031,"potions_floor_usage":[13,18,25,30,35,48],"damage_taken":[{"damage":6,"enemies":"Cultist","floor":1,"turns":3},{"damage":0,"enemies":"Small Slimes","floor":5,"turns":3},{"damage":1,"enemies":"2 Louse","floor":7,"turns":3},{"damage":4,"enemies":"Lagavulin","floor":11,"turns":7},{"damage":1,"enemies":"Exordium Thugs","floor":13,"turns":4},{"damage":5,"enemies":"Gremlin Gang","floor":14,"turns":4},{"damage":52,"enemies":"Hexaghost","floor":16,"turns":8},{"damage":7,"enemies":"Spheric Guardian","floor":18,"turns":6},{"damage":5,"enemies":"2 Thieves","floor":24,"turns":5},{"damage":17,"enemies":"Book of Stabbing","floor":25,"turns":5},{"damage":34,"enemies":"Centurion and Healer","floor":30,"turns":10},{"damage":4,"enemies":"Sentry and Sphere","floor":31,"turns":4},{"damage":46,"enemies":"Champ","floor":33,"turns":10},{"damage":11,"enemies":"3 Shapes","floor":35,"turns":5},{"damage":4,"enemies":"Giant Head","floor":41,"turns":5},{"damage":0,"enemies":"3 Darklings","floor":44,"turns":1},{"damage":5,"enemies":"Nemesis","floor":47,"turns":3},{"damage":3,"enemies":"4 Shapes","floor":48,"turns":8},{"damage":75,"enemies":"Time Eater","floor":50,"turns":10}],"event_choices":[{"event_name":"Transmorgrifier","player_choice":"Transform","floor":2,"damage_taken":0},{"event_name":"Wheel of Change","player_choice":"Gold","floor":4,"damage_taken":0},{"event_name":"Big Fish","player_choice":"Donut","floor":12,"damage_taken":0},{"event_name":"Vampires","player_choice":"Ignored","floor":19,"damage_taken":0},{"event_name":"Cursed Tome","player_choice":"Obtained Book","floor":20,"damage_taken":0},{"event_name":"Purifier","player_choice":"One Purge","floor":22,"damage_taken":0},{"event_name":"N\u0027loth","player_choice":"Traded a Art of War","floor":27,"damage_taken":0},{"event_name":"The Library","player_choice":"Heal","floor":28,"damage_taken":0},{"event_name":"Match and Keep!","player_choice":"0 cards matched","floor":36,"damage_taken":0},{"event_name":"Tomb of Lord Red Mask","player_choice":"Ignored","floor":37,"damage_taken":0},{"event_name":"Wheel of Change","player_choice":"Full Heal","floor":38,"damage_taken":0},{"event_name":"Fountain of Cleansing","player_choice":"Removed Curse","floor":39,"damage_taken":0}],"boss_relics":[{"not_picked":["Pandora\u0027s Box","White Beast Statue"],"picked":"Mark of Pain"},{"not_picked":["Question Card","Philosopher\u0027s Stone"],"picked":"Runic Dome"}],"potions_floor_spawned":[1,7,24,25,31,47],"seed_played":"1225435178898703585","killed_by":"Time Eater","ascension_level":11,"is_trial":false}