{"path_per_floor":["M","T","M","?","M","R","E","M","T","E","M","$","E","M","R","B",null,"M","?","$","M","M","E","M","E","T","E","?","M","?","$","R","B",null,"M","?","?","T","$","E","R","M","T","?","?","$","?"],"character_chosen":"THE_SILENT","items_purchased":["Frozen Egg 2","Infinite Blades","Accuracy","Ginger","Lantern"],"gold_per_floor":[119,119,132,132,145,145,176,193,217,245,257,0,26,46,46,151,151,167,167,94,109,119,149,162,195,195,223,223,242,442,41,41,146,146,165,165,165,165,16,42,42,60,84,84,131,31,31],"floor_reached":48,"campfire_rested":0,"playtime":4487,"current_hp_per_floor":[70,70,70,70,70,70,63,63,63,60,62,62,61,63,63,29,70,70,70,70,59,41,24,19,20,34,30,36,32,32,32,32,3,90,82,82,82,88,88,51,51,48,54,54,4,4,4],"items_purged":["Decay","Pain"],"gold":31,"score":658,"play_id":"1f33267f-1889-4c19-981d-4d3dff3ba0fe","is_prod":false,"is_daily":false,"is_ascension_mode":true,"campfire_upgraded":4,"path_taken":["M","?","M","?","M","R","E","M","T","E","?","$","E","M","R","BOSS","M","?","$","M","M","E","M","E","T","E","?","M","?","?","R","BOSS","M","?","?","?","?","E","R","M","T","?","?","$","?","M"],"build_version":"2018-02-12-PROD1","purchased_purges":3,"victory":false,"master_deck":["Defend_G+1","Defend_G+1","Defend_G+1","Defend_G+1","Defend_G+1","Strike_G+1","Strike_G+1","Strike_G+1","Strike_G+1","Survivor","Neutralize+1","Dash+1","Choke+1","Storm of Steel+1","Accuracy","Accuracy+1","Malaise","Bullet Time","Infinite Blades+1","Cloak And Dagger+1","Malaise+1","Noxious Fumes+1","Bouncing Flask+1","Setup+1","Accuracy+1","A Thousand Cuts+1","Infinite Blades+1","Footwork+1","Purity"],"max_hp_per_floor":[70,70,70,70,70,70,70,70,70,70,70,70,70,70,70,70,70,70,70,70,70,70,70,70,70,84,84,90,90,90,90,90,90,90,90,90,90,96,96,96,96,96,102,102,102,102,102],"relics":["Ring of the Snake","Bag of Preparation","Darkstone Periapt","Snake Skull","Blood Vial","Frozen Egg 2","Mummified Hand","Runic Pyramid","Pen Nib","Bronze Scales","Mango","Dream Catcher","Ginger","Cursed Key","Prayer Wheel","Lantern","Oddly Smooth Stone","Vajra","Sundial"],"card_choices":[{"not_picked":["Calculated Gamble","Riddle With Holes"],"picked":"Dash"},{"not_picked":["Caltrops","Riddle With Holes"],"picked":"Choke"},{"not_picked":["Tactician","Quick Slash"],"picked":"Storm of Steel"},{"not_picked":["Infinite Blades","Dagger Spray"],"picked":"Accuracy"},{"not_picked":["Underhanded Strike","Slice"],"picked":"Accuracy"},{"not_picked":["Backflip","Slice"],"picked":"Malaise"},{"not_picked":["Wraith Form","Adrenaline"],"picked":"Bullet Time"},{"not_picked":["Deadly Poison","Heel Hook"],"picked":"Cloak And Dagger"},{"not_picked":["Masterful Stab","Backflip"],"picked":"Malaise"},{"not_picked":["Distraction","Skewer"],"picked":"Noxious Fumes"},{"not_picked":["Cloak And Dagger","Crippling Poison"],"picked":"Bouncing Flask"},{"not_picked":["Cloak And Dagger","Bullet Time"],"picked":"Setup"},{"not_picked":["Tactician","Doppelganger"],"picked":"A Thousand Cuts"},{"not_picked":["Flying Knee","Malaise"],"picked":"Infinite Blades"}],"player_experience":232252,"potions_floor_usage":[7,8,10,16,21,21,22,22,23,25,48],"damage_taken":[{"damage":0,"enemies":"Blue Slaver","floor":1,"turns":6},{"damage":0,"enemies":"Small Slimes","floor":3,"turns":3},{"damage":0,"enemies":"Jaw Worm","floor":5,"turns":3},{"damage":7,"enemies":"Lagavulin","floor":7,"turns":8},{"damage":0,"enemies":"Large Slime","floor":8,"turns":3},{"damage":18,"enemies":"3 Sentries","floor":10,"turns":6},{"damage":0,"enemies":"Looter","floor":11,"turns":4},{"damage":3,"enemies":"Gremlin Nob","floor":13,"turns":3},{"damage":0,"enemies":"2 Fungi Beasts","floor":14,"turns":2},{"damage":36,"enemies":"The Guardian","floor":16,"turns":12},{"damage":0,"enemies":"Chosen","floor":18,"turns":3},{"damage":11,"enemies":"2 Thieves","floor":21,"turns":4},{"damage":35,"enemies":"Slaver and Parasite","floor":22,"turns":6},{"damage":19,"enemies":"Slavers","floor":23,"turns":6},{"damage":7,"enemies":"3 Cultists","floor":24,"turns":5},{"damage":1,"enemies":"Gremlin Leader","floor":25,"turns":5},{"damage":6,"enemies":"Book of Stabbing","floor":27,"turns":4},{"damage":6,"enemies":"Snake Plant","floor":29,"turns":3},{"damage":31,"enemies":"Collector","floor":33,"turns":7},{"damage":8,"enemies":"Orb Walker","floor":35,"turns":2},{"damage":39,"enemies":"2 Orb Walkers","floor":40,"turns":5},{"damage":5,"enemies":"3 Shapes","floor":42,"turns":4},{"damage":52,"enemies":"Mysterious Sphere","floor":45,"turns":4},{"damage":15,"enemies":"3 Darklings","floor":48,"turns":2}],"event_choices":[{"event_name":"Bonfire Elementals","player_choice":"BASIC","floor":4,"damage_taken":0},{"event_name":"Back to Basics","player_choice":"Simplicity","floor":19,"damage_taken":0},{"event_name":"Forgotten Altar","player_choice":"Smashed Altar","floor":28,"damage_taken":0},{"event_name":"The Joust","player_choice":"Bet on Owner","floor":30,"damage_taken":0},{"event_name":"Tomb of Lord Red Mask","player_choice":"Ignored","floor":36,"damage_taken":0},{"event_name":"Upgrade Shrine","player_choice":"Upgraded","floor":37,"damage_taken":0},{"event_name":"Match and Keep!","player_choice":"2 cards matched","floor":44,"damage_taken":0},{"event_name":"Mysterious Sphere","player_choice":"Fight","floor":45,"damage_taken":0},{"event_name":"Fountain of Cleansing","player_choice":"Removed Curse","floor":47,"damage_taken":0}],"boss_relics":[{"not_picked":["Tiny House","Philosopher\u0027s Stone"],"picked":"Runic Pyramid"},{"not_picked":["Calling Bell","Sozu"],"picked":"Cursed Key"}],"potions_floor_spawned":[1,3,5,7,11,16,18,21,22,24,45],"seed_played":"7735816569633650082","killed_by":"3 Darklings","ascension_level":4,"is_trial":false}