{"gold_per_floor":[116,116,116,127,68,103,103,132,132,143,143,171,190,190],"floor_reached":14,"playtime":330,"items_purged":[],"score":266,"play_id":"2782d93c-50a1-4602-a654-8e90e8682ba6","local_time":"20190510124650","is_ascension_mode":true,"campfire_choices":[{"data":"Sweeping Beam","floor":7,"key":"SMITH"},{"data":"Genetic Algorithm","floor":11,"key":"SMITH"}],"neow_cost":"NONE","seed_source_timestamp":1536791032704491,"circlet_count":0,"master_deck":["AscendersBane","Strike_B","Strike_B","Strike_B","Defend_B","Defend_B","Defend_B","Defend_B","Zap","Dualcast","Conserve Battery","Sweeping Beam+1","Genetic Algorithm+1","Ball Lightning","Ball Lightning","Machine Learning","Steam"],"relics":["Cracked Core","NeowsBlessing","Darkstone Periapt","Calipers","Lantern","Happy Flower","Centennial Puzzle"],"potions_floor_usage":[8,8,12,13],"damage_taken":[{"damage":0,"enemies":"Jaw Worm","floor":1,"turns":1},{"damage":0,"enemies":"2 Louse","floor":4,"turns":1},{"damage":0,"enemies":"3 Sentries","floor":6,"turns":1},{"damage":46,"enemies":"Gremlin Nob","floor":8,"turns":4},{"damage":3,"enemies":"Small Slimes","floor":10,"turns":2},{"damage":11,"enemies":"3 Sentries","floor":12,"turns":5},{"damage":12,"enemies":"Gremlin Gang","floor":13,"turns":3},{"damage":33,"enemies":"Gremlin Nob","floor":14,"turns":3}],"seed_played":"4487031655883678524","potions_obtained":[{"floor":4,"key":"AttackPotion"},{"floor":6,"key":"Regen Potion"},{"floor":8,"key":"Weak Potion"},{"floor":10,"key":"Dexterity Potion"}],"is_trial":false,"path_per_floor":["M","?","?","M","?","E","R","E","T","M","R","E","M","E"],"character_chosen":"DEFECT","items_purchased":[],"campfire_rested":0,"item_purchase_floors":[],"current_hp_per_floor":[64,57,62,62,62,62,62,28,28,25,25,14,2,0],"gold":190,"neow_bonus":"THREE_ENEMY_KILL","is_prod":false,"is_daily":false,"chose_seed":false,"campfire_upgraded":2,"win_rate":0,"timestamp":1557506810,"path_taken":["M","?","?","M","?","E","R","E","T","M","R","E","?","E"],"build_version":"2019-01-23","purchased_purges":0,"victory":false,"max_hp_per_floor":[71,71,76,76,76,76,76,76,76,76,76,76,76,76],"card_choices":[{"not_picked":["Stack","Recycle"],"picked":"Conserve Battery","floor":1},{"not_picked":["Stack","Streamline"],"picked":"Sweeping Beam","floor":4},{"not_picked":["Reprogram","Coolheaded"],"picked":"Genetic Algorithm","floor":6},{"not_picked":["Storm","Self Repair"],"picked":"Ball Lightning","floor":8},{"not_picked":["Compile Driver","Blizzard"],"picked":"Ball Lightning","floor":10},{"not_picked":["Stack","Compile Driver"],"picked":"Machine Learning","floor":12},{"not_picked":["Double Energy","Heatsinks"],"picked":"Steam","floor":13}],"player_experience":2554320,"relics_obtained":[{"floor":6,"key":"Calipers"},{"floor":8,"key":"Lantern"},{"floor":9,"key":"Happy Flower"},{"floor":12,"key":"Centennial Puzzle"}],"event_choices":[{"cards_removed":["Strike_B"],"damage_healed":0,"gold_gain":0,"player_choice":"Card Removal","damage_taken":7,"max_hp_gain":0,"max_hp_loss":0,"event_name":"Golden Wing","floor":2,"gold_loss":0},{"damage_healed":0,"gold_gain":0,"player_choice":"Donut","damage_taken":0,"max_hp_gain":5,"max_hp_loss":0,"event_name":"Big Fish","floor":3,"gold_loss":0},{"damage_healed":0,"gold_gain":0,"player_choice":"Paid Gold","damage_taken":0,"relics_obtained":["Darkstone Periapt"],"max_hp_gain":0,"max_hp_loss":0,"event_name":"WeMeetAgain","floor":5,"gold_loss":59}],"is_beta":false,"boss_relics":[],"items_purged_floors":[],"is_endless":false,"potions_floor_spawned":[4,6,8,10],"killed_by":"Gremlin Nob","ascension_level":20}