{"gold_per_floor":[112,287,237,237,261,261,261,24,78,78,127,127,191,49,49,174,174,198,198,214,263,303,341,341,386,409,409,82,126,126,142,142,271,271,310,11,54,70,70,109,109,143,195,259,259,11,11,27,27,27,27,27,27,27],"floor_reached":54,"playtime":8762,"items_purged":["Strike_R","Strike_R","Defend_R","Writhe"],"score":687,"play_id":"645cf18b-9832-4df7-9bf4-28e5ed9496ce","local_time":"20181128165706","is_ascension_mode":false,"campfire_choices":[{"data":"Shrug It Off","floor":6.0,"key":"SMITH"},{"data":"HandOfGreed","floor":10.0,"key":"SMITH"},{"data":"Whirlwind","floor":12.0,"key":"SMITH"},{"data":"True Grit","floor":15.0,"key":"SMITH"},{"data":"Armaments","floor":24,"key":"SMITH"},{"floor":27,"key":"REST"},{"data":"Barricade","floor":30,"key":"SMITH"},{"floor":32,"key":"REST"},{"data":"True Grit","floor":41,"key":"SMITH"},{"floor":45,"key":"REST"},{"floor":49,"key":"RECALL"},{"data":"Flex","floor":52,"key":"SMITH"}],"neow_cost":"PERCENT_DAMAGE","seed_source_timestamp":0,"circlet_count":0,"master_deck":["Strike_R","Strike_R","Defend_R","Bash","True Grit+1","Shrug It Off+1","HandOfGreed+1","Whirlwind+1","Pommel Strike","Disarm","Impervious","Flex+1","Rampage+1","Armaments+1","True Grit+1","Blood for Blood+1","Barricade+1","Ghostly Armor","Demon Form","Offering","Body Slam+1","Parasite","Metallicize+1","Seeing Red","Injury"],"special_seed":0,"relics":["Black Blood","Golden Idol","The Courier","Cursed Key","Question Card","Regal Pillow","Strange Spoon","Anchor","Shuriken","Omamori","Bag of Marbles"],"potions_floor_usage":[21,22,22,25,29,42,44,50,50,50],"damage_taken":[{"damage":0.0,"enemies":"2 Louse","floor":1.0,"turns":3.0},{"damage":3.0,"enemies":"Small Slimes","floor":5.0,"turns":4.0},{"damage":0.0,"enemies":"Cultist","floor":11.0,"turns":3.0},{"damage":17.0,"enemies":"3 Sentries","floor":13.0,"turns":4.0},{"damage":8.0,"enemies":"The Guardian","floor":16.0,"turns":12.0},{"damage":9.0,"enemies":"2 Thieves","floor":18.0,"turns":3.0},{"damage":6.0,"enemies":"Chosen","floor":20.0,"turns":4.0},{"damage":18,"enemies":"Centurion and Healer","floor":21,"turns":3},{"damage":19,"enemies":"Shelled Parasite and Fungi","floor":22,"turns":5},{"damage":30,"enemies":"Gremlin Leader","floor":23,"turns":7},{"damage":12,"enemies":"Snake Plant","floor":25,"turns":2},{"damage":20,"enemies":"Centurion and Healer","floor":29,"turns":4},{"damage":3,"enemies":"Chosen and Byrds","floor":31,"turns":4},{"damage":34,"enemies":"Automaton","floor":33,"turns":14},{"damage":13,"enemies":"Orb Walker","floor":35,"turns":6},{"damage":8,"enemies":"3 Shapes","floor":37,"turns":3},{"damage":13,"enemies":"3 Darklings","floor":38,"turns":5},{"damage":25,"enemies":"Writhing Mass","floor":40,"turns":4},{"damage":23,"enemies":"Reptomancer","floor":42,"turns":7},{"damage":36,"enemies":"Jaw Worm Horde","floor":44,"turns":6},{"damage":6,"enemies":"Maw","floor":48,"turns":8},{"damage":36,"enemies":"Donu and Deca","floor":50,"turns":9},{"damage":95,"enemies":"Shield and Spear","floor":54,"turns":9}],"seed_played":"1048811107643420633","potions_obtained":[{"floor":1.0,"key":"SpeedPotion"},{"floor":13.0,"key":"Strength Potion"},{"floor":16.0,"key":"Regen Potion"},{"floor":21,"key":"Dexterity Potion"},{"floor":23,"key":"Energy Potion"},{"floor":25,"key":"Energy Potion"},{"floor":37,"key":"Dexterity Potion"},{"floor":42,"key":"AttackPotion"},{"floor":44,"key":"LiquidBronze"},{"floor":48,"key":"Swift Potion"}],"is_trial":false,"path_per_floor":["M","?","?","?","M","R","?","$","T","R","M","R","E","$","R","B",null,"M","?","M","M","M","E","R","M","T","R","$","M","R","M","R","B",null,"M","$","M","M","$","M","R","E","T","M","R","$","?","M","R","B",null,"R","$","E"],"character_chosen":"IRONCLAD","items_purchased":["HandOfGreed","Disarm","Strange Spoon","Barricade","Offering","Anchor","Bag of Marbles","Dexterity Potion","Strength Potion","SteroidPotion"],"campfire_rested":3,"item_purchase_floors":[8,14,28,28,36,36,46,46,46,46],"current_hp_per_floor":[62,62,62,62,65,65,65,65,65,65,71,71,60,60,60,58,74,71,71,74,62,49,25,25,19,19,56,56,42,42,45,74,46,74,71,71,73,70,70,55,55,42,42,16,53,53,72,74,74,48,74,74,74,0],"gold":27,"neow_bonus":"REMOVE_TWO","is_prod":false,"is_daily":false,"chose_seed":false,"campfire_upgraded":8,"win_rate":0,"timestamp":1543442226,"path_taken":["M","?","?","?","M","R","?","$","T","R","M","R","E","$","R","BOSS","M","?","M","M","M","E","R","M","T","R","$","M","R","M","R","BOSS","M","$","?","?","?","M","R","E","T","M","R","$","?","M","R","BOSS","R","$","E"],"build_version":"2018-11-15","purchased_purges":4,"victory":false,"max_hp_per_floor":[80,80,80,74,74,74,74,74,74,74,74,74,74,74,74,74,74,74,74,74,74,74,74,74,74,74,74,74,74,74,74,74,74,74,74,74,74,74,74,74,74,74,74,74,74,74,74,74,74,74,74,74,74,74],"card_choices":[{"not_picked":["Body Slam","Wild Strike"],"picked":"True Grit","floor":1.0},{"not_picked":["Dual Wield","Fire Breathing"],"picked":"Shrug It Off","floor":5.0},{"not_picked":["Dual Wield","Thunderclap"],"picked":"Whirlwind","floor":11.0},{"not_picked":["Wild Strike","Warcry"],"picked":"Pommel Strike","floor":13.0},{"not_picked":["Juggernaut","Brutality"],"picked":"Impervious","floor":16.0},{"not_picked":["Cleave","Sever Soul"],"picked":"Flex","floor":18.0},{"not_picked":["Iron Wave","Burning Pact+1"],"picked":"Rampage+1","floor":20.0},{"not_picked":["Anger","Sever Soul"],"picked":"Armaments","floor":21},{"not_picked":["Thunderclap+1","True Grit","Berserk"],"picked":"SKIP","floor":22},{"not_picked":["Feel No Pain","Reckless Charge"],"picked":"True Grit","floor":23},{"not_picked":["Bloodletting","Twin Strike","Sword Boomerang+1"],"picked":"Blood for Blood+1","floor":25},{"not_picked":["Anger","Armaments","Heavy Blade"],"picked":"Ghostly Armor","floor":29},{"not_picked":["Rage","Anger","Intimidate","Whirlwind"],"picked":"SKIP","floor":31},{"not_picked":["Feed","Exhume","Bludgeon"],"picked":"Demon Form","floor":33},{"not_picked":["Bloodletting","Wild Strike+1","Pommel Strike+1","Pummel+1"],"picked":"SKIP","floor":35},{"not_picked":["Headbutt","True Grit+1","Wild Strike"],"picked":"Body Slam+1","floor":37},{"not_picked":["Thunderclap+1","Twin Strike+1","Sword Boomerang","Shockwave+1"],"picked":"SKIP","floor":38},{"not_picked":["Sword Boomerang","Shrug It Off","Armaments+1"],"picked":"Metallicize+1","floor":40},{"not_picked":["Fire Breathing","Anger","Flex"],"picked":"Seeing Red","floor":42},{"not_picked":["Barricade","Dropkick","Clash+1","Second Wind"],"picked":"SKIP","floor":44},{"not_picked":["Perfected Strike","Headbutt+1","Anger","Clash"],"picked":"SKIP","floor":48}],"player_experience":401798,"relics_obtained":[{"floor":13.0,"key":"The Courier"},{"floor":23,"key":"Question Card"},{"floor":26,"key":"Regal Pillow"},{"floor":42,"key":"Shuriken"},{"floor":43,"key":"Omamori"}],"event_choices":[{"damage_healed":0.0,"max_hp_gain":0.0,"max_hp_loss":0.0,"gold_gain":175.0,"event_name":"Liars Game","player_choice":"AGREE","floor":2.0,"gold_loss":0.0,"damage_taken":0.0,"cards_obtained":["Doubt"]},{"cards_removed":["Doubt"],"damage_healed":0.0,"max_hp_gain":0.0,"max_hp_loss":0.0,"gold_gain":0.0,"event_name":"The Cleric","player_choice":"Card Removal","floor":3.0,"gold_loss":50.0,"damage_taken":0.0},{"damage_healed":0.0,"max_hp_gain":0.0,"max_hp_loss":6.0,"gold_gain":0.0,"event_name":"Golden Idol","player_choice":"Lose Max HP","floor":4.0,"gold_loss":0.0,"damage_taken":0.0,"relics_obtained":["Golden Idol"]},{"cards_removed":["Defend_R"],"damage_healed":0.0,"max_hp_gain":0.0,"max_hp_loss":0.0,"gold_gain":0.0,"event_name":"Living Wall","player_choice":"Forget","floor":7.0,"gold_loss":0.0,"damage_taken":0.0},{"damage_healed":0.0,"max_hp_gain":0.0,"max_hp_loss":0.0,"gold_gain":0.0,"event_name":"The Woman in Blue","player_choice":"Bought 0 Potions","floor":19.0,"gold_loss":0.0,"damage_taken":0.0},{"damage_healed":19,"gold_gain":0,"player_choice":"Writhe","damage_taken":0,"max_hp_gain":0,"max_hp_loss":0,"event_name":"Winding Halls","floor":47,"gold_loss":0,"cards_obtained":["Writhe"]}],"is_beta":false,"boss_relics":[{"not_picked":["Orrery","Snecko Eye"],"picked":"Cursed Key"},{"not_picked":["Tiny House","Astrolabe"],"picked":"Black Blood"}],"items_purged_floors":[8,14,28,36],"is_endless":false,"potions_floor_spawned":[1,13,16,21,23,25,37,42,44,48],"killed_by":"Shield and Spear","ascension_level":0}