{"gold_per_floor":[115,65,80,100,118,118,151,163,240,268,268,279,279,25,25,120,120,131,131,143,162,162,194,194,228,228,228,49,49,76,89,89,184,184,199,0,0,48,48,48,63,63,63,63,73,73,87,114,114,114,114,114,12,47,47],"floor_reached":55,"playtime":11459,"items_purged":["Bite"],"score":793,"play_id":"8187006d-ceca-4a76-b1c9-43c78d1c751b","local_time":"20190320153706","is_ascension_mode":false,"campfire_choices":[{"data":"Bouncing Flask","floor":6,"key":"SMITH"},{"data":"Catalyst","floor":11,"key":"SMITH"},{"data":"Poisoned Stab","floor":15,"key":"SMITH"},{"data":"Venomology","floor":24,"key":"SMITH"},{"data":"Terror","floor":27,"key":"SMITH"},{"data":"Catalyst","floor":32,"key":"SMITH"},{"floor":40,"key":"REST"},{"data":"Burst","floor":42,"key":"SMITH"},{"data":"Acrobatics","floor":44,"key":"SMITH"},{"floor":46,"key":"RECALL"},{"data":"Blur","floor":49,"key":"SMITH"},{"data":"Survivor","floor":52,"key":"SMITH"}],"neow_cost":"NONE","seed_source_timestamp":298842647894562,"circlet_count":0,"master_deck":["Defend_G","Defend_G","Defend_G","Defend_G","Survivor+1","Neutralize+1","PiercingWail","PiercingWail","Bouncing Flask+1","Catalyst+1","Terror+1","Blur+1","Poisoned Stab+1","Noxious Fumes+1","Venomology+1","Acrobatics+1","Bite","Bite","Bite","Bite","Footwork+1","After Image+1","Burst+1","Catalyst+1","Envenom+1","Backflip+1","Deadly Poison+1","Dagger Throw+1","Well Laid Plans+1","PiercingWail","Heel Hook+1"],"relics":["Eternal Feather","Frozen Egg 2","The Specimen","Bottled Tornado","HoveringKite","Potion Belt","Darkstone Periapt","Smiling Mask","Bottled Lightning","MutagenicStrength","Regal Pillow","Busted Crown","Red Mask","Unceasing Top","Bronze Scales","Vajra","Ginger"],"potions_floor_usage":[7,8,10,18,21,21,23,23,25,25,25,33,35,38,38,45,50,50,55,55],"damage_taken":[{"damage":5,"enemies":"Jaw Worm","floor":1,"turns":8},{"damage":0,"enemies":"2 Louse","floor":3,"turns":3},{"damage":0,"enemies":"Small Slimes","floor":4,"turns":4},{"damage":1,"enemies":"Looter","floor":5,"turns":4},{"damage":10,"enemies":"Gremlin Nob","floor":7,"turns":3},{"damage":2,"enemies":"3 Louse","floor":8,"turns":4},{"damage":33,"enemies":"3 Sentries","floor":10,"turns":10},{"damage":7,"enemies":"Large Slime","floor":12,"turns":6},{"damage":0,"enemies":"Hexaghost","floor":16,"turns":5},{"damage":0,"enemies":"Spheric Guardian","floor":18,"turns":3},{"damage":0,"enemies":"3 Byrds","floor":20,"turns":4},{"damage":30,"enemies":"3 Cultists","floor":21,"turns":5},{"damage":12,"enemies":"Gremlin Leader","floor":23,"turns":5},{"damage":22,"enemies":"Slavers","floor":25,"turns":5},{"damage":3,"enemies":"Snecko","floor":31,"turns":5},{"damage":10,"enemies":"Champ","floor":33,"turns":5},{"damage":6,"enemies":"3 Shapes","floor":35,"turns":4},{"damage":47,"enemies":"2 Orb Walkers","floor":38,"turns":4},{"damage":5,"enemies":"Orb Walker","floor":41,"turns":2},{"damage":7,"enemies":"Transient","floor":45,"turns":5},{"damage":7,"enemies":"Sphere and 2 Shapes","floor":47,"turns":4},{"damage":5,"enemies":"Giant Head","floor":48,"turns":5},{"damage":46,"enemies":"Awakened One","floor":50,"turns":12},{"damage":5,"enemies":"Shield and Spear","floor":54,"turns":5},{"damage":54,"enemies":"The Heart","floor":55,"turns":3}],"seed_played":"3659342923720455984","potions_obtained":[{"floor":3,"key":"AttackPotion"},{"floor":7,"key":"GhostInAJar"},{"floor":8,"key":"Regen Potion"},{"floor":16,"key":"SkillPotion"},{"floor":20,"key":"Weak Potion"},{"floor":23,"key":"AttackPotion"},{"floor":25,"key":"SkillPotion"},{"floor":38,"key":"SkillPotion"},{"floor":47,"key":"Ancient Potion"}],"is_trial":false,"path_per_floor":["M","?","M","M","M","R","E","M","T","E","R","M","?","$","R","B",null,"M","?","M","M","?","E","R","E","T","R","$","?","T","M","R","B",null,"M","?","?","?","$","R","M","R","T","R","M","R","M","E","R","B",null,"R","$","E","B"],"character_chosen":"THE_SILENT","items_purchased":["Bottled Tornado","Catalyst","PowerPotion","AttackPotion","PiercingWail"],"campfire_rested":1,"item_purchase_floors":[14,28,28,28,53],"current_hp_per_floor":[65,65,65,65,64,70,60,58,58,40,49,42,42,42,51,51,70,70,49,49,25,25,23,35,21,21,33,33,33,33,36,49,45,49,47,47,47,4,4,48,47,49,49,49,49,49,44,49,49,22,49,49,49,48,0],"gold":47,"neow_bonus":"BOSS_RELIC","is_prod":false,"is_daily":false,"chose_seed":false,"campfire_upgraded":10,"win_rate":0,"timestamp":1553110626,"path_taken":["M","?","M","M","M","R","E","M","T","E","R","M","?","$","R","BOSS","M","?","M","M","?","E","R","E","T","R","?","?","?","M","R","BOSS","M","?","?","?","$","R","M","R","T","R","?","R","M","E","R","BOSS","R","$","E","BOSS"],"build_version":"2019-01-23","purchased_purges":1,"victory":false,"max_hp_per_floor":[70,70,70,70,70,70,70,70,70,70,70,70,70,70,70,70,70,70,49,49,49,49,49,49,49,49,49,49,49,49,49,49,49,49,49,49,49,49,49,49,49,49,49,49,49,49,49,49,49,49,49,49,49,49,49],"card_choices":[{"not_picked":["Setup","Backflip"],"picked":"PiercingWail","floor":1},{"not_picked":["Underhanded Strike","Deadly Poison"],"picked":"PiercingWail","floor":3},{"not_picked":["Deflect","Prepared"],"picked":"Bouncing Flask","floor":4},{"not_picked":["PiercingWail","Dagger Spray"],"picked":"Catalyst","floor":5},{"not_picked":["Doppelganger","Choke"],"picked":"Terror","floor":7},{"not_picked":["Quick Slash","Masterful Stab"],"picked":"Blur","floor":8},{"not_picked":["Escape Plan","Setup"],"picked":"Poisoned Stab","floor":10},{"not_picked":["Backflip","Calculated Gamble"],"picked":"Noxious Fumes+1","floor":12},{"not_picked":["Grand Finale","Unload"],"picked":"Venomology","floor":16},{"not_picked":["Sucker Punch+1","Outmaneuver"],"picked":"Acrobatics","floor":18},{"not_picked":["Setup+1","Prepared","Blade Dance"],"picked":"SKIP","floor":20},{"not_picked":["Deadly Poison","Distraction"],"picked":"Footwork+1","floor":21},{"not_picked":["Dagger Spray","Deflect"],"picked":"After Image+1","floor":23},{"not_picked":["Underhanded Strike","Poisoned Stab"],"picked":"Burst","floor":25},{"not_picked":["Dagger Spray","Riddle With Holes","Dash"],"picked":"SKIP","floor":31},{"not_picked":["Grand Finale","Adrenaline"],"picked":"Envenom+1","floor":33},{"not_picked":[],"picked":"Backflip+1","floor":35},{"not_picked":[],"picked":"Deadly Poison+1","floor":38},{"not_picked":[],"picked":"Dagger Throw+1","floor":41},{"not_picked":["Bane"],"picked":"SKIP","floor":45},{"not_picked":["Slice"],"picked":"SKIP","floor":47},{"not_picked":[],"picked":"Well Laid Plans+1","floor":48},{"not_picked":[],"picked":"Heel Hook+1","floor":54}],"player_experience":1296484,"relics_obtained":[{"floor":7,"key":"Frozen Egg 2"},{"floor":10,"key":"The Specimen"},{"floor":23,"key":"Darkstone Periapt"},{"floor":25,"key":"Smiling Mask"},{"floor":26,"key":"Bottled Lightning"},{"floor":30,"key":"Regal Pillow"},{"floor":38,"key":"Unceasing Top"},{"floor":43,"key":"Bronze Scales"},{"floor":48,"key":"Vajra"},{"floor":54,"key":"Ginger"}],"event_choices":[{"cards_removed":["Defend_G"],"damage_healed":0,"gold_gain":0,"player_choice":"Card Removal","damage_taken":0,"max_hp_gain":0,"max_hp_loss":0,"event_name":"The Cleric","floor":2,"gold_loss":50},{"damage_healed":0,"gold_gain":0,"player_choice":"Grow","damage_taken":0,"max_hp_gain":0,"max_hp_loss":0,"event_name":"Living Wall","floor":13,"gold_loss":0,"cards_upgraded":["Neutralize"]},{"damage_healed":0,"gold_gain":0,"player_choice":"Became a vampire","damage_taken":0,"max_hp_gain":0,"max_hp_loss":21,"event_name":"Vampires","floor":19,"gold_loss":0,"cards_obtained":["Bite","Bite","Bite","Bite","Bite"]},{"damage_healed":0,"gold_gain":0,"player_choice":"Opened","damage_taken":0,"relics_obtained":["Potion Belt"],"max_hp_gain":0,"max_hp_loss":0,"event_name":"The Mausoleum","floor":22,"gold_loss":0},{"damage_healed":0,"gold_gain":0,"player_choice":"Inject Mutagens","damage_taken":0,"relics_obtained":["MutagenicStrength"],"max_hp_gain":0,"max_hp_loss":0,"event_name":"Drug Dealer","floor":29,"gold_loss":0},{"damage_healed":0,"gold_gain":0,"player_choice":"Paid","damage_taken":0,"relics_obtained":["Red Mask"],"max_hp_gain":0,"max_hp_loss":0,"event_name":"Tomb of Lord Red Mask","floor":36,"gold_loss":199},{"damage_healed":0,"gold_gain":0,"player_choice":"Memory 1","damage_taken":0,"max_hp_gain":0,"max_hp_loss":0,"event_name":"SensoryStone","floor":37,"gold_loss":0},{"damage_healed":0,"gold_gain":0,"player_choice":"Fight","damage_taken":0,"max_hp_gain":0,"max_hp_loss":0,"event_name":"Mysterious Sphere","floor":38,"gold_loss":0}],"is_beta":false,"boss_relics":[{"not_picked":["Fusion Hammer","Orrery"],"picked":"HoveringKite"},{"not_picked":["Snecko Eye","Runic Pyramid"],"picked":"Busted Crown"}],"items_purged_floors":[53],"is_endless":false,"potions_floor_spawned":[3,7,8,16,20,23,25,38,47],"killed_by":"The Heart","ascension_level":0}