{"path_per_floor":["M","?","M","?","?","R","E","M","T","R","M","M","R","M","R","B",null,"M","$","?","$","$","R","M","M","T","R","M"],"character_chosen":"THE_SILENT","items_purchased":["Noxious Fumes","Tough Bandages"],"gold_per_floor":[109,109,125,75,75,75,103,120,143,143,162,180,180,196,196,300,300,311,35,35,35,35,35,50,70,70,70,89],"floor_reached":29,"campfire_rested":1,"playtime":1257,"current_hp_per_floor":[60,53,51,51,44,44,26,26,26,26,26,26,26,26,26,23,56,18,18,18,18,18,38,22,9,9,9,10],"items_purged":[],"gold":89,"score":338,"play_id":"5d7c8c18-c21b-4365-868a-52dd0557c135","local_time":"20180318163333","is_prod":false,"is_daily":false,"is_ascension_mode":true,"campfire_upgraded":4,"timestamp":1521405213,"path_taken":["M","?","?","?","?","R","E","?","T","R","M","M","R","?","R","BOSS","M","$","?","?","$","R","M","?","T","R","M","E"],"build_version":"2018-03-15v3","purchased_purges":0,"victory":false,"master_deck":["Defend_G","Defend_G","Defend_G","Defend_G","Defend_G","Strike_G","Strike_G","Strike_G","Strike_G","Strike_G","Survivor","Neutralize+1","Venomology+1","Predator","Dagger Spray","Dash+1","Choke+1","PiercingWail","Die Die Die","Dagger Throw","Phantasmal Killer","Deflect+1","Noxious Fumes","Sucker Punch+1","Prepared","Cloak And Dagger+1"],"max_hp_per_floor":[70,70,70,70,67,67,67,67,67,67,67,67,67,67,67,67,67,67,67,67,67,67,67,67,67,67,67,67],"relics":["Ring of the Snake","Omamori","Bag of Preparation","Lantern","Calling Bell","Peace Pipe","Ginger","Mummified Hand","Tough Bandages","Oddly Smooth Stone"],"card_choices":[{"not_picked":["Wraith Form","Tactician"],"picked":"Venomology"},{"not_picked":["PiercingWail","Flechettes"],"picked":"Predator"},{"not_picked":["Quick Slash","Cloak And Dagger"],"picked":"Dagger Spray"},{"not_picked":["Underhanded Strike","Slice"],"picked":"Dash"},{"not_picked":["Outmaneuver","Flying Knee"],"picked":"Choke"},{"not_picked":["Heel Hook","Quick Slash"],"picked":"PiercingWail"},{"not_picked":["Concentrate","Deflect"],"picked":"Die Die Die"},{"not_picked":["Dodge and Roll","Deadly Poison"],"picked":"Dagger Throw"},{"not_picked":["Bullet Time","Night Terror"],"picked":"Phantasmal Killer"},{"not_picked":["Prepared","Dagger Throw"],"picked":"Deflect"},{"not_picked":["Deadly Poison","Bane"],"picked":"Sucker Punch"},{"not_picked":["Sucker Punch","Dagger Spray"],"picked":"Prepared"},{"not_picked":["Bane","Masterful Stab"],"picked":"Cloak And Dagger"}],"player_experience":560497,"potions_floor_usage":[3,7,7,11,12,16,16,16,18,25,25,25,28,28,29],"damage_taken":[{"damage":3,"enemies":"2 Louse","floor":1,"turns":3},{"damage":2,"enemies":"Small Slimes","floor":3,"turns":3},{"damage":33,"enemies":"3 Sentries","floor":7,"turns":7},{"damage":0,"enemies":"Cultist","floor":8,"turns":3},{"damage":0,"enemies":"Looter","floor":11,"turns":2},{"damage":0,"enemies":"2 Fungi Beasts","floor":12,"turns":2},{"damage":0,"enemies":"Large Slime","floor":14,"turns":4},{"damage":3,"enemies":"Slime Boss","floor":16,"turns":7},{"damage":38,"enemies":"Spheric Guardian","floor":18,"turns":8},{"damage":16,"enemies":"Chosen","floor":24,"turns":5},{"damage":13,"enemies":"Sentry and Sphere","floor":25,"turns":7},{"damage":14,"enemies":"3 Cultists","floor":28,"turns":6},{"damage":10,"enemies":"Gremlin Leader","floor":29,"turns":7}],"event_choices":[{"event_name":"Scrap Ooze","player_choice":"success","floor":2,"damage_taken":7},{"event_name":"The Cleric","player_choice":"Card Removal","floor":4,"damage_taken":0},{"event_name":"Golden Wing","player_choice":"Card Removal","floor":5,"damage_taken":0},{"event_name":"Addict","player_choice":"Ignored","floor":20,"damage_taken":0}],"boss_relics":[{"not_picked":["White Beast Statue","Eternal Feather"],"picked":"Calling Bell"}],"potions_floor_spawned":[1,3,12,14,25],"seed_played":"-8102679853389902219","killed_by":"Gremlin Leader","ascension_level":10,"is_trial":false}