{"path_per_floor":["M","?","T","M","$","R","M","M","T","M","R","M","M","E","R","B",null,"M","$","?","?","M","R","E","M","T","E","M","M","R","M","R","B",null,"M","?","M","?","?","R","?","M","T","M","$","M","M","M","R"],"character_chosen":"IRONCLAD","items_purchased":["Rampage","Orichalcum","Apotheosis"],"gold_per_floor":[112,112,112,130,50,50,69,85,85,101,101,115,135,166,166,261,261,275,54,54,54,71,71,96,109,162,193,212,230,230,247,247,345,345,360,360,371,371,371,371,371,387,436,451,155,173,189,209,209],"floor_reached":50,"campfire_rested":2,"playtime":1446,"current_hp_per_floor":[80,73,73,73,73,73,73,69,69,49,49,55,54,42,42,39,80,76,76,76,76,80,80,68,54,54,27,23,20,20,20,60,20,86,86,86,89,89,89,89,78,57,64,61,61,50,32,34,79],"items_purged":["Defend_R","Madness"],"gold":209,"score":541,"play_id":"d87f4661-1885-4a41-91b0-8b3d983be8e4","local_time":"20180312215851","is_prod":false,"is_daily":false,"is_ascension_mode":false,"campfire_upgraded":6,"timestamp":1520906331,"path_taken":["M","?","?","M","$","R","M","M","T","M","R","M","?","E","R","BOSS","M","$","?","?","M","R","E","M","T","E","M","M","R","M","R","BOSS","M","?","M","?","?","R","?","M","T","M","?","M","M","M","R","BOSS"],"build_version":"2018-03-09","purchased_purges":2,"victory":false,"master_deck":["Strike_R","Strike_R","Strike_R","Strike_R","Strike_R","Bash","Thunderclap+1","Twin Strike","Rampage+1","Perfected Strike+1","Cleave","Pommel Strike","Demon Form+1","Feed","Iron Wave+1","Perfected Strike+1","Perfected Strike+1","Inflame+1","Offering","Madness","Heavy Blade+1","Apotheosis","Perfected Strike","Sword Boomerang+1","Clothesline+1"],"max_hp_per_floor":[80,80,80,80,80,80,80,80,80,80,80,80,80,80,80,80,80,80,80,80,80,80,80,80,83,83,86,86,86,86,86,86,86,86,86,86,89,89,89,89,89,89,96,96,96,99,102,102,102],"relics":["Burning Blood","Bag of Preparation","Toolbox","Oddly Smooth Stone","Runic Dome","Orichalcum","Mummified Hand","Juzu Bracelet","Regal Pillow","Mark of Pain","Strawberry"],"card_choices":[{"not_picked":["Ghostly Armor","Flex"],"picked":"Thunderclap"},{"not_picked":["Metallicize","Evolve"],"picked":"Twin Strike"},{"not_picked":["Havoc","Shrug It Off"],"picked":"Perfected Strike"},{"not_picked":["Armaments","Metallicize"],"picked":"Cleave"},{"not_picked":["Hemokinesis","Reckless Charge"],"picked":"Pommel Strike"},{"not_picked":["Pommel Strike","Warcry"],"picked":"Demon Form"},{"not_picked":["Juggernaut","Dark Embrace"],"picked":"Feed"},{"not_picked":["Shrug It Off","Body Slam"],"picked":"Iron Wave"},{"not_picked":["Sword Boomerang","Thunderclap"],"picked":"Perfected Strike"},{"not_picked":["Warcry","Hemokinesis"],"picked":"Perfected Strike"},{"not_picked":["Infernal Blade","Bloodletting"],"picked":"Inflame"},{"not_picked":["Rupture","Flex"],"picked":"Clash"},{"not_picked":["Exhume","Brutality"],"picked":"Offering"},{"not_picked":["Armaments","Iron Wave"],"picked":"Heavy Blade"},{"not_picked":["Rupture","Thunderclap"],"picked":"Perfected Strike"},{"not_picked":["Flame Barrier","Berserk"],"picked":"Sword Boomerang"},{"not_picked":["Wild Strike","Flex"],"picked":"Clothesline"}],"player_experience":482989,"potions_floor_usage":[16,16,22,29,42,47,50,50,50],"damage_taken":[{"damage":3,"enemies":"Small Slimes","floor":1,"turns":3},{"damage":6,"enemies":"Jaw Worm","floor":4,"turns":3},{"damage":6,"enemies":"Cultist","floor":7,"turns":3},{"damage":10,"enemies":"Looter","floor":8,"turns":2},{"damage":26,"enemies":"Exordium Thugs","floor":10,"turns":4},{"damage":0,"enemies":"Large Slime","floor":12,"turns":3},{"damage":7,"enemies":"2 Fungi Beasts","floor":13,"turns":2},{"damage":18,"enemies":"Lagavulin","floor":14,"turns":3},{"damage":9,"enemies":"Slime Boss","floor":16,"turns":4},{"damage":10,"enemies":"Spheric Guardian","floor":18,"turns":3},{"damage":0,"enemies":"3 Byrds","floor":22,"turns":3},{"damage":18,"enemies":"Book of Stabbing","floor":24,"turns":3},{"damage":23,"enemies":"Centurion and Healer","floor":25,"turns":3},{"damage":36,"enemies":"Slavers","floor":27,"turns":5},{"damage":14,"enemies":"Slaver and Parasite","floor":28,"turns":4},{"damage":9,"enemies":"Snake Plant","floor":29,"turns":2},{"damage":6,"enemies":"Centurion and Healer","floor":31,"turns":2},{"damage":50,"enemies":"Collector","floor":33,"turns":4},{"damage":4,"enemies":"Orb Walker","floor":35,"turns":1},{"damage":3,"enemies":"3 Shapes","floor":37,"turns":2},{"damage":27,"enemies":"Maw","floor":42,"turns":4},{"damage":9,"enemies":"3 Darklings","floor":44,"turns":4},{"damage":20,"enemies":"Sphere and 2 Shapes","floor":46,"turns":3},{"damage":27,"enemies":"4 Shapes","floor":47,"turns":2},{"damage":4,"enemies":"3 Darklings","floor":48,"turns":2},{"damage":79,"enemies":"Time Eater","floor":50,"turns":6}],"event_choices":[{"event_name":"Golden Wing","player_choice":"Card Removal","floor":2,"damage_taken":0},{"event_name":"Purifier","player_choice":"One Purge","floor":20,"damage_taken":0},{"event_name":"The Mausoleum","player_choice":"No","floor":21,"damage_taken":0},{"event_name":"Tomb of Lord Red Mask","player_choice":"Ignored","floor":36,"damage_taken":0},{"event_name":"Mysterious Sphere","player_choice":"Ignore","floor":39,"damage_taken":0},{"event_name":"Winding Halls","player_choice":"Embrace Madness","floor":41,"damage_taken":0}],"boss_relics":[{"not_picked":["Runic Cube","Pandora\u0027s Box"],"picked":"Runic Dome"},{"not_picked":["Calling Bell","Snecko Eye"],"picked":"Mark of Pain"}],"potions_floor_spawned":[1,8,13,14,18,28,31,33,37,46,48],"seed_played":"-3126928862804065504","killed_by":"Time Eater","ascension_level":0,"is_trial":false}