{"gold_per_floor":[111,36,47,59,73,73,73,73,73,73,85,95,95,127,127,127],"floor_reached":16,"playtime":900,"items_purged":["Injury"],"score":204,"play_id":"aac37a22-1f0a-43df-863a-ba2ba68fd3ee","local_time":"20190508192341","is_ascension_mode":true,"campfire_choices":[{"data":"True Grit","floor":6,"key":"SMITH"},{"data":"Seeing Red","floor":8,"key":"SMITH"},{"data":"Bash","floor":13,"key":"SMITH"},{"data":"Anger","floor":15,"key":"SMITH"}],"neow_cost":"CURSE","seed_source_timestamp":1387221485306819,"circlet_count":0,"master_deck":["AscendersBane","Strike_R","Strike_R","Strike_R","Strike_R","Defend_R","Defend_R","Defend_R","Defend_R","Bash+1","Seeing Red+1","True Grit+1","Corruption","Anger+1","Shrug It Off","Armaments"],"relics":["Burning Blood","Unceasing Top","Gremlin Horn"],"potions_floor_usage":[14,14,16],"damage_taken":[{"damage":6,"enemies":"Cultist","floor":1,"turns":4},{"damage":7,"enemies":"Jaw Worm","floor":3,"turns":4},{"damage":3,"enemies":"2 Louse","floor":4,"turns":3},{"damage":16,"enemies":"Blue Slaver","floor":5,"turns":5},{"damage":1,"enemies":"Large Slime","floor":11,"turns":5},{"damage":9,"enemies":"Red Slaver","floor":12,"turns":3},{"damage":41,"enemies":"3 Sentries","floor":14,"turns":11},{"damage":36,"enemies":"Slime Boss","floor":16,"turns":5}],"seed_played":"-1258633383335419772","potions_obtained":[{"floor":4,"key":"Swift Potion"},{"floor":5,"key":"Dexterity Potion"},{"floor":12,"key":"Fire Potion"},{"floor":14,"key":"BloodPotion"}],"is_trial":false,"path_per_floor":["M","$","M","M","M","R","?","R","T","?","M","M","R","E","R","B"],"character_chosen":"IRONCLAD","items_purchased":[],"campfire_rested":0,"item_purchase_floors":[],"current_hp_per_floor":[68,68,67,70,60,60,53,53,53,58,63,60,60,25,25,0],"gold":127,"neow_bonus":"ONE_RARE_RELIC","is_prod":false,"is_daily":false,"chose_seed":false,"campfire_upgraded":4,"win_rate":0,"timestamp":1557357821,"path_taken":["M","$","?","M","M","R","?","R","T","?","M","M","R","E","R","BOSS"],"build_version":"2019-01-23","purchased_purges":1,"victory":false,"max_hp_per_floor":[75,75,75,75,75,75,75,75,75,80,80,80,80,80,80,80],"card_choices":[{"not_picked":["Warcry","Wild Strike"],"picked":"Seeing Red","floor":1},{"not_picked":["Evolve","Flex"],"picked":"True Grit","floor":3},{"not_picked":["Wild Strike","Dropkick"],"picked":"Corruption","floor":4},{"not_picked":["Clash","Searing Blow"],"picked":"Anger","floor":5},{"not_picked":["Inflame","Perfected Strike"],"picked":"Shrug It Off","floor":11},{"not_picked":["Headbutt","Twin Strike"],"picked":"Armaments","floor":12},{"not_picked":["Reckless Charge","Iron Wave","Wild Strike"],"picked":"SKIP","floor":14}],"player_experience":2482749,"relics_obtained":[{"floor":14,"key":"Gremlin Horn"}],"event_choices":[{"cards_removed":["Strike_R"],"damage_healed":0,"gold_gain":0,"player_choice":"Card Removal","damage_taken":7,"max_hp_gain":0,"max_hp_loss":0,"event_name":"Golden Wing","floor":7,"gold_loss":0},{"damage_healed":0,"gold_gain":0,"player_choice":"Donut","damage_taken":0,"max_hp_gain":5,"max_hp_loss":0,"event_name":"Big Fish","floor":10,"gold_loss":0}],"is_beta":false,"boss_relics":[],"items_purged_floors":[2],"is_endless":false,"potions_floor_spawned":[4,5,12,14],"killed_by":"Slime Boss","ascension_level":20}