{"path_per_floor":["M","?","?","$","M","R","E","R","T","M","?","R","?","M","R"],"character_chosen":"DEFECT","items_purchased":["Bandage Up"],"gold_per_floor":[116,116,116,10,25,25,59,59,59,83,83,83,117,133,133,133],"floor_reached":16,"campfire_rested":0,"playtime":448,"item_purchase_floors":[4],"current_hp_per_floor":[57,54,54,54,58,58,34,34,34,31,31,31,19,14,14,0],"items_purged":[],"gold":133,"score":222,"play_id":"ae15559a-1a08-4503-9515-7dad5d5e5b0f","local_time":"20180608223543","is_prod":false,"is_daily":false,"chose_seed":false,"is_ascension_mode":true,"campfire_upgraded":4,"win_rate":0,"timestamp":1528522543,"campfire_choices":[{"data":"Zap","floor":6,"key":"SMITH"},{"data":"Echo Form","floor":8,"key":"SMITH"},{"data":"Bandage Up","floor":12,"key":"SMITH"},{"data":"Stack","floor":15,"key":"SMITH"}],"path_taken":["M","?","?","$","M","R","E","R","T","M","?","R","?","M","R","BOSS"],"build_version":"2018-06-07v2","seed_source_timestamp":29620619497433,"purchased_purges":0,"victory":false,"master_deck":["Strike_B","Strike_B","Strike_B","Defend_B","Defend_B","Defend_B","Defend_B","Zap+1","Dualcast","AscendersBane","Ball Lightning","Bandage Up+1","Stack+1","Echo Form+1","Coolheaded","Coolheaded"],"max_hp_per_floor":[75,75,69,69,69,69,69,69,69,69,69,69,69,69,69,69],"relics":["Cracked Core","Juzu Bracelet","Orichalcum","Golden Idol","Bag of Preparation","Letter Opener","Odd Mushroom"],"card_choices":[{"not_picked":["Blizzard","Beam Cell"],"picked":"Ball Lightning","floor":1},{"not_picked":["Beam Cell","Rip and Tear"],"picked":"Stack","floor":5},{"not_picked":["Sweeping Beam","Rip and Tear"],"picked":"Echo Form","floor":7},{"not_picked":["Stack","Steam","Hologram"],"picked":"SKIP","floor":10},{"not_picked":["Stack","Barrage"],"picked":"Coolheaded","floor":13},{"not_picked":["Sweeping Beam","Beam Cell"],"picked":"Coolheaded","floor":14}],"player_experience":626851,"potions_floor_usage":[],"damage_taken":[{"damage":11,"enemies":"Jaw Worm","floor":1,"turns":4},{"damage":0,"enemies":"2 Louse","floor":5,"turns":3},{"damage":28,"enemies":"Lagavulin","floor":7,"turns":7},{"damage":7,"enemies":"Small Slimes","floor":10,"turns":2},{"damage":18,"floor":13,"turns":4},{"damage":11,"enemies":"3 Louse","floor":14,"turns":2}],"relics_obtained":[{"floor":7,"key":"Bag of Preparation"},{"floor":9,"key":"Letter Opener"},{"floor":13,"key":"Odd Mushroom"}],"event_choices":[{"event_name":"Scrap Ooze","player_choice":"success","floor":2,"damage_taken":3},{"event_name":"Golden Idol","player_choice":"Lose Max HP","floor":3,"damage_taken":0},{"event_name":"Living Wall","player_choice":"Forget","floor":11,"damage_taken":0},{"event_name":"Mushrooms","player_choice":"Fought Mushrooms","floor":13,"damage_taken":0}],"boss_relics":[],"items_purged_floors":[],"potions_floor_spawned":[1,7,10],"seed_played":"4171896161534326188","killed_by":"The Guardian","ascension_level":10,"potions_obtained":[{"floor":1,"key":"Weak Potion"},{"floor":7,"key":"Poison Potion"},{"floor":10,"key":"SpeedPotion"}],"is_trial":false}