{"gold_per_floor":[118,368,368,389,412,448,448,461,538,582,597,597,640,664,664,784,784,802,802,93,118,118,158,177,177,177,177,195,226,226,226,226,226],"floor_reached":33,"playtime":3482,"items_purged":["Regret"],"score":366,"play_id":"bd759b83-4571-4754-9b38-4091a30b64aa","local_time":"20180809192512","is_ascension_mode":true,"campfire_choices":[{"data":"Clothesline","floor":7,"key":"SMITH"},{"floor":12,"key":"REST"},{"floor":15,"key":"REST"},{"floor":25,"key":"REST"},{"data":"1","floor":27,"key":"LIFT"},{"floor":32,"key":"REST"}],"neow_cost":"NONE","seed_source_timestamp":261286609777680,"circlet_count":0,"master_deck":["Strike_R+1","Strike_R+1","Strike_R+1","Strike_R+1","Strike_R+1","Defend_R+1","Defend_R+1","Defend_R+1","Defend_R+1","Bash","Pommel Strike","Armaments","Iron Wave","Clothesline+1","Rupture","Iron Wave","Disarm","Sword Boomerang","Shrug It Off","Reaper","Bloodletting","Shrug It Off+1","Rupture","Thunderclap+1","Sword Boomerang+1","Body Slam+1","Flame Barrier+1","Twin Strike+1"],"relics":["Burning Blood","Vajra","Bloody Idol","Girya","Question Card","Anchor","Lantern","Philosopher\u0027s Stone","Molten Egg 2","Paper Frog","Toxic Egg 2","Letter Opener","Frozen Egg 2","Bag of Preparation"],"potions_floor_usage":[10,10,21,24,29,33],"damage_taken":[{"damage":3,"enemies":"2 Louse","floor":1,"turns":4},{"damage":1,"enemies":"Cultist","floor":4,"turns":3},{"damage":10,"enemies":"Small Slimes","floor":5,"turns":4},{"damage":33,"enemies":"Gremlin Nob","floor":6,"turns":5},{"damage":2,"enemies":"3 Louse","floor":8,"turns":4},{"damage":15,"enemies":"Lagavulin","floor":10,"turns":7},{"damage":3,"enemies":"Large Slime","floor":11,"turns":5},{"damage":20,"enemies":"Gremlin Nob","floor":13,"turns":5},{"damage":17,"enemies":"Lots of Slimes","floor":14,"turns":5},{"damage":38,"enemies":"The Guardian","floor":16,"turns":13},{"damage":3,"enemies":"Chosen","floor":18,"turns":4},{"damage":29,"enemies":"3 Byrds","floor":21,"turns":7},{"damage":56,"enemies":"Slavers","floor":23,"turns":6},{"damage":33,"enemies":"Snake Plant","floor":24,"turns":5},{"damage":7,"enemies":"Centurion and Healer","floor":28,"turns":6},{"damage":20,"enemies":"Book of Stabbing","floor":29,"turns":5},{"damage":77,"enemies":"Automaton","floor":33,"turns":8}],"seed_played":"-3556982919339859764","potions_obtained":[{"floor":6,"key":"SpeedPotion"},{"floor":8,"key":"SpeedPotion"},{"floor":13,"key":"BloodPotion"},{"floor":14,"key":"AttackPotion"},{"floor":18,"key":"Regen Potion"},{"floor":24,"key":"Dexterity Potion"},{"floor":28,"key":"Energy Potion"}],"is_trial":false,"path_per_floor":["M","?","?","M","M","E","R","M","T","E","M","R","E","M","R","B",null,"M","?","$","M","?","E","M","R","T","R","M","E","?","?","R"],"character_chosen":"IRONCLAD","items_purchased":["Paper Frog","Toxic Egg 2","Shrug It Off+1","Rupture"],"campfire_rested":4,"item_purchase_floors":[20,20,20,20],"current_hp_per_floor":[80,80,60,65,61,34,34,38,38,29,32,56,42,31,55,23,80,80,80,80,66,66,34,19,43,43,43,58,44,44,44,68,0],"gold":226,"neow_bonus":"RANDOM_COMMON_RELIC","is_prod":false,"is_daily":false,"chose_seed":false,"campfire_upgraded":1,"win_rate":0,"timestamp":1533857112,"path_taken":["M","?","?","M","M","E","R","M","T","E","M","R","E","?","R","BOSS","M","?","$","M","?","E","M","R","T","R","M","E","?","?","R","BOSS"],"build_version":"2018-08-02","purchased_purges":1,"victory":false,"max_hp_per_floor":[80,80,80,80,80,80,80,80,80,80,80,80,80,80,80,80,80,80,80,80,80,80,80,80,80,80,80,80,80,80,80,80,80],"card_choices":[{"not_picked":["True Grit","Body Slam"],"picked":"Pommel Strike","floor":1},{"not_picked":["Thunderclap","True Grit"],"picked":"Armaments","floor":4},{"not_picked":["Spot Weakness","Armaments"],"picked":"Iron Wave","floor":5},{"not_picked":["Body Slam","Iron Wave"],"picked":"Clothesline","floor":6},{"not_picked":["Combust","Anger"],"picked":"Rupture","floor":8},{"not_picked":["Entrench","Clothesline","Reckless Charge"],"picked":"Iron Wave","floor":10},{"not_picked":["Second Wind","Thunderclap","Clothesline"],"picked":"Disarm","floor":11},{"not_picked":["Combust","Flex","Pommel Strike"],"picked":"Sword Boomerang","floor":13},{"not_picked":["Flex","Ghostly Armor","Seeing Red"],"picked":"Shrug It Off","floor":14},{"not_picked":["Immolate","Barricade","Dark Embrace"],"picked":"Reaper","floor":16},{"not_picked":["Havoc","Perfected Strike","Iron Wave+1"],"picked":"Bloodletting","floor":18},{"not_picked":["Entrench+1","Clash+1","Blood for Blood+1"],"picked":"Thunderclap+1","floor":21},{"not_picked":["Shrug It Off+1","Searing Blow+1","Feel No Pain"],"picked":"Sword Boomerang+1","floor":23},{"not_picked":["Iron Wave+1","Pommel Strike+1","Rupture"],"picked":"Body Slam+1","floor":24},{"not_picked":["Iron Wave+1","Perfected Strike+1","Dual Wield+1"],"picked":"Flame Barrier+1","floor":28},{"not_picked":["Shrug It Off+1","True Grit+1","Clash+1"],"picked":"Twin Strike+1","floor":29}],"player_experience":250227,"relics_obtained":[{"floor":6,"key":"Girya"},{"floor":9,"key":"Question Card"},{"floor":10,"key":"Anchor"},{"floor":13,"key":"Lantern"},{"floor":23,"key":"Letter Opener"},{"floor":26,"key":"Frozen Egg 2"},{"floor":29,"key":"Bag of Preparation"}],"event_choices":[{"event_name":"Golden Shrine","player_choice":"Desecrate","floor":2,"damage_taken":0},{"event_name":"Golden Idol","player_choice":"Take Damage","floor":3,"damage_taken":0},{"event_name":"The Mausoleum","player_choice":"Yes","floor":19,"damage_taken":0},{"event_name":"Vampires","player_choice":"Ignored","floor":22,"damage_taken":0},{"event_name":"Back to Basics","player_choice":"Simplicity","floor":30,"damage_taken":0},{"event_name":"Forgotten Altar","player_choice":"Gave Idol","floor":31,"damage_taken":0}],"is_beta":false,"boss_relics":[{"not_picked":["Lizard Tail","Black Star"],"picked":"Philosopher\u0027s Stone"}],"items_purged_floors":[20],"is_endless":false,"potions_floor_spawned":[6,8,13,14,18,24,28],"killed_by":"Automaton","ascension_level":4}