{"path_per_floor":["M","?","?","$","M","E","M","R","T","?","M","M","$","M","R"],"character_chosen":"IRONCLAD","items_purchased":["Paper Frog","Bludgeon","Heavy Blade","Inflame"],"gold_per_floor":[359,309,559,53,64,94,108,108,131,188,204,221,40,55,55],"floor_reached":16,"campfire_rested":0,"playtime":518,"current_hp_per_floor":[74,74,74,74,68,43,47,47,47,40,46,48,48,54,54],"items_purged":["Regret","Parasite"],"gold":55,"score":158,"play_id":"395ea4a8-9868-464b-a9a1-16867f546afa","local_time":"20180318153005","is_prod":false,"is_daily":false,"is_ascension_mode":true,"campfire_upgraded":2,"timestamp":1521401405,"path_taken":["M","?","?","$","M","E","M","R","T","?","M","M","?","?","R","BOSS"],"build_version":"2018-03-15v3","purchased_purges":2,"victory":false,"master_deck":["Strike_R","Strike_R","Strike_R","Strike_R","Strike_R","Defend_R","Defend_R","Defend_R","Defend_R","Bash+1","Shrug It Off","Bludgeon","Heavy Blade","Cleave","Flex","Thunderclap","Sever Soul","Heavy Blade","Bludgeon","Inflame+1","Sword Boomerang"],"max_hp_per_floor":[80,80,80,80,80,80,80,80,80,80,80,80,77,77,77],"relics":["Burning Blood","Paper Frog","Centennial Puzzle","Bag of Marbles","Anchor"],"card_choices":[{"not_picked":["Spot Weakness","Uppercut"],"picked":"Shrug It Off"},{"not_picked":["True Grit","Reckless Charge"],"picked":"Cleave"},{"not_picked":["Sword Boomerang","Twin Strike"],"picked":"Flex"},{"not_picked":["Rampage","Disarm"],"picked":"Thunderclap"},{"not_picked":["Carnage","Havoc"],"picked":"Sever Soul"},{"not_picked":["Pommel Strike","Cleave"],"picked":"Heavy Blade"},{"not_picked":["Clothesline","Flex"],"picked":"Bludgeon"},{"not_picked":["Rampage","Heavy Blade"],"picked":"Sword Boomerang"}],"player_experience":557746,"potions_floor_usage":[6,10],"damage_taken":[{"damage":4,"enemies":"2 Louse","floor":1,"turns":4},{"damage":12,"enemies":"Small Slimes","floor":5,"turns":3},{"damage":31,"enemies":"3 Sentries","floor":6,"turns":9},{"damage":2,"enemies":"Jaw Worm","floor":7,"turns":3},{"damage":13,"enemies":"Gremlin Nob","floor":10,"turns":3},{"damage":0,"enemies":"Large Slime","floor":11,"turns":4},{"damage":4,"enemies":"Red Slaver","floor":12,"turns":2},{"damage":0,"enemies":"Blue Slaver","floor":14,"turns":2},{"damage":54,"enemies":"Hexaghost","floor":16,"turns":7}],"event_choices":[{"event_name":"The Cleric","player_choice":"Card Removal","floor":2,"damage_taken":0},{"event_name":"Golden Shrine","player_choice":"Desecrate","floor":3,"damage_taken":0},{"event_name":"Dead Adventurer","player_choice":"Searched \u00271\u0027 times","floor":10,"damage_taken":0}],"boss_relics":[],"potions_floor_spawned":[1,7,10,11],"seed_played":"-3453535021460776166","killed_by":"Hexaghost","ascension_level":11,"is_trial":false}