{"path_per_floor":["M","M","M","?","$","R","?","E","T","?","M","R","M","M","R","B",null,"M","M","$","M","$","R","?","R","T"],"character_chosen":"DEFECT","items_purchased":["Blood Vial","Whetstone","Medical Kit","SkillPotion"],"gold_per_floor":[115,135,146,321,90,90,90,125,209,238,251,251,261,277,277,378,378,393,403,56,75,27,27,0,0,26,26],"floor_reached":27,"campfire_rested":1,"playtime":1292,"item_purchase_floors":[5,20,20,22],"current_hp_per_floor":[75,70,69,69,69,69,62,38,38,13,15,37,30,27,27,22,75,49,42,42,22,22,22,22,22,22,0],"items_purged":["Doubt"],"gold":26,"score":213,"play_id":"c94b2e6c-459a-4138-9c9f-9136a242aedc","local_time":"20180613204525","is_prod":false,"is_daily":false,"chose_seed":false,"is_ascension_mode":false,"campfire_upgraded":4,"win_rate":0,"timestamp":1528937125,"campfire_choices":[{"data":"Zap","floor":6,"key":"SMITH"},{"floor":12,"key":"REST"},{"data":"Loop","floor":15,"key":"SMITH"},{"data":"Redo","floor":23,"key":"SMITH"},{"data":"Dualcast","floor":25,"key":"SMITH"}],"path_taken":["M","M","?","?","?","R","?","E","T","?","M","R","?","M","R","BOSS","M","?","$","M","$","R","?","R","T","M"],"build_version":"2018-06-07v3","seed_source_timestamp":65902316980003,"purchased_purges":1,"victory":false,"master_deck":["Strike_B","Strike_B+1","Strike_B","Strike_B+1","Defend_B","Defend_B","Defend_B","Zap+1","Dualcast+1","Loop+1","Sweeping Beam","Amplify","Gash","Cold Snap","Steam","Coolheaded","Reboot","Redo+1","Ball Lightning"],"max_hp_per_floor":[75,75,75,75,75,75,75,75,75,75,75,75,75,75,75,75,75,75,75,75,75,75,75,75,75,75,75],"relics":["Cracked Core","Blood Vial","Bronze Scales","Tiny Chest","Odd Mushroom","Inserter","Whetstone","Medical Kit","Pen Nib"],"card_choices":[{"not_picked":["Barrage","Sweeping Beam"],"picked":"Loop","floor":1},{"not_picked":["Stack","Go for the Eyes"],"picked":"Sweeping Beam","floor":2},{"not_picked":["Sweeping Beam","Aggregate","Rip and Tear"],"picked":"SKIP","floor":3},{"not_picked":["Beam Cell","Auto Shields"],"picked":"Amplify","floor":8},{"not_picked":["Streamline","Beam Cell"],"picked":"Gash","floor":10},{"not_picked":["Beam Cell","Compile Driver"],"picked":"Cold Snap","floor":11},{"not_picked":["Double Energy","Steam Power"],"picked":"Steam","floor":13},{"not_picked":["Aggregate","Beam Cell"],"picked":"Coolheaded","floor":14},{"not_picked":["Hyperbeam","Buffer"],"picked":"Reboot","floor":16},{"not_picked":["Capacitor","Barrage"],"picked":"Redo","floor":18},{"not_picked":["Conserve Battery+1","Turbo"],"picked":"Ball Lightning","floor":19},{"not_picked":["Turbo","Beam Cell","Compile Driver"],"picked":"SKIP","floor":21}],"player_experience":937937,"potions_floor_usage":[11,11,11,16,19,27,27],"damage_taken":[{"damage":0,"enemies":"Cultist","floor":1,"turns":3},{"damage":5,"enemies":"Small Slimes","floor":2,"turns":4},{"damage":1,"enemies":"Jaw Worm","floor":3,"turns":3},{"damage":26,"enemies":"Lagavulin","floor":8,"turns":6},{"damage":27,"floor":10,"turns":3},{"damage":0,"enemies":"3 Louse","floor":11,"turns":2},{"damage":9,"enemies":"2 Fungi Beasts","floor":13,"turns":3},{"damage":5,"enemies":"Looter","floor":14,"turns":3},{"damage":7,"enemies":"Hexaghost","floor":16,"turns":9},{"damage":26,"enemies":"2 Thieves","floor":18,"turns":5},{"damage":9,"enemies":"Chosen","floor":19,"turns":5},{"damage":22,"enemies":"Snecko","floor":21,"turns":4},{"damage":29,"enemies":"Slaver and Parasite","floor":27,"turns":2}],"relics_obtained":[{"floor":8,"key":"Bronze Scales"},{"floor":9,"key":"Tiny Chest"},{"floor":10,"key":"Odd Mushroom"},{"floor":26,"key":"Pen Nib"}],"event_choices":[{"event_name":"Liars Game","player_choice":"agreed","floor":4,"damage_taken":0},{"event_name":"Golden Wing","player_choice":"Card Removal","floor":7,"damage_taken":0},{"event_name":"Mushrooms","player_choice":"Fought Mushrooms","floor":10,"damage_taken":0},{"event_name":"Masked Bandits","player_choice":"Paid Bandits 27 gold","floor":24,"damage_taken":0}],"boss_relics":[{"not_picked":["Black Star","Runic Dome"],"picked":"Inserter"}],"items_purged_floors":[5],"potions_floor_spawned":[1,3,8,11,16,18],"seed_played":"4676880005906351111","killed_by":"Slaver and Parasite","ascension_level":0,"potions_obtained":[{"floor":1,"key":"Energy Potion"},{"floor":3,"key":"FearPotion"},{"floor":8,"key":"SpeedPotion"},{"floor":11,"key":"Dexterity Potion"},{"floor":16,"key":"GamblersBrew"},{"floor":18,"key":"LiquidBronze"}],"is_trial":false}