{"path_per_floor":["M","M","M","$","?","R","?","E","T","M","M","R","M","?","R","B",null,"M","$","M","?","M","R","?","M","T","M","?","R","?","M","R","B",null,"M","M","$","M","?","R","?","M","T","R","M"],"character_chosen":"THE_SILENT","items_purchased":["Bandage Up","Noxious Fumes","Poison Potion","Noxious Fumes","Apotheosis"],"gold_per_floor":[117,132,146,41,41,41,41,68,68,85,95,95,111,111,111,207,207,227,34,54,54,73,73,73,92,119,136,136,136,136,150,150,248,248,259,270,23,41,41,41,41,60,60,60,73,73],"floor_reached":46,"campfire_rested":1,"playtime":1783,"current_hp_per_floor":[64,64,64,64,64,64,64,46,46,38,38,38,38,43,43,27,75,62,62,44,44,44,44,44,24,24,39,39,39,39,28,28,19,75,62,45,45,13,32,32,32,10,10,32,13,0],"items_purged":["Strike_G"],"gold":73,"score":424,"play_id":"25c0c4a6-4912-491a-8ad2-4ad009111c56","local_time":"20180408153648","is_prod":false,"is_daily":false,"is_ascension_mode":false,"campfire_upgraded":7,"timestamp":1523216208,"path_taken":["M","M","M","$","?","R","?","E","T","M","M","R","M","?","R","BOSS","M","$","M","?","M","R","?","M","T","M","?","R","?","M","R","BOSS","M","M","$","?","?","R","?","M","T","R","M","M"],"build_version":"2018-04-05v2","purchased_purges":1,"victory":false,"master_deck":["Defend_G+1","Defend_G+1","Defend_G+1","Defend_G+1","Defend_G+1","Strike_G+1","Strike_G+1","Strike_G+1","Strike_G+1","Survivor","Neutralize","Flying Knee","Dagger Spray+1","Deadly Poison+1","Bandage Up","Caltrops+1","Deadly Poison+1","Doppelganger+1","Flying Knee+1","Noxious Fumes+1","Bouncing Flask+1","Venomology","Crippling Poison+1","Noxious Fumes","Apotheosis+1","Backflip+1","Writhe","Footwork","PiercingWail"],"max_hp_per_floor":[70,70,70,70,70,70,70,70,70,70,70,70,70,75,75,75,75,75,75,75,75,75,75,75,75,75,75,75,75,75,75,75,75,75,75,75,75,75,75,75,75,75,75,75,75,75],"relics":["Lizard Tail"],"card_choices":[{"not_picked":["Choke","Eviscerate"],"picked":"Flying Knee","floor":1},{"not_picked":["Burst","Distraction"],"picked":"Dagger Spray","floor":2},{"not_picked":["Choke","Poisoned Stab"],"picked":"Deadly Poison","floor":3},{"not_picked":["Slice","Crippling Poison"],"picked":"Caltrops","floor":8},{"not_picked":["Deflect","PiercingWail"],"picked":"Dash","floor":10},{"not_picked":["Flechettes","Cloak And Dagger"],"picked":"Deadly Poison","floor":11},{"not_picked":["Phantasmal Killer","Storm of Steel"],"picked":"Doppelganger","floor":16},{"not_picked":["Endless Agony","Outmaneuver"],"picked":"Flying Knee","floor":18},{"not_picked":["Prepared","Dash"],"picked":"Bouncing Flask","floor":25},{"not_picked":["Glass Knife","Tools of the Trade"],"picked":"Venomology","floor":33},{"not_picked":["Quick Slash","Bane"],"picked":"Crippling Poison","floor":35},{"not_picked":["Deadly Poison","Sucker Punch"],"picked":"Backflip","floor":38},{"not_picked":["Venomology","Flechettes"],"picked":"Footwork","floor":42},{"not_picked":["Cloak And Dagger","Slice"],"picked":"PiercingWail","floor":45}],"player_experience":760351,"potions_floor_usage":[8,8,16,18,20,25,25,27,31,36,42,42,45,45,45,46,46],"damage_taken":[{"damage":6,"enemies":"Small Slimes","floor":1,"turns":3},{"damage":0,"enemies":"Cultist","floor":2,"turns":4},{"damage":0,"enemies":"2 Louse","floor":3,"turns":2},{"damage":22,"enemies":"Gremlin Nob","floor":8,"turns":4},{"damage":12,"enemies":"Exordium Thugs","floor":10,"turns":4},{"damage":0,"enemies":"2 Fungi Beasts","floor":11,"turns":3},{"damage":4,"enemies":"Red Slaver","floor":13,"turns":4},{"damage":35,"enemies":"Hexaghost","floor":16,"turns":9},{"damage":13,"enemies":"Spheric Guardian","floor":18,"turns":5},{"damage":22,"enemies":"Shell Parasite","floor":20,"turns":5},{"damage":4,"enemies":"Snecko","floor":22,"turns":6},{"damage":24,"enemies":"Centurion and Healer","floor":25,"turns":7},{"damage":4,"enemies":"Cultist and Chosen","floor":27,"turns":6},{"damage":15,"enemies":"Sentry and Sphere","floor":31,"turns":5},{"damage":53,"enemies":"Collector","floor":33,"turns":7},{"damage":13,"enemies":"3 Shapes","floor":35,"turns":4},{"damage":21,"enemies":"3 Darklings","floor":36,"turns":4},{"damage":38,"enemies":"Sphere and 2 Shapes","floor":38,"turns":7},{"damage":37,"enemies":"4 Shapes","floor":42,"turns":5},{"damage":23,"enemies":"Maw","floor":45,"turns":8},{"damage":20,"enemies":"3 Darklings","floor":46,"turns":3}],"event_choices":[{"event_name":"Accursed Blacksmith","player_choice":"Forge","floor":5,"damage_taken":0},{"event_name":"The Lab","player_choice":"Got Potions","floor":7,"damage_taken":0},{"event_name":"Big Fish","player_choice":"Donut","floor":14,"damage_taken":0},{"event_name":"The Mausoleum","player_choice":"No","floor":21,"damage_taken":0},{"event_name":"Vampires","player_choice":"Ignored","floor":24,"damage_taken":0},{"event_name":"Cursed Tome","player_choice":"Ignored","floor":28,"damage_taken":0},{"event_name":"Back to Basics","player_choice":"Simplicity","floor":30,"damage_taken":0},{"event_name":"Winding Halls","player_choice":"Writhe","floor":39,"damage_taken":0}],"boss_relics":[{"not_picked":["Orrery","Tiny House","Pandora\u0027s Box"]},{"not_picked":["Orrery","Tiny House","Pandora\u0027s Box"]}],"potions_floor_spawned":[1,2,8,10,22,25,27,38,42,45],"seed_played":"7203928188298062430","killed_by":"3 Darklings","ascension_level":0,"is_trial":false}