{"gold_per_floor":[109,59,59,59,69,69,103,115,127,173,360,35,35,45,45,150,150,160,177,177,188,37,37,72,83,83,101,101,118,129,129,129,229,229,240,43,56,72,72,99,99,24,98,133,149,0,10,44,44,44,44,44,20,46,46],"floor_reached":55,"playtime":2687,"items_purged":["Doubt"],"score":885,"play_id":"0617585c-2197-4ecc-afa0-b7248df09a10","local_time":"20190331045525","is_ascension_mode":false,"campfire_choices":[{"data":"Bouncing Flask","floor":6,"key":"SMITH"},{"data":"Masterful Stab","floor":8,"key":"SMITH"},{"data":"Cloak And Dagger","floor":13,"key":"SMITH"},{"data":"Leg Sweep","floor":15,"key":"SMITH"},{"data":"Calculated Gamble","floor":23,"key":"SMITH"},{"floor":28,"key":"REST"},{"floor":32,"key":"RECALL"},{"data":"After Image","floor":41,"key":"SMITH"},{"data":"Cloak And Dagger","floor":49,"key":"SMITH"},{"data":"Crippling Poison","floor":52,"key":"SMITH"}],"neow_cost":"NONE","seed_source_timestamp":1219636806243765,"circlet_count":0,"master_deck":["Defend_G","Defend_G","Defend_G","Defend_G","Defend_G","Strike_G","Survivor","Neutralize+1","Skewer+1","Bouncing Flask+1","Masterful Stab+1","Cloak And Dagger+1","Leg Sweep+1","Backstab","Backflip","Envenom+1","Caltrops+1","Calculated Gamble+1","Blade Dance+1","Catalyst+1","Cloak And Dagger+1","Dagger Throw+1","Leg Sweep","After Image+1","Backstab+1","Slice+1","Tools of the Trade+1","Finisher+1","PiercingWail+1","Blade Dance+1","Crippling Poison+1","Slice+1","Cloak And Dagger+1","Backflip+1","Accuracy+1","Deadly Poison","Catalyst"],"relics":["Ring of the Snake","NeowsBlessing","MawBank","Anchor","Nunchaku","Snake Skull","WristBlade","Vajra","Happy Flower","Astrolabe","TwistedFunnel","PreservedInsect","Pear","Regal Pillow","Red Mask","Ancient Tea Set","Lantern"],"potions_floor_usage":[16,16,25,33,35,38,38,44,50,55],"damage_taken":[{"damage":0,"enemies":"2 Louse","floor":1,"turns":1},{"damage":0,"enemies":"Small Slimes","floor":5,"turns":1},{"damage":0,"enemies":"Lagavulin","floor":7,"turns":1},{"damage":42,"enemies":"3 Sentries","floor":10,"turns":9},{"damage":0,"enemies":"Cultist","floor":14,"turns":1},{"damage":0,"enemies":"Hexaghost","floor":16,"turns":6},{"damage":0,"enemies":"Shell Parasite","floor":18,"turns":4},{"damage":0,"enemies":"Chosen","floor":19,"turns":3},{"damage":1,"enemies":"Snecko","floor":21,"turns":3},{"damage":41,"enemies":"Slavers","floor":24,"turns":5},{"damage":0,"enemies":"Centurion and Healer","floor":25,"turns":2},{"damage":0,"enemies":"Chosen and Byrds","floor":27,"turns":3},{"damage":6,"enemies":"Shelled Parasite and Fungi","floor":29,"turns":4},{"damage":0,"enemies":"Centurion and Healer","floor":30,"turns":3},{"damage":27,"enemies":"Automaton","floor":33,"turns":9},{"damage":0,"enemies":"3 Darklings","floor":35,"turns":4},{"damage":0,"enemies":"Orb Walker","floor":37,"turns":1},{"damage":0,"enemies":"Spire Growth","floor":38,"turns":2},{"damage":3,"enemies":"Giant Head","floor":40,"turns":5},{"damage":9,"enemies":"Reptomancer","floor":44,"turns":5},{"damage":11,"enemies":"Writhing Mass","floor":45,"turns":4},{"damage":0,"enemies":"Jaw Worm Horde","floor":47,"turns":3},{"damage":0,"enemies":"Giant Head","floor":48,"turns":5},{"damage":51,"enemies":"Awakened One","floor":50,"turns":12},{"damage":4,"enemies":"Shield and Spear","floor":54,"turns":5},{"damage":76,"enemies":"The Heart","floor":55,"turns":9}],"seed_played":"1471016875899971526","potions_obtained":[{"floor":1,"key":"LiquidBronze"},{"floor":5,"key":"LiquidBronze"},{"floor":10,"key":"SpeedPotion"},{"floor":18,"key":"SteroidPotion"},{"floor":24,"key":"Regen Potion"},{"floor":31,"key":"Ancient Potion"},{"floor":31,"key":"Explosive Potion"},{"floor":33,"key":"AttackPotion"},{"floor":35,"key":"Swift Potion"},{"floor":38,"key":"Swift Potion"},{"floor":40,"key":"SteroidPotion"},{"floor":44,"key":"Poison Potion"}],"is_trial":false,"path_per_floor":["M","?","?","?","M","R","E","R","T","E","?","$","R","M","R","B",null,"M","M","?","M","$","R","E","M","T","M","R","M","M","?","R","B",null,"M","$","M","M","?","E","R","$","T","E","M","?","M","E","R","B",null,"R","$","E","B"],"character_chosen":"THE_SILENT","items_purchased":["Snake Skull","Leg Sweep","Backstab","Vajra","TwistedFunnel","GhostInAJar","Deadly Poison"],"campfire_rested":1,"item_purchase_floors":[12,12,12,22,36,42,53],"current_hp_per_floor":[70,70,70,70,70,70,70,70,70,28,28,28,28,28,28,28,70,70,70,70,69,69,69,28,37,37,37,58,52,52,52,52,25,70,70,70,70,70,70,67,67,67,77,68,57,57,57,57,57,6,80,80,80,76,0],"gold":46,"neow_bonus":"THREE_ENEMY_KILL","is_prod":false,"is_daily":false,"chose_seed":false,"campfire_upgraded":8,"win_rate":0,"timestamp":1554022525,"path_taken":["M","?","?","?","?","R","E","R","T","E","?","$","R","M","R","BOSS","M","M","?","M","$","R","E","?","T","M","R","M","M","?","R","BOSS","M","$","?","M","?","E","R","?","T","E","M","?","M","E","R","BOSS","R","$","E","BOSS"],"build_version":"2019-01-23","purchased_purges":1,"victory":false,"max_hp_per_floor":[70,70,70,70,70,70,70,70,70,70,70,70,70,70,70,70,70,70,70,70,70,70,70,70,70,70,70,70,70,70,70,70,70,70,70,70,70,70,70,70,70,70,80,80,80,80,80,80,80,80,80,80,80,80,80],"card_choices":[{"not_picked":["Reflex","Backflip"],"picked":"Skewer","floor":1},{"not_picked":["Predator","Deadly Poison"],"picked":"Bouncing Flask","floor":5},{"not_picked":["Flying Knee","Prepared"],"picked":"Masterful Stab","floor":7},{"not_picked":["Calculated Gamble","Tactician"],"picked":"Cloak And Dagger","floor":10},{"not_picked":["Quick Slash","Deadly Poison"],"picked":"Backflip","floor":14},{"not_picked":["Doppelganger","Venomology"],"picked":"Envenom","floor":16},{"not_picked":["Blade Dance","Outmaneuver+1"],"picked":"Caltrops+1","floor":18},{"not_picked":["Caltrops","Dagger Spray"],"picked":"Calculated Gamble","floor":19},{"not_picked":["Backstab+1","Reflex"],"picked":"Blade Dance+1","floor":21},{"not_picked":["Backflip","Setup"],"picked":"Catalyst+1","floor":24},{"not_picked":["Prepared","Bane"],"picked":"Cloak And Dagger","floor":25},{"not_picked":["Dagger Spray","Flying Knee"],"picked":"Dagger Throw+1","floor":27},{"not_picked":["Bane","Dagger Spray"],"picked":"Leg Sweep","floor":29},{"not_picked":["Eviscerate","Venomology","Outmaneuver"],"picked":"SKIP","floor":30},{"not_picked":["Die Die Die","Doppelganger"],"picked":"After Image","floor":33},{"not_picked":["Prepared","Dagger Spray+1"],"picked":"Finisher+1","floor":35},{"not_picked":["All Out Attack+1","Dagger Throw+1"],"picked":"PiercingWail+1","floor":37},{"not_picked":["Crippling Poison","Acrobatics"],"picked":"Blade Dance+1","floor":38},{"not_picked":["Finisher+1","Underhanded Strike"],"picked":"Crippling Poison","floor":40},{"not_picked":["Underhanded Strike","Tools of the Trade"],"picked":"Slice+1","floor":44},{"not_picked":["Acrobatics","Setup"],"picked":"Cloak And Dagger+1","floor":45},{"not_picked":["Dodge and Roll","Skewer"],"picked":"Backflip+1","floor":47},{"not_picked":["Bane+1","Backstab+1"],"picked":"Accuracy+1","floor":48},{"not_picked":["Deadly Poison","Dodge and Roll"],"picked":"Catalyst","floor":54}],"player_experience":1506637,"relics_obtained":[{"floor":7,"key":"MawBank"},{"floor":9,"key":"Anchor"},{"floor":10,"key":"Nunchaku"},{"floor":24,"key":"Happy Flower"},{"floor":40,"key":"PreservedInsect"},{"floor":43,"key":"Pear"},{"floor":44,"key":"Regal Pillow"},{"floor":48,"key":"Ancient Tea Set"},{"floor":54,"key":"Lantern"}],"event_choices":[{"cards_removed":["Strike_G"],"damage_healed":0,"gold_gain":0,"player_choice":"Card Removal","damage_taken":0,"max_hp_gain":0,"max_hp_loss":0,"event_name":"The Cleric","floor":2,"gold_loss":50},{"damage_healed":0,"gold_gain":0,"player_choice":"Grow","damage_taken":0,"max_hp_gain":0,"max_hp_loss":0,"event_name":"Living Wall","floor":3,"gold_loss":0,"cards_upgraded":["Neutralize"]},{"damage_healed":0,"gold_gain":0,"player_choice":"Upgraded","damage_taken":0,"max_hp_gain":0,"max_hp_loss":0,"event_name":"Upgrade Shrine","floor":4,"gold_loss":0,"cards_upgraded":["Skewer"]},{"damage_healed":0,"gold_gain":175,"player_choice":"AGREE","damage_taken":0,"max_hp_gain":0,"max_hp_loss":0,"event_name":"Liars Game","floor":11,"gold_loss":0,"cards_obtained":["Doubt"]},{"damage_healed":0,"gold_gain":0,"player_choice":"Upgraded","damage_taken":0,"max_hp_gain":0,"max_hp_loss":0,"event_name":"Upgrade Shrine","floor":20,"gold_loss":0,"cards_upgraded":["Envenom"]},{"damage_healed":0,"gold_gain":0,"player_choice":"Got Potions","damage_taken":0,"max_hp_gain":0,"max_hp_loss":0,"event_name":"Lab","floor":31,"gold_loss":0},{"damage_healed":0,"gold_gain":0,"player_choice":"Ignored","damage_taken":0,"max_hp_gain":0,"max_hp_loss":0,"event_name":"SecretPortal","floor":39,"gold_loss":0},{"damage_healed":0,"gold_gain":0,"player_choice":"Paid","damage_taken":0,"relics_obtained":["Red Mask"],"max_hp_gain":0,"max_hp_loss":0,"event_name":"Tomb of Lord Red Mask","floor":46,"gold_loss":149}],"is_beta":false,"boss_relics":[{"not_picked":["Lizard Tail","Empty Cage"],"picked":"WristBlade"},{"not_picked":["Calling Bell","Runic Pyramid"],"picked":"Astrolabe"}],"items_purged_floors":[12],"is_endless":false,"potions_floor_spawned":[1,5,10,18,24,33,35,38,40,44],"killed_by":"The Heart","ascension_level":0}