{"gold_per_floor":[115,127,127,142,142,142,176,33,33,49,49,8,26,26,26,101,101,121,138,156,71,71,71,104,104,104,132,148,182,232,251,251,328,328,346,198,217,217,117,146,83,114,114,148,148,183,196,196,196,196,196,196,48,77,77],"floor_reached":56,"playtime":2053,"items_purged":["Strike_G","Strike_G"],"score":2199,"play_id":"6d3f5c35-e782-4b87-b917-6093d348ee19","local_time":"20190320001617","is_ascension_mode":true,"campfire_choices":[{"data":"Sucker Punch","floor":6,"key":"SMITH"},{"floor":11,"key":"REST"},{"data":"Noxious Fumes","floor":15,"key":"SMITH"},{"data":"Catalyst","floor":23,"key":"SMITH"},{"data":"Footwork","floor":25,"key":"SMITH"},{"floor":32,"key":"REST"},{"floor":45,"key":"RECALL"},{"data":"Leg Sweep","floor":49,"key":"SMITH"},{"data":"Corpse Explosion","floor":52,"key":"SMITH"}],"neow_cost":"NONE","seed_source_timestamp":564041759359193,"circlet_count":0,"master_deck":["AscendersBane","Defend_G","Defend_G","Defend_G","Defend_G","Survivor","Neutralize+1","Sucker Punch+1","PiercingWail","Footwork+1","PiercingWail","Bouncing Flask","Noxious Fumes+1","Adrenaline","Bouncing Flask+1","Backflip","Catalyst+1","Dash+1","Corpse Explosion+1","Noxious Fumes","Backflip+1","Dodge and Roll","Leg Sweep+1","Poisoned Stab","Wraith Form v2"],"relics":["Ring of the Snake","Paper Crane","Matryoshka","Velvet Choker","Pocketwatch","Bronze Scales","Bag of Preparation","Singing Bowl","Bottled Tornado","Prayer Wheel","Orrery","Oddly Smooth Stone","MawBank","Happy Flower","Omamori","Meat on the Bone","Art of War","Snake Skull"],"potions_floor_usage":[16,27,29,33,55,55],"damage_taken":[{"damage":0,"enemies":"Small Slimes","floor":1,"turns":4},{"damage":6,"enemies":"Cultist","floor":2,"turns":4},{"damage":0,"enemies":"2 Louse","floor":4,"turns":3},{"damage":44,"enemies":"Gremlin Nob","floor":7,"turns":6},{"damage":1,"enemies":"Large Slime","floor":10,"turns":8},{"damage":0,"enemies":"Gremlin Gang","floor":13,"turns":6},{"damage":1,"enemies":"Hexaghost","floor":16,"turns":9},{"damage":0,"enemies":"Shell Parasite","floor":18,"turns":5},{"damage":1,"enemies":"2 Thieves","floor":19,"turns":4},{"damage":0,"enemies":"Centurion and Healer","floor":20,"turns":7},{"damage":9,"enemies":"Gremlin Leader","floor":24,"turns":6},{"damage":4,"enemies":"Book of Stabbing","floor":27,"turns":4},{"damage":0,"enemies":"Shelled Parasite and Fungi","floor":28,"turns":7},{"damage":23,"enemies":"Gremlin Leader","floor":29,"turns":5},{"damage":1,"enemies":"Cultist and Chosen","floor":31,"turns":5},{"damage":7,"enemies":"Collector","floor":33,"turns":7},{"damage":0,"enemies":"Orb Walker","floor":35,"turns":3},{"damage":0,"enemies":"3 Darklings","floor":37,"turns":3},{"damage":1,"enemies":"Nemesis","floor":40,"turns":7},{"damage":0,"enemies":"Giant Head","floor":42,"turns":7},{"damage":25,"enemies":"Reptomancer","floor":44,"turns":6},{"damage":0,"enemies":"Nemesis","floor":46,"turns":7},{"damage":4,"enemies":"Transient","floor":47,"turns":5},{"damage":1,"enemies":"Time Eater","floor":50,"turns":8},{"damage":18,"enemies":"Shield and Spear","floor":54,"turns":5},{"damage":6,"enemies":"The Heart","floor":55,"turns":7}],"seed_played":"6725039885471107555","potions_obtained":[{"floor":13,"key":"Poison Potion"},{"floor":16,"key":"Ancient Potion"},{"floor":19,"key":"LiquidBronze"},{"floor":28,"key":"EssenceOfSteel"},{"floor":29,"key":"Swift Potion"},{"floor":33,"key":"LiquidBronze"},{"floor":54,"key":"SkillPotion"}],"is_trial":false,"path_per_floor":["M","M","?","M","?","R","E","$","T","M","R","$","M","$","R","B",null,"M","M","M","?","$","R","E","R","T","E","M","E","?","M","R","B",null,"M","$","M","?","$","E","$","E","T","E","R","E","M","?","R","B",null,"R","$","E","B",null],"character_chosen":"THE_SILENT","items_purchased":["Footwork","Bouncing Flask","Oddly Smooth Stone","GhostInAJar","Wraith Form v2"],"campfire_rested":2,"item_purchase_floors":[8,12,36,41,53],"current_hp_per_floor":[59,53,46,46,46,46,2,2,2,1,20,20,20,20,20,19,54,54,53,53,53,53,53,44,44,44,42,44,21,21,24,46,39,73,75,75,77,77,77,78,78,80,80,55,55,57,57,57,57,56,86,86,86,70,64],"gold":77,"neow_bonus":"UPGRADE_CARD","is_prod":false,"is_daily":false,"chose_seed":false,"campfire_upgraded":6,"win_rate":0,"timestamp":1553055377,"path_taken":["M","M","?","M","?","R","E","$","T","?","R","?","M","$","R","BOSS","M","?","M","?","$","R","E","R","T","E","M","E","?","M","R","BOSS","M","$","?","?","$","E","$","E","T","E","R","E","M","?","R","BOSS","R","$","E","BOSS"],"build_version":"2019-03-15","purchased_purges":2,"victory":true,"max_hp_per_floor":[66,66,66,66,66,66,66,66,66,66,66,66,66,66,66,66,66,66,66,66,66,66,66,66,66,66,68,70,70,70,74,74,74,82,84,84,86,86,86,88,88,90,90,90,90,92,96,96,96,96,96,96,96,98,98],"card_choices":[{"not_picked":["Prepared","Blade Dance","Bane"],"picked":"SKIP","floor":1},{"not_picked":["Outmaneuver","Eviscerate","Prepared"],"picked":"SKIP","floor":2},{"not_picked":["Reflex","Heel Hook"],"picked":"Sucker Punch","floor":4},{"not_picked":["Calculated Gamble","Distraction"],"picked":"PiercingWail","floor":7},{"not_picked":["Wraith Form v2","Underhanded Strike"],"picked":"PiercingWail","floor":10},{"not_picked":["Poisoned Stab","Outmaneuver"],"picked":"Noxious Fumes","floor":13},{"not_picked":["Venomology","Bullet Time"],"picked":"Adrenaline","floor":16},{"not_picked":["Deadly Poison","Sucker Punch"],"picked":"Bouncing Flask+1","floor":18},{"not_picked":["Poisoned Stab","Prepared"],"picked":"Backflip","floor":19},{"not_picked":["Bane","Riddle With Holes"],"picked":"Catalyst","floor":20},{"not_picked":["Acrobatics","Flying Knee+1","Bullet Time"],"picked":"SKIP","floor":24},{"not_picked":["Outmaneuver","Predator+1","Dagger Throw"],"picked":"Singing Bowl","floor":27},{"not_picked":["Setup+1","Eviscerate+1","Distraction"],"picked":"Singing Bowl","floor":28},{"not_picked":["Choke+1","Tactician"],"picked":"Dash+1","floor":29},{"not_picked":["All Out Attack","Reflex","Eviscerate"],"picked":"Singing Bowl","floor":31},{"not_picked":["Backflip","Deadly Poison","Cloak And Dagger+1"],"picked":"Singing Bowl","floor":31},{"not_picked":["Tools of the Trade","Envenom"],"picked":"Corpse Explosion","floor":33},{"not_picked":["Tactician+1","Prepared+1","Blade Dance"],"picked":"Singing Bowl","floor":34},{"not_picked":["Quick Slash","Bouncing Flask","Sucker Punch"],"picked":"Singing Bowl","floor":34},{"not_picked":["Blade Dance","Slice","Flying Knee"],"picked":"Singing Bowl","floor":34},{"not_picked":["Dagger Throw","Tactician","Acrobatics"],"picked":"Singing Bowl","floor":34},{"not_picked":["Acrobatics","Poisoned Stab+1"],"picked":"Noxious Fumes","floor":34},{"not_picked":["Calculated Gamble","Dagger Spray+1"],"picked":"Backflip+1","floor":35},{"not_picked":["Flying Knee+1","Noxious Fumes","Sucker Punch"],"picked":"Singing Bowl","floor":35},{"not_picked":["Escape Plan+1","Terror+1","Heel Hook"],"picked":"Singing Bowl","floor":37},{"not_picked":["PiercingWail","Endless Agony+1"],"picked":"Dodge and Roll","floor":37},{"not_picked":["Deflect","Flying Knee","Endless Agony+1"],"picked":"Singing Bowl","floor":40},{"not_picked":["Escape Plan","Poisoned Stab","Concentrate"],"picked":"Singing Bowl","floor":42},{"not_picked":["Tactician","Skewer"],"picked":"Leg Sweep","floor":44},{"not_picked":["Grand Finale","Backstab","Distraction"],"picked":"Singing Bowl","floor":46},{"not_picked":["Outmaneuver","Dagger Throw+1","Blade Dance"],"picked":"Singing Bowl","floor":47},{"not_picked":["Bouncing Flask","Accuracy+1","Blade Dance+1"],"picked":"Singing Bowl","floor":47},{"not_picked":["All Out Attack+1","Flechettes","Eviscerate"],"picked":"Singing Bowl","floor":54}],"player_experience":2233023,"relics_obtained":[{"floor":7,"key":"Paper Crane"},{"floor":9,"key":"Matryoshka"},{"floor":24,"key":"Bronze Scales"},{"floor":26,"key":"Bag of Preparation"},{"floor":26,"key":"Singing Bowl"},{"floor":27,"key":"Bottled Tornado"},{"floor":29,"key":"Prayer Wheel"},{"floor":40,"key":"MawBank"},{"floor":42,"key":"Happy Flower"},{"floor":43,"key":"Omamori"},{"floor":44,"key":"Meat on the Bone"},{"floor":46,"key":"Art of War"},{"floor":54,"key":"Snake Skull"}],"event_choices":[{"cards_removed":["Strike_G"],"damage_healed":0,"gold_gain":0,"player_choice":"Card Removal","damage_taken":7,"max_hp_gain":0,"max_hp_loss":0,"event_name":"Golden Wing","floor":3,"gold_loss":0},{"cards_removed":["Defend_G"],"damage_healed":0,"gold_gain":0,"player_choice":"Purged","damage_taken":0,"max_hp_gain":0,"max_hp_loss":0,"event_name":"Purifier","floor":5,"gold_loss":0},{"damage_healed":0,"gold_gain":0,"player_choice":"Obtained Relic","damage_taken":0,"relics_obtained":["Pocketwatch"],"max_hp_gain":0,"max_hp_loss":0,"event_name":"Addict","floor":21,"gold_loss":85},{"damage_healed":0,"gold_gain":50,"player_choice":"Pray","damage_taken":0,"max_hp_gain":0,"max_hp_loss":0,"event_name":"Golden Shrine","floor":30,"gold_loss":0},{"cards_removed":["Strike_G"],"damage_healed":0,"gold_gain":0,"player_choice":"Removed Attack","damage_taken":0,"max_hp_gain":0,"max_hp_loss":0,"event_name":"Falling","floor":38,"gold_loss":0},{"damage_healed":0,"gold_gain":0,"cards_transformed":["Strike_G"],"player_choice":"Transformed","damage_taken":0,"max_hp_gain":0,"max_hp_loss":0,"event_name":"Transmorgrifier","floor":48,"gold_loss":0,"cards_obtained":["Poisoned Stab"]}],"is_beta":true,"boss_relics":[{"not_picked":["White Beast Statue","HoveringKite"],"picked":"Velvet Choker"},{"not_picked":["Sozu","Tiny House"],"picked":"Orrery"}],"items_purged_floors":[8,39],"is_endless":false,"potions_floor_spawned":[13,16,19,28,29,31,33,35,47,54],"ascension_level":15}