{"gold_per_floor":[114,134,209,209,226,257,257,285,364,395,395,421,170,204,204,276,276,291,143,159,259,259,291,36,64,140,151,151,176,206,238,238,317,317,329,341,354,372,60,92,92,92,92,92,417,417,428,447,447,447,447,447,95,121,121],"floor_reached":56,"playtime":2621,"items_purged":["Regret","Strike_R","Strike_R+1"],"score":2375,"play_id":"0b94d5f1-0f73-4c4f-8f4f-054dd8854d0e","local_time":"20190407150947","is_ascension_mode":true,"campfire_choices":[{"floor":7,"key":"REST"},{"floor":11,"key":"REST"},{"floor":15,"key":"REST"},{"data":"Armaments","floor":28,"key":"SMITH"},{"floor":32,"key":"DIG"},{"floor":42,"key":"RECALL"},{"floor":44,"key":"DIG"},{"floor":46,"key":"DIG"},{"data":"1","floor":49,"key":"LIFT"},{"floor":52,"key":"DIG"}],"neow_cost":"CURSE","seed_source_timestamp":2172406474300190,"circlet_count":0,"master_deck":["AscendersBane","Strike_R+1","Defend_R+1","Defend_R+1","Defend_R","Defend_R","Bash","Feed","Sword Boomerang","Armaments+1","Pommel Strike+1","Headbutt+1","Disarm","Offering","Feed+1","Shockwave","Uppercut+1","Shrug It Off","Spot Weakness","Twin Strike+1","Shockwave","Corruption","Shrug It Off","Clothesline+1","Disarm","Demon Form","Bludgeon+1","Heavy Blade+1","Feel No Pain","Dark Embrace"],"relics":["Burning Blood","Molten Egg 2","Matryoshka","Blue Candle","Whetstone","The Courier","War Paint","Turnip","Orichalcum","Snecko Eye","WingedGreaves","Meat on the Bone","Vajra","PreservedInsect","Torii","Question Card","Self Forming Clay","Potion Belt","Shovel","Regal Pillow","Nunchaku","Sozu","Paper Frog","Anchor","Ancient Tea Set","Shuriken","Old Coin","Girya","Pear","Happy Flower","Mummified Hand"],"potions_floor_usage":[6,14,14,14,16,16,21,21,50,55,55,55],"damage_taken":[{"damage":9,"enemies":"Cultist","floor":1,"turns":3},{"damage":9,"enemies":"Jaw Worm","floor":2,"turns":3},{"damage":4,"enemies":"2 Louse","floor":5,"turns":2},{"damage":34,"enemies":"Lagavulin","floor":6,"turns":6},{"damage":38,"enemies":"3 Sentries","floor":8,"turns":9},{"damage":9,"enemies":"Gremlin Nob","floor":10,"turns":3},{"damage":29,"enemies":"Lagavulin","floor":12,"turns":7},{"damage":23,"enemies":"3 Sentries","floor":14,"turns":6},{"damage":30,"enemies":"Slime Boss","floor":16,"turns":15},{"damage":16,"enemies":"Chosen","floor":18,"turns":6},{"damage":3,"enemies":"Spheric Guardian","floor":20,"turns":3},{"damage":18,"enemies":"Colosseum Slavers","floor":21,"turns":6},{"damage":14,"enemies":"Colosseum Nobs","floor":21,"turns":6},{"damage":23,"enemies":"Slavers","floor":23,"turns":5},{"damage":4,"enemies":"Gremlin Leader","floor":25,"turns":4},{"damage":2,"enemies":"Centurion and Healer","floor":27,"turns":6},{"damage":7,"enemies":"Slavers","floor":29,"turns":4},{"damage":10,"enemies":"Book of Stabbing","floor":30,"turns":5},{"damage":6,"enemies":"Gremlin Leader","floor":31,"turns":5},{"damage":69,"enemies":"Automaton","floor":33,"turns":11},{"damage":0,"enemies":"3 Shapes","floor":35,"turns":5},{"damage":6,"enemies":"Orb Walker","floor":36,"turns":1},{"damage":1,"enemies":"4 Shapes","floor":37,"turns":6},{"damage":23,"enemies":"Maw","floor":38,"turns":9},{"damage":34,"enemies":"Nemesis","floor":40,"turns":5},{"damage":6,"enemies":"Giant Head","floor":45,"turns":5},{"damage":6,"enemies":"Transient","floor":47,"turns":5},{"damage":0,"enemies":"4 Shapes","floor":48,"turns":3},{"damage":68,"enemies":"Donu and Deca","floor":50,"turns":8},{"damage":6,"enemies":"Shield and Spear","floor":54,"turns":3},{"damage":44,"enemies":"The Heart","floor":55,"turns":8}],"seed_played":"1131050323161113258","potions_obtained":[{"floor":1,"key":"Strength Potion"},{"floor":12,"key":"BloodPotion"},{"floor":14,"key":"PowerPotion"},{"floor":16,"key":"EssenceOfSteel"},{"floor":20,"key":"FearPotion"},{"floor":25,"key":"Weak Potion"},{"floor":29,"key":"Fire Potion"},{"floor":31,"key":"Strength Potion"},{"floor":33,"key":"EntropicBrew"}],"is_trial":false,"path_per_floor":["M","M","?","T","M","E","R","E","T","E","R","E","$","E","R","B",null,"M","$","M","?","?","E","$","E","T","M","R","E","E","E","R","B",null,"M","M","M","M","$","E","?","R","T","R","E","R","M","M","R","B",null,"R","$","E","B",null],"character_chosen":"IRONCLAD","items_purchased":["Offering","EntropicBrew","Uppercut+1","Shrug It Off","Corruption","PreservedInsect","Shrug It Off","Clothesline+1","Paper Frog","Anchor","Happy Flower","Dark Embrace"],"campfire_rested":3,"item_purchase_floors":[13,13,19,19,24,24,24,24,39,39,53,53],"current_hp_per_floor":[68,68,57,57,62,34,59,30,30,27,53,30,30,25,52,32,79,69,69,75,63,63,65,65,71,71,82,82,88,88,92,92,45,119,132,136,148,135,135,111,111,111,111,111,115,115,115,128,128,85,162,172,172,179,145],"gold":121,"neow_bonus":"THREE_RARE_CARDS","is_prod":false,"is_daily":false,"chose_seed":false,"campfire_upgraded":1,"win_rate":0,"timestamp":1554664187,"path_taken":["M","?","?","?","M","E","R","E","T","E","R","E","$","E","R","BOSS","M","$","M","?","?","E","?","E","T","M","R","E","E","E","R","BOSS","M","M","M","M","?","E","?","R","T","R","E","R","M","M","R","BOSS","R","$","E","BOSS"],"build_version":"2019-04-04","purchased_purges":3,"victory":true,"max_hp_per_floor":[78,81,81,81,84,84,84,87,87,87,87,87,87,91,91,95,95,95,95,98,106,106,113,113,117,117,124,124,131,135,139,139,143,143,150,154,161,165,165,169,169,169,169,169,173,173,173,180,180,187,187,197,197,204,208],"card_choices":[{"not_picked":["Brutality","Bludgeon"],"picked":"Feed","floor":0},{"not_picked":["Power Through","Iron Wave"],"picked":"Sword Boomerang","floor":1},{"not_picked":["Dropkick","Dual Wield"],"picked":"Armaments","floor":2},{"not_picked":["Heavy Blade+1","Perfected Strike+1"],"picked":"Pommel Strike+1","floor":5},{"not_picked":["Warcry","Perfected Strike+1"],"picked":"Headbutt+1","floor":6},{"not_picked":["Combust","Armaments","Twin Strike+1"],"picked":"SKIP","floor":8},{"not_picked":["Cleave+1","Dropkick+1","Headbutt+1"],"picked":"SKIP","floor":10},{"not_picked":["Infernal Blade","Headbutt+1"],"picked":"Disarm","floor":12},{"not_picked":["Dropkick+1","Double Tap","Brutality"],"picked":"SKIP","floor":14},{"not_picked":["Demon Form","Brutality"],"picked":"Feed+1","floor":16},{"not_picked":["Havoc","Corruption"],"picked":"Shockwave","floor":18},{"not_picked":["Flex","Clash+1","Headbutt+1"],"picked":"SKIP","floor":20},{"not_picked":["Combust","Wild Strike+1"],"picked":"Spot Weakness","floor":21},{"not_picked":["Armaments","Seeing Red","Power Through"],"picked":"SKIP","floor":23},{"not_picked":["Searing Blow+1","Power Through","Warcry"],"picked":"SKIP","floor":25},{"not_picked":["Headbutt+1","Armaments","Combust","Thunderclap+1"],"picked":"SKIP","floor":27},{"not_picked":["Iron Wave+1","Pummel+1","Armaments"],"picked":"Disarm","floor":29},{"not_picked":["Bloodletting","Warcry+1","Perfected Strike+1","Battle Trance"],"picked":"SKIP","floor":30},{"not_picked":["Clothesline+1","Carnage+1","Rage"],"picked":"Shrug It Off","floor":31},{"not_picked":["Immolate+1","Limit Break","Exhume"],"picked":"Demon Form","floor":33},{"not_picked":["Clash+1","Battle Trance","True Grit","Shrug It Off"],"picked":"SKIP","floor":35},{"not_picked":["Cleave+1","Limit Break","Sword Boomerang+1","Twin Strike+1"],"picked":"SKIP","floor":36},{"not_picked":["Headbutt+1","Sword Boomerang+1","Ghostly Armor","Second Wind"],"picked":"SKIP","floor":37},{"not_picked":["Thunderclap+1","Anger+1","Intimidate+1","Combust"],"picked":"SKIP","floor":38},{"not_picked":["Cleave+1","Clash+1","Dual Wield"],"picked":"Bludgeon+1","floor":40},{"not_picked":["Anger+1","Warcry","Perfected Strike+1","Havoc"],"picked":"SKIP","floor":45},{"not_picked":["Armaments+1","Disarm","Clash+1"],"picked":"Heavy Blade+1","floor":47},{"not_picked":["Wild Strike+1","Clash+1","Heavy Blade+1"],"picked":"Feel No Pain","floor":48},{"not_picked":["Rage","Metallicize","Dual Wield","Havoc"],"picked":"SKIP","floor":54}],"player_experience":2373563,"relics_obtained":[{"floor":4,"key":"Molten Egg 2"},{"floor":6,"key":"Matryoshka"},{"floor":8,"key":"Blue Candle"},{"floor":9,"key":"Whetstone"},{"floor":9,"key":"The Courier"},{"floor":10,"key":"War Paint"},{"floor":12,"key":"Turnip"},{"floor":14,"key":"Orichalcum"},{"floor":21,"key":"WingedGreaves"},{"floor":21,"key":"Meat on the Bone"},{"floor":23,"key":"Vajra"},{"floor":25,"key":"Torii"},{"floor":26,"key":"Question Card"},{"floor":26,"key":"Self Forming Clay"},{"floor":29,"key":"Potion Belt"},{"floor":30,"key":"Shovel"},{"floor":31,"key":"Regal Pillow"},{"floor":32,"key":"Nunchaku"},{"floor":40,"key":"Ancient Tea Set"},{"floor":44,"key":"Shuriken"},{"floor":45,"key":"Old Coin"},{"floor":46,"key":"Girya"},{"floor":52,"key":"Pear"},{"floor":54,"key":"Mummified Hand"}],"event_choices":[{"damage_healed":0,"gold_gain":75,"player_choice":"Gather Gold","damage_taken":11,"max_hp_gain":0,"max_hp_loss":0,"event_name":"World of Goop","floor":3,"gold_loss":0},{"damage_healed":0,"gold_gain":0,"player_choice":"Fight","damage_taken":0,"max_hp_gain":0,"max_hp_loss":0,"event_name":"Colosseum","floor":21,"gold_loss":0},{"damage_healed":0,"gold_gain":0,"player_choice":"Fought Nobs","damage_taken":0,"max_hp_gain":0,"max_hp_loss":0,"event_name":"Colosseum","floor":21,"gold_loss":0},{"damage_healed":0,"gold_gain":0,"cards_transformed":["Strike_R","Strike_R"],"player_choice":"Became Test Subject","damage_taken":0,"max_hp_gain":0,"max_hp_loss":0,"event_name":"Drug Dealer","floor":22,"gold_loss":0,"cards_obtained":["Twin Strike","Shockwave"]},{"cards_removed":["Shrug It Off"],"damage_healed":0,"gold_gain":0,"player_choice":"Removed Skill","damage_taken":0,"max_hp_gain":0,"max_hp_loss":0,"event_name":"Falling","floor":41,"gold_loss":0}],"is_beta":true,"boss_relics":[{"not_picked":["Cursed Key","Black Blood"],"picked":"Snecko Eye"},{"not_picked":["Pandora\u0027s Box","Runic Pyramid"],"picked":"Sozu"}],"items_purged_floors":[13,19,53],"is_endless":false,"potions_floor_spawned":[1,12,14,16,20,21,25,29,31,33,35,40,45,48],"ascension_level":15}