{"gold_per_floor":[119,138,138,158,6,6,32,32,32,65,130,130,155,169,169,246,246,262,262,262,275,288,315,315,341,341,373,390,404,404,250,250,328,328,339,357,257,268,268,268,268,295,295,330,340,352,381,401,401,401,401,401,43,75,75],"floor_reached":55,"playtime":2695,"items_purged":["Strike_B+1","Strike_B+1","FTL"],"score":1644,"play_id":"5c6f0798-96f1-4ce0-8ea8-06f339672b69","local_time":"20190317001747","is_ascension_mode":true,"campfire_choices":[{"data":"Zap","floor":6.0,"key":"SMITH"},{"data":"Coolheaded","floor":12.0,"key":"SMITH"},{"data":"FTL","floor":15.0,"key":"SMITH"},{"floor":24.0,"key":"REST"},{"floor":32.0,"key":"REST"},{"floor":40.0,"key":"RECALL"},{"floor":49.0,"key":"REST"},{"floor":52.0,"key":"REST"}],"neow_cost":"NONE","seed_source_timestamp":304087089461671,"circlet_count":0,"master_deck":["AscendersBane","Defend_B+1","Defend_B+1","Defend_B+1","Defend_B+1","Zap+1","Dualcast","FTL+1","Gash+1","Coolheaded+1","Ball Lightning","Glacier","Biased Cognition","Reinforced Body","Coolheaded","Defragment","Electrodynamics","Gash","Genetic Algorithm+1","Capacitor","Capacitor","Meteor Strike","Coolheaded+1","Fusion+1","Coolheaded+1","Recycle+1","Parasite","Coolheaded+1","White Noise+1","Purity+1","Buffer+1","All For One"],"special_seed":0,"relics":["Cracked Core","DataDisk","Gremlin Horn","Kunai","Orichalcum","Pen Nib","Lantern","Fusion Hammer","Whetstone","Dream Catcher","Toxic Egg 2","Centennial Puzzle","Runic Pyramid","Blue Candle","Oddly Smooth Stone","Frozen Egg 2","Cables"],"potions_floor_usage":[55],"damage_taken":[{"damage":2.0,"enemies":"Jaw Worm","floor":1.0,"turns":4.0},{"damage":1.0,"enemies":"Cultist","floor":2.0,"turns":3.0},{"damage":0.0,"enemies":"2 Louse","floor":4.0,"turns":3.0},{"damage":20.0,"enemies":"3 Sentries","floor":7.0,"turns":6.0},{"damage":5.0,"enemies":"Lagavulin","floor":10.0,"turns":7.0},{"damage":6.0,"enemies":"3 Sentries","floor":11.0,"turns":6.0},{"damage":0.0,"enemies":"Blue Slaver","floor":14.0,"turns":2.0},{"damage":1.0,"enemies":"The Guardian","floor":16.0,"turns":11.0},{"damage":0.0,"enemies":"Spheric Guardian","floor":18.0,"turns":3.0},{"damage":0.0,"enemies":"Chosen","floor":21.0,"turns":3.0},{"damage":8.0,"enemies":"Centurion and Healer","floor":22.0,"turns":5.0},{"damage":45.0,"enemies":"Slavers","floor":23.0,"turns":10.0},{"damage":0.0,"enemies":"Book of Stabbing","floor":25.0,"turns":5.0},{"damage":0.0,"enemies":"Gremlin Leader","floor":27.0,"turns":4.0},{"damage":6.0,"enemies":"Snake Plant","floor":28.0,"turns":3.0},{"damage":0.0,"enemies":"Chosen and Byrds","floor":29.0,"turns":4.0},{"damage":0.0,"enemies":"Automaton","floor":33.0,"turns":9.0},{"damage":0.0,"enemies":"3 Darklings","floor":35.0,"turns":3.0},{"damage":0.0,"enemies":"3 Shapes","floor":36.0,"turns":3.0},{"damage":0.0,"enemies":"Maw","floor":38.0,"turns":7.0},{"damage":0.0,"enemies":"Reptomancer","floor":42.0,"turns":7.0},{"damage":10.0,"enemies":"Nemesis","floor":44.0,"turns":11.0},{"damage":4.0,"enemies":"3 Darklings","floor":45.0,"turns":5.0},{"damage":0.0,"enemies":"Writhing Mass","floor":46.0,"turns":7.0},{"damage":1.0,"enemies":"Giant Head","floor":47.0,"turns":9.0},{"damage":1.0,"enemies":"Sphere and 2 Shapes","floor":48.0,"turns":5.0},{"damage":46.0,"enemies":"Awakened One","floor":50.0,"turns":14.0},{"damage":60.0,"enemies":"Shield and Spear","floor":54.0,"turns":11.0},{"damage":17,"enemies":"The Heart","floor":55,"turns":5}],"seed_played":"-9177082309739252334","potions_obtained":[{"floor":1.0,"key":"Poison Potion"},{"floor":2.0,"key":"LiquidBronze"},{"floor":11.0,"key":"Strength Potion"},{"floor":18.0,"key":"Strength Potion"},{"floor":23.0,"key":"FocusPotion"},{"floor":25.0,"key":"AttackPotion"},{"floor":28.0,"key":"SkillPotion"},{"floor":45.0,"key":"Strength Potion"}],"is_trial":false,"path_per_floor":["M","M","?","M","$","R","E","?","T","E","?","R","T","M","R","B",null,"M","$","?","M","M","E","R","E","T","E","M","M","?","$","R","B",null,"M","M","$","M","?","R","$","E","T","E","M","M","E","M","R","B",null,"R","$","E","B"],"character_chosen":"DEFECT","items_purchased":["DataDisk","Capacitor","Purity+1","Buffer+1","GamblersBrew"],"campfire_rested":4,"item_purchase_floors":[5,31,53,53,53],"current_hp_per_floor":[69,68,68,68,68,68,48,41,41,36,30,30,30,30,30,29,66,66,66,66,66,58,13,36,36,36,36,30,30,30,30,53,53,72,72,72,72,72,72,72,72,72,72,62,58,58,57,56,74,28,63,74,74,14,0],"gold":75,"neow_bonus":"TEN_PERCENT_HP_BONUS","is_prod":false,"is_daily":false,"chose_seed":false,"campfire_upgraded":3,"win_rate":0,"timestamp":1552796267,"path_taken":["M","M","?","?","$","R","E","?","T","E","?","R","?","M","R","BOSS","M","?","?","M","M","E","R","E","T","E","M","M","?","$","R","BOSS","M","M","$","M","?","R","$","E","T","E","M","M","E","M","R","BOSS","R","$","E","BOSS"],"build_version":"2019-03-15","purchased_purges":3,"victory":false,"max_hp_per_floor":[78,78,78,78,78,78,78,78,78,78,78,78,78,78,78,78,78,78,78,78,78,78,78,78,78,78,78,78,78,78,78,78,78,78,78,78,78,78,74,74,74,74,74,74,74,74,74,74,74,74,74,74,74,74,74],"card_choices":[{"not_picked":["Storm","Consume"],"picked":"FTL","floor":1.0},{"not_picked":["Heatsinks","Compile Driver","Barrage"],"picked":"SKIP","floor":2.0},{"not_picked":["Compile Driver","Streamline"],"picked":"Gash","floor":4.0},{"not_picked":["Consume","Blizzard"],"picked":"Coolheaded","floor":7.0},{"not_picked":["Rip and Tear","Thunder Strike"],"picked":"Ball Lightning","floor":10.0},{"not_picked":["Go for the Eyes","FTL"],"picked":"Glacier","floor":11.0},{"not_picked":["Aggregate","Beam Cell"],"picked":"FTL","floor":14.0},{"not_picked":["Amplify","Thunder Strike"],"picked":"Biased Cognition","floor":16.0},{"not_picked":["Steam","FTL","Beam Cell"],"picked":"SKIP","floor":18.0},{"not_picked":["Ball Lightning","Hologram","Sunder"],"picked":"SKIP","floor":21.0},{"not_picked":["Ball Lightning","Stack"],"picked":"Coolheaded","floor":22.0},{"not_picked":["Stack+1","Barrage"],"picked":"Defragment","floor":23.0},{"not_picked":["Self Repair","Compile Driver"],"picked":"Electrodynamics","floor":25.0},{"not_picked":["Stack+1","Tempest+1"],"picked":"Gash","floor":27.0},{"not_picked":["Turbo+1","Beam Cell"],"picked":"Genetic Algorithm+1","floor":28.0},{"not_picked":["Undo+1","Hologram+1"],"picked":"Capacitor","floor":29.0},{"not_picked":["Hyperbeam","Reboot+1"],"picked":"Meteor Strike","floor":33.0},{"not_picked":["Scrape","Gash"],"picked":"Coolheaded+1","floor":35.0},{"not_picked":["Redo+1","Storm+1"],"picked":"Fusion+1","floor":36.0},{"not_picked":["Aggregate+1","Ball Lightning+1","Hologram+1"],"picked":"SKIP","floor":38.0},{"not_picked":["Gash","Beam Cell+1"],"picked":"Coolheaded+1","floor":42.0},{"not_picked":["Storm","Genetic Algorithm+1","Ball Lightning"],"picked":"SKIP","floor":44.0},{"not_picked":["Defragment+1","Steam Power+1"],"picked":"Recycle+1","floor":45.0},{"not_picked":["Tempest+1","Gash+1"],"picked":"Coolheaded+1","floor":46.0},{"not_picked":["Reinforced Body+1","Melter","Storm"],"picked":"SKIP","floor":47.0},{"not_picked":["Gash","Steam+1"],"picked":"White Noise+1","floor":48.0},{"not_picked":["Turbo+1","Reprogram+1"],"picked":"All For One","floor":54.0}],"player_experience":2208916,"relics_obtained":[{"floor":7.0,"key":"Gremlin Horn"},{"floor":9.0,"key":"Kunai"},{"floor":10.0,"key":"Orichalcum"},{"floor":11.0,"key":"Pen Nib"},{"floor":13.0,"key":"Lantern"},{"floor":23.0,"key":"Whetstone"},{"floor":25.0,"key":"Dream Catcher"},{"floor":26.0,"key":"Toxic Egg 2"},{"floor":27.0,"key":"Centennial Puzzle"},{"floor":42.0,"key":"Blue Candle"},{"floor":44.0,"key":"Oddly Smooth Stone"},{"floor":47.0,"key":"Frozen Egg 2"},{"floor":54.0,"key":"Cables"}],"event_choices":[{"cards_removed":["Strike_B"],"damage_healed":0.0,"max_hp_gain":0.0,"max_hp_loss":0.0,"gold_gain":0.0,"event_name":"Bonfire Elementals","player_choice":"Offered Basic","floor":3.0,"gold_loss":0.0,"damage_taken":0.0},{"cards_removed":["Strike_B"],"damage_healed":0.0,"max_hp_gain":0.0,"max_hp_loss":0.0,"gold_gain":0.0,"event_name":"Golden Wing","player_choice":"Card Removal","floor":8.0,"gold_loss":0.0,"damage_taken":7.0},{"damage_healed":0.0,"max_hp_gain":0.0,"max_hp_loss":0.0,"gold_gain":0.0,"event_name":"Dead Adventurer","player_choice":"Searched \u00271\u0027 times","floor":11.0,"gold_loss":0.0,"damage_taken":0.0},{"damage_healed":0.0,"max_hp_gain":0.0,"max_hp_loss":0.0,"gold_gain":0.0,"event_name":"The Library","player_choice":"Read","floor":20.0,"gold_loss":0.0,"damage_taken":0.0,"cards_obtained":["Reinforced Body"]},{"damage_healed":0.0,"max_hp_gain":0.0,"max_hp_loss":0.0,"gold_gain":0.0,"event_name":"Back to Basics","player_choice":"Simplicity","floor":30.0,"gold_loss":0.0,"damage_taken":0.0,"cards_upgraded":["Strike_B","Defend_B","Defend_B","Defend_B","Defend_B"]},{"damage_healed":0.0,"max_hp_gain":0.0,"max_hp_loss":4.0,"gold_gain":0.0,"event_name":"Winding Halls","player_choice":"Max HP","floor":39.0,"gold_loss":0.0,"damage_taken":0.0}],"is_beta":true,"boss_relics":[{"not_picked":["Velvet Choker","Philosopher\u0027s Stone"],"picked":"Fusion Hammer"},{"not_picked":["Tiny House","Inserter"],"picked":"Runic Pyramid"}],"items_purged_floors":[31,37,53],"is_endless":false,"potions_floor_spawned":[1,2,11,14,18,23,25,28,35,36,42,45],"killed_by":"The Heart","ascension_level":15}