{"gold_per_floor":[116,116,191,210,210,236,252,252,252,276,292,336,336,371,371,460,460,483,146,160,184,205,205,223,241,241,241,38,81,81,115,115,115],"floor_reached":33,"playtime":1212,"items_purged":["Strike_B"],"score":624,"play_id":"8c41cce3-d2ca-4e68-9f4f-2b75679d0bdf","local_time":"20190111132613","is_ascension_mode":true,"campfire_choices":[{"floor":13,"key":"REST"},{"data":"Defragment","floor":15,"key":"SMITH"},{"floor":23,"key":"REST"},{"floor":27,"key":"REST"},{"floor":32,"key":"REST"}],"neow_cost":"NONE","seed_source_timestamp":187881628641716,"circlet_count":0,"master_deck":["AscendersBane","Strike_B","Strike_B","Strike_B","Defend_B","Defend_B","Defend_B","Defend_B","Zap","Dualcast","Cold Snap","Leap","Cold Snap","BootSequence","Conserve Battery","Gash","Compile Driver","Defragment+1","Biased Cognition","Loop","Leap","BootSequence+1","Seek","Sunder"],"relics":["Cracked Core","NeowsBlessing","Regal Pillow","Mummified Hand","Bloody Idol","Potion Belt","Bottled Lightning","Busted Crown","ClockworkSouvenir","Pen Nib","DataDisk","Orichalcum","Red Mask"],"potions_floor_usage":[10,12,12,16,21],"damage_taken":[{"damage":0,"enemies":"Cultist","floor":1,"turns":1},{"damage":0,"enemies":"2 Louse","floor":4,"turns":1},{"damage":0,"enemies":"Gremlin Nob","floor":6,"turns":1},{"damage":0,"enemies":"Jaw Worm","floor":7,"turns":5},{"damage":12,"enemies":"Exordium Wildlife","floor":10,"turns":5},{"damage":2,"enemies":"Looter","floor":11,"turns":3},{"damage":20,"enemies":"Lagavulin","floor":12,"turns":10},{"damage":11,"enemies":"3 Sentries","floor":14,"turns":11},{"damage":27,"enemies":"Slime Boss","floor":16,"turns":12},{"damage":2,"enemies":"3 Byrds","floor":18,"turns":6},{"damage":0,"enemies":"Shell Parasite","floor":20,"turns":7},{"damage":14,"enemies":"Shelled Parasite and Fungi","floor":21,"turns":6},{"damage":25,"enemies":"Chosen and Byrds","floor":22,"turns":6},{"damage":5,"enemies":"Centurion and Healer","floor":24,"turns":13},{"damage":14,"enemies":"Cultist and Chosen","floor":25,"turns":9},{"damage":15,"enemies":"Book of Stabbing","floor":29,"turns":4},{"damage":34,"enemies":"Masked Bandits","floor":31,"turns":4},{"damage":79,"enemies":"Collector","floor":33,"turns":9}],"seed_played":"-5642079096232234846","potions_obtained":[{"floor":6,"key":"Ancient Potion"},{"floor":7,"key":"SteroidPotion"},{"floor":10,"key":"Regen Potion"},{"floor":14,"key":"PowerPotion"},{"floor":18,"key":"SkillPotion"},{"floor":21,"key":"FearPotion"},{"floor":31,"key":"Energy Potion"}],"is_trial":false,"path_per_floor":["M","$","?","M","?","E","M","?","T","M","M","E","R","E","R","B",null,"M","$","M","M","M","R","M","M","T","R","$","E","?","?","R","B"],"character_chosen":"DEFECT","items_purchased":["ClockworkSouvenir","Loop","DataDisk","Sunder"],"campfire_rested":4,"item_purchase_floors":[19,19,28,28],"current_hp_per_floor":[64,64,53,53,42,42,42,42,42,30,28,23,57,46,46,19,53,51,51,51,37,12,46,41,27,27,61,61,46,46,17,51,0],"gold":115,"neow_bonus":"THREE_ENEMY_KILL","is_prod":false,"is_daily":false,"chose_seed":false,"campfire_upgraded":1,"win_rate":0,"timestamp":1547238373,"path_taken":["M","$","?","M","?","E","M","?","T","?","M","E","R","E","R","BOSS","M","$","M","M","M","R","M","M","T","R","$","E","?","?","R","BOSS"],"build_version":"2019-01-10","purchased_purges":1,"victory":false,"max_hp_per_floor":[71,71,71,71,71,71,71,64,64,64,64,64,64,64,64,64,64,64,64,64,64,64,64,64,64,64,64,64,64,64,64,64,64],"card_choices":[{"not_picked":["Gash","Beam Cell"],"picked":"Cold Snap","floor":1},{"not_picked":["Lockon","Turbo"],"picked":"Leap","floor":4},{"not_picked":["Static Discharge","Steam"],"picked":"Cold Snap","floor":6},{"not_picked":["Skim","Double Energy"],"picked":"BootSequence","floor":7},{"not_picked":["Gash","Blizzard"],"picked":"Conserve Battery","floor":10},{"not_picked":["Machine Learning","Turbo"],"picked":"Gash","floor":11},{"not_picked":["Rebound","Double Energy"],"picked":"Compile Driver","floor":12},{"not_picked":["Leap","Biased Cognition"],"picked":"Defragment","floor":14},{"not_picked":["Amplify","Fission"],"picked":"Biased Cognition","floor":16},{"not_picked":["Beam Cell"],"picked":"SKIP","floor":18},{"not_picked":[],"picked":"Leap","floor":20},{"not_picked":[],"picked":"BootSequence+1","floor":21},{"not_picked":["Rebound"],"picked":"SKIP","floor":22},{"not_picked":["Redo"],"picked":"SKIP","floor":24},{"not_picked":[],"picked":"Seek","floor":25},{"not_picked":["Compile Driver"],"picked":"SKIP","floor":29}],"player_experience":1035992,"relics_obtained":[{"floor":6,"key":"Mummified Hand"},{"floor":12,"key":"Potion Belt"},{"floor":14,"key":"Bottled Lightning"},{"floor":26,"key":"Pen Nib"},{"floor":29,"key":"Orichalcum"},{"floor":31,"key":"Red Mask"}],"event_choices":[{"damage_healed":0,"gold_gain":75,"player_choice":"Gather Gold","damage_taken":11,"max_hp_gain":0,"max_hp_loss":0,"event_name":"World of Goop","floor":3,"gold_loss":0},{"damage_healed":0,"gold_gain":0,"player_choice":"Success","damage_taken":11,"relics_obtained":["Regal Pillow"],"max_hp_gain":0,"max_hp_loss":0,"event_name":"Scrap Ooze","floor":5,"gold_loss":0},{"damage_healed":0,"gold_gain":0,"player_choice":"Lose Max HP","damage_taken":0,"relics_obtained":["Golden Idol"],"max_hp_gain":0,"max_hp_loss":7,"event_name":"Golden Idol","floor":8,"gold_loss":0},{"damage_healed":0,"gold_gain":0,"player_choice":"Gave Idol","damage_taken":0,"relics_obtained":["Bloody Idol"],"max_hp_gain":0,"max_hp_loss":0,"event_name":"Forgotten Altar","floor":30,"relics_lost":["Golden Idol"],"gold_loss":0},{"damage_healed":0,"gold_gain":0,"player_choice":"Fought Bandits","damage_taken":0,"max_hp_gain":0,"max_hp_loss":0,"event_name":"Masked Bandits","floor":31,"gold_loss":0}],"is_beta":true,"boss_relics":[{"not_picked":["White Beast Statue","Philosopher\u0027s Stone"],"picked":"Busted Crown"}],"items_purged_floors":[19],"is_endless":false,"potions_floor_spawned":[6,7,10,11,14,18,21,31],"killed_by":"Collector","ascension_level":20}