{"gold_per_floor":[109,109,109,127,146,146,174,19,19,19,19,50,69,94,94,170,170,190,190,190,40,40,40,52,83,83,97,112,143,163,197,197,269,269,279,204,204,204,104,135,183,213,236,236,265,265,293,90,90,90,90,90,12,47,47],"floor_reached":55,"playtime":2680,"items_purged":["Strike_R","Strike_R","Parasite"],"score":1478,"play_id":"970d09f7-cd8d-425a-9e31-4c96d2238b3b","local_time":"20190320234508","is_ascension_mode":true,"campfire_choices":[{"data":"Bash","floor":6.0,"key":"SMITH"},{"data":"Fiend Fire","floor":11.0,"key":"SMITH"},{"data":"True Grit","floor":15.0,"key":"SMITH"},{"data":"Double Tap","floor":23.0,"key":"SMITH"},{"floor":32.0,"key":"REST"},{"floor":44.0,"key":"RECALL"},{"floor":46.0,"key":"REST"},{"floor":49.0,"key":"REST"},{"floor":52.0,"key":"REST"}],"neow_cost":"NONE","seed_source_timestamp":647793569621029,"circlet_count":0,"master_deck":["AscendersBane","Strike_R+1","Defend_R","Defend_R+1","Defend_R","Defend_R","Bash+1","Headbutt","Clothesline","Disarm","Fiend Fire+1","Evolve","True Grit+1","Demon Form","Double Tap+1","Flame Barrier","Dual Wield","Heavy Blade","Burning Pact","Armaments+1","Limit Break","Dark Shackles","True Grit+1","Shrug It Off+1","Exhume","Flame Barrier","Inflame"],"special_seed":0,"relics":["Burning Blood","Oddly Smooth Stone","Mango","Bag of Preparation","Bottled Flame","Juzu Bracelet","Snecko Eye","Vajra","Nilry\u0027s Codex","Centennial Puzzle","Self Forming Clay","Pear","Bird Faced Urn","Empty Cage","Lantern","Nunchaku","Blood Vial","Boot","Shuriken","Sundial","Anchor"],"potions_floor_usage":[55],"damage_taken":[{"damage":12.0,"enemies":"Small Slimes","floor":1.0,"turns":4.0},{"damage":11.0,"enemies":"Jaw Worm","floor":4.0,"turns":4.0},{"damage":3.0,"enemies":"2 Louse","floor":5.0,"turns":3.0},{"damage":21.0,"enemies":"Lagavulin","floor":7.0,"turns":8.0},{"damage":12.0,"enemies":"Gremlin Nob","floor":12.0,"turns":3.0},{"damage":4.0,"enemies":"Exordium Thugs","floor":13.0,"turns":3.0},{"damage":32.0,"enemies":"Lagavulin","floor":14.0,"turns":9.0},{"damage":19.0,"enemies":"Slime Boss","floor":16.0,"turns":9.0},{"damage":0.0,"enemies":"Chosen","floor":18.0,"turns":1.0},{"damage":2.0,"enemies":"Shell Parasite","floor":24.0,"turns":2.0},{"damage":13.0,"enemies":"Slavers","floor":25.0,"turns":5.0},{"damage":8.0,"enemies":"Cultist and Chosen","floor":27.0,"turns":3.0},{"damage":0.0,"enemies":"Shelled Parasite and Fungi","floor":28.0,"turns":3.0},{"damage":36.0,"enemies":"Gremlin Leader","floor":29.0,"turns":5.0},{"damage":9.0,"enemies":"Centurion and Healer","floor":30.0,"turns":4.0},{"damage":14.0,"enemies":"Book of Stabbing","floor":31.0,"turns":3.0},{"damage":30.0,"enemies":"Automaton","floor":33.0,"turns":10.0},{"damage":9.0,"enemies":"3 Shapes","floor":35.0,"turns":12.0},{"damage":36.0,"enemies":"Reptomancer","floor":40.0,"turns":9.0},{"damage":11.0,"enemies":"2 Orb Walkers","floor":41.0,"turns":4.0},{"damage":14.0,"enemies":"Giant Head","floor":42.0,"turns":6.0},{"damage":57.0,"enemies":"Reptomancer","floor":45.0,"turns":38.0},{"damage":40.0,"enemies":"Nemesis","floor":47.0,"turns":5.0},{"damage":60.0,"enemies":"Donu and Deca","floor":50.0,"turns":9.0},{"damage":76.0,"enemies":"Shield and Spear","floor":54.0,"turns":6.0},{"damage":46,"enemies":"The Heart","floor":55,"turns":3}],"seed_played":"-4900391345419603697","potions_obtained":[{"floor":1.0,"key":"Fire Potion"},{"floor":14.0,"key":"Swift Potion"},{"floor":16.0,"key":"Strength Potion"},{"floor":18.0,"key":"Dexterity Potion"},{"floor":30.0,"key":"Fire Potion"},{"floor":35.0,"key":"GamblersBrew"},{"floor":45.0,"key":"LiquidBronze"}],"is_trial":false,"path_per_floor":["M","?","?","M","M","R","E","$","T","?","R","E","M","E","R","B",null,"M","?","?","$","?","R","M","E","T","M","M","E","M","E","R","B",null,"M","$","?","?","$","E","?","E","T","R","E","R","E","$","R","B",null,"R","$","E","B"],"character_chosen":"IRONCLAD","items_purchased":["Bag of Preparation","Vajra","Flame Barrier","Inflame"],"campfire_rested":4,"item_purchase_floors":[8,21,48,53],"current_hp_per_floor":[62,67,43,38,41,41,40,40,40,63,63,57,59,33,33,20,76,82,82,82,82,61,61,65,58,58,56,62,42,39,31,62,46,90,104,104,94,94,94,72,71,73,73,73,54,85,55,55,85,39,86,101,101,41,0],"gold":47,"neow_bonus":"RANDOM_COMMON_RELIC","is_prod":false,"is_daily":false,"chose_seed":false,"campfire_upgraded":4,"win_rate":0,"timestamp":1553139908,"path_taken":["M","?","?","M","M","R","E","?","T","?","R","E","M","E","R","BOSS","M","?","?","$","?","R","M","E","T","M","M","E","M","E","R","BOSS","M","$","?","?","$","E","?","E","T","R","E","R","E","?","R","BOSS","R","$","E","BOSS"],"build_version":"2019-03-15","purchased_purges":3,"victory":false,"max_hp_per_floor":[75,80,80,80,80,80,94,94,94,94,94,94,94,94,94,94,94,94,94,94,94,94,94,94,94,94,94,94,104,104,104,104,104,104,104,104,104,104,104,104,104,104,104,104,104,104,104,101,101,101,101,101,101,101,101],"card_choices":[{"not_picked":["Infernal Blade","Dual Wield"],"picked":"Headbutt","floor":1.0},{"not_picked":["Armaments","Rupture"],"picked":"Clothesline","floor":4.0},{"not_picked":["Infernal Blade","Warcry"],"picked":"Disarm","floor":5.0},{"not_picked":["Power Through","Pommel Strike"],"picked":"Fiend Fire","floor":7.0},{"not_picked":["Sever Soul","Searing Blow"],"picked":"Evolve","floor":12.0},{"not_picked":["Evolve","Iron Wave","Clash"],"picked":"SKIP","floor":13.0},{"not_picked":["Sword Boomerang","Pommel Strike"],"picked":"True Grit","floor":14.0},{"not_picked":["Brutality","Impervious"],"picked":"Demon Form","floor":16.0},{"not_picked":["Clash+1","Body Slam","Intimidate"],"picked":"SKIP","floor":18.0},{"not_picked":["Dual Wield","Body Slam"],"picked":"Flame Barrier","floor":24.0},{"not_picked":["Havoc","Searing Blow","Body Slam"],"picked":"SKIP","floor":25.0},{"not_picked":["Seeing Red+1","Thunderclap"],"picked":"Dual Wield","floor":27.0},{"not_picked":["Body Slam","Rampage"],"picked":"Heavy Blade","floor":28.0},{"not_picked":["Anger","Carnage","Searing Blow"],"picked":"SKIP","floor":29.0},{"not_picked":["Ghostly Armor","Clothesline+1"],"picked":"Burning Pact","floor":30.0},{"not_picked":["Sword Boomerang","Havoc"],"picked":"Armaments+1","floor":31.0},{"not_picked":["Juggernaut","Immolate"],"picked":"Limit Break","floor":33.0},{"not_picked":["Sword Boomerang","Twin Strike","Heavy Blade"],"picked":"SKIP","floor":35.0},{"not_picked":["Discovery","Blind"],"picked":"Dark Shackles","floor":37.0},{"not_picked":["Clash","Immolate"],"picked":"True Grit+1","floor":40.0},{"not_picked":["Havoc","Rage"],"picked":"Shrug It Off+1","floor":42.0},{"not_picked":["Warcry","Havoc+1","Headbutt"],"picked":"SKIP","floor":45.0},{"not_picked":["Armaments+1","Havoc+1"],"picked":"Exhume","floor":47.0},{"not_picked":["Havoc","Headbutt+1","Combust+1"],"picked":"SKIP","floor":54.0}],"player_experience":2244808,"relics_obtained":[{"floor":7.0,"key":"Mango"},{"floor":12.0,"key":"Bottled Flame"},{"floor":14.0,"key":"Juzu Bracelet"},{"floor":22.0,"key":"Nilry\u0027s Codex"},{"floor":25.0,"key":"Centennial Puzzle"},{"floor":26.0,"key":"Self Forming Clay"},{"floor":29.0,"key":"Pear"},{"floor":31.0,"key":"Bird Faced Urn"},{"floor":40.0,"key":"Lantern"},{"floor":41.0,"key":"Nunchaku"},{"floor":42.0,"key":"Blood Vial"},{"floor":43.0,"key":"Boot"},{"floor":45.0,"key":"Shuriken"},{"floor":47.0,"key":"Sundial"},{"floor":54.0,"key":"Anchor"}],"event_choices":[{"damage_healed":0.0,"max_hp_gain":5.0,"max_hp_loss":0.0,"gold_gain":0.0,"event_name":"Big Fish","player_choice":"Donut","floor":2.0,"gold_loss":0.0,"damage_taken":0.0},{"damage_healed":0.0,"max_hp_gain":0.0,"max_hp_loss":0.0,"gold_gain":0.0,"event_name":"Shining Light","player_choice":"Entered Light","floor":3.0,"gold_loss":0.0,"damage_taken":24.0,"cards_upgraded":["Defend_R","Strike_R"]},{"damage_healed":23.0,"max_hp_gain":0.0,"max_hp_loss":0.0,"gold_gain":0.0,"event_name":"Mushrooms","player_choice":"Healed and dodged fight","floor":10.0,"gold_loss":0.0,"damage_taken":0.0,"cards_obtained":["Parasite"]},{"damage_healed":0.0,"max_hp_gain":0.0,"max_hp_loss":0.0,"gold_gain":0.0,"event_name":"Ghosts","player_choice":"Ignored","floor":19.0,"gold_loss":0.0,"damage_taken":0.0},{"damage_healed":0.0,"max_hp_gain":0.0,"max_hp_loss":0.0,"gold_gain":0.0,"event_name":"Match and Keep!","player_choice":"1 cards matched","floor":20.0,"gold_loss":0.0,"damage_taken":0.0,"cards_obtained":["Double Tap"]},{"damage_healed":0.0,"max_hp_gain":0.0,"max_hp_loss":0.0,"gold_gain":0.0,"event_name":"Cursed Tome","player_choice":"Obtained Book","floor":22.0,"gold_loss":0.0,"damage_taken":21.0},{"damage_healed":0.0,"max_hp_gain":0.0,"max_hp_loss":0.0,"gold_gain":0.0,"event_name":"SensoryStone","player_choice":"Memory 3","floor":37.0,"gold_loss":0.0,"damage_taken":10.0},{"damage_healed":0.0,"max_hp_gain":0.0,"max_hp_loss":0.0,"gold_gain":0.0,"event_name":"Tomb of Lord Red Mask","player_choice":"Ignored","floor":38.0,"gold_loss":0.0,"damage_taken":0.0},{"damage_healed":0.0,"max_hp_gain":0.0,"max_hp_loss":0.0,"gold_gain":0.0,"event_name":"Mysterious Sphere","player_choice":"Fight","floor":41.0,"gold_loss":0.0,"damage_taken":0.0}],"is_beta":true,"boss_relics":[{"not_picked":["Coffee Dripper","Cursed Key"],"picked":"Snecko Eye"},{"not_picked":["White Beast Statue","Eternal Feather"],"picked":"Empty Cage"}],"items_purged_floors":[36,39,48],"is_endless":false,"potions_floor_spawned":[1,14,16,18,25,28,30,35,45],"killed_by":"The Heart","ascension_level":15}