{"path_per_floor":["M","$","?","$","?","R","?","R","T","?","E","R","E","M","R","B",null,"M","M"],"character_chosen":"DEFECT","items_purchased":["Sunder"],"gold_per_floor":[115,37,37,37,37,37,64,64,64,64,92,92,119,136,136,236,236,161,178,178],"floor_reached":20,"campfire_rested":0,"playtime":585,"current_hp_per_floor":[58,58,58,58,75,75,67,67,67,67,33,33,23,22,22,13,60,47,32,0],"items_purged":[],"gold":178,"score":246,"play_id":"317277a2-abfa-4237-828f-0da0a17f7252","local_time":"20180503121523","is_prod":false,"is_daily":false,"chose_seed":false,"is_ascension_mode":true,"campfire_upgraded":4,"timestamp":1525374923,"path_taken":["M","$","?","$","?","R","?","R","T","?","E","R","E","M","R","BOSS","M","M","M"],"build_version":"2018-05-02","seed_source_timestamp":244404283436253,"purchased_purges":0,"victory":false,"master_deck":["Strike_B","Defend_B","Defend_B","Defend_B","Defend_B","Zap+1","Dualcast","Impulse+1","Storm","Sunder","Genetic Algorithm","Loop+1","Self Repair","Echo Form+1","Thunder Strike","Fusion+1","Hologram+1","Auto Shields+1","Stack+1","Impulse"],"max_hp_per_floor":[75,75,75,75,75,75,75,75,75,75,75,75,75,75,75,75,75,75,75,75],"relics":["Cracked Core","Odd Mushroom","Blue Candle","DataDisk","Dream Catcher","Astrolabe"],"card_choices":[{"not_picked":["Skim","Blizzard"],"picked":"Impulse","floor":0},{"not_picked":["Turbo","Streamline"],"picked":"Storm","floor":1},{"not_picked":["Skim","Auto Shields"],"picked":"Genetic Algorithm","floor":7},{"not_picked":["Chill","Beam Cell"],"picked":"Loop","floor":11},{"not_picked":["Hologram","Turbo"],"picked":"Self Repair","floor":13},{"not_picked":["Stack","Leap"],"picked":"Echo Form","floor":14},{"not_picked":["All For One","Amplify"],"picked":"Thunder Strike","floor":16},{"not_picked":["Reinforced Body","Skim"],"picked":"Stack","floor":18},{"not_picked":["Streamline","Aggregate"],"picked":"Impulse","floor":19}],"player_experience":569605,"potions_floor_usage":[11,13,16,16,20],"damage_taken":[{"damage":10,"enemies":"2 Louse","floor":1,"turns":2},{"damage":8,"enemies":"The Mushroom Lair","floor":7,"turns":4},{"damage":45,"enemies":"Lagavulin","floor":11,"turns":8},{"damage":10,"enemies":"Gremlin Nob","floor":13,"turns":3},{"damage":8,"enemies":"Cultist","floor":14,"turns":4},{"damage":16,"enemies":"The Guardian","floor":16,"turns":9},{"damage":20,"enemies":"2 Thieves","floor":18,"turns":5},{"damage":29,"enemies":"Shell Parasite","floor":19,"turns":11},{"damage":39,"enemies":"Cultist and Chosen","floor":20,"turns":4}],"event_choices":[{"event_name":"Match and Keep!","player_choice":"0 cards matched","floor":3,"damage_taken":0},{"event_name":"Big Fish","player_choice":"Banana","floor":5,"damage_taken":0},{"event_name":"Mushrooms","player_choice":"Fought Mushrooms","floor":7,"damage_taken":0},{"event_name":"Liars Game","player_choice":"disagreed","floor":10,"damage_taken":0}],"boss_relics":[{"not_picked":["White Beast Statue","Runic Pyramid"],"picked":"Astrolabe"}],"potions_floor_spawned":[1,7,11,14,19],"seed_played":"363030186495170175","killed_by":"Cultist and Chosen","ascension_level":8,"is_trial":false}