{"gold_per_floor":[112,112,123,123,70,70,399,412,412,425,425,455,472,483,483,562,562,578,591,609,609,609],"floor_reached":22,"playtime":3294,"items_purged":[],"score":396,"play_id":"b60a15f5-4546-455e-8ccf-ebb8b02c2606","local_time":"20190412235113","is_ascension_mode":true,"campfire_choices":[{"data":"Zap","floor":6,"key":"SMITH"},{"floor":11,"key":"REST"},{"data":"Go for the Eyes","floor":15,"key":"SMITH"}],"neow_cost":"NONE","seed_source_timestamp":103136050655637,"circlet_count":0,"master_deck":["AscendersBane","Strike_B","Strike_B","Strike_B","Strike_B","Defend_B","Defend_B","Defend_B","Defend_B","Zap+1","Dualcast","Hologram","Sunder+1","Ball Lightning","Cold Snap","Chill","Go for the Eyes+1","Electrodynamics"],"relics":["Cracked Core","Old Coin","Cables","Darkstone Periapt","Fusion Hammer","Nilry\u0027s Codex"],"potions_floor_usage":[7,13,16,16],"damage_taken":[{"damage":7,"enemies":"Jaw Worm","floor":1,"turns":3},{"damage":1,"enemies":"2 Louse","floor":3,"turns":3},{"damage":32,"enemies":"Gremlin Nob","floor":7,"turns":4},{"damage":0,"enemies":"Cultist","floor":8,"turns":3},{"damage":3,"enemies":"Lots of Slimes","floor":10,"turns":2},{"damage":45,"enemies":"3 Sentries","floor":12,"turns":8},{"damage":0,"enemies":"Exordium Wildlife","floor":13,"turns":2},{"damage":9,"enemies":"Large Slime","floor":14,"turns":5},{"damage":2,"enemies":"Hexaghost","floor":16,"turns":8},{"damage":6,"enemies":"Spheric Guardian","floor":18,"turns":3},{"damage":14,"enemies":"3 Byrds","floor":19,"turns":4},{"damage":12,"enemies":"3 Cultists","floor":20,"turns":4},{"damage":12,"enemies":"Cultist and Chosen","floor":22,"turns":2}],"seed_played":"9126110836614943780","potions_obtained":[{"floor":3,"key":"LiquidBronze"},{"floor":7,"key":"FearPotion"},{"floor":12,"key":"Strength Potion"},{"floor":13,"key":"LiquidBronze"}],"is_trial":false,"path_per_floor":["M","?","M","?","$","R","E","M","T","M","R","E","M","M","R","B",null,"M","M","M","?","M"],"character_chosen":"DEFECT","items_purchased":["AttackPotion"],"campfire_rested":1,"item_purchase_floors":[5],"current_hp_per_floor":[64,69,68,68,68,68,36,36,36,33,57,12,12,3,3,1,63,57,43,31,10,0],"gold":609,"neow_bonus":"TEN_PERCENT_HP_BONUS","is_prod":false,"is_daily":false,"chose_seed":false,"campfire_upgraded":2,"win_rate":0,"timestamp":1555127473,"path_taken":["M","?","M","?","$","R","E","?","T","M","R","E","M","?","R","BOSS","M","?","M","?","M"],"build_version":"2019-01-23","purchased_purges":0,"victory":false,"max_hp_per_floor":[78,83,83,83,83,83,83,83,83,83,83,83,83,83,83,83,83,83,83,83,83,83],"card_choices":[{"not_picked":["Conserve Battery","Redo"],"picked":"Hologram","floor":1},{"not_picked":["Recycle","Turbo"],"picked":"Sunder","floor":3},{"not_picked":["Compile Driver","Turbo","Redo"],"picked":"SKIP","floor":7},{"not_picked":["Hologram","Rebound"],"picked":"Ball Lightning","floor":8},{"not_picked":["Rebound","Storm"],"picked":"Cold Snap","floor":10},{"not_picked":["Double Energy","Streamline"],"picked":"Chill","floor":12},{"not_picked":["Barrage","Rebound"],"picked":"Go for the Eyes","floor":13},{"not_picked":["Redo","Barrage","Sweeping Beam"],"picked":"SKIP","floor":14},{"not_picked":["Hyperbeam","All For One"],"picked":"Electrodynamics","floor":16},{"not_picked":["Go for the Eyes","Aggregate","Redo"],"picked":"SKIP","floor":18},{"not_picked":["Hologram","Cold Snap","Go for the Eyes"],"picked":"SKIP","floor":19},{"not_picked":["Scrape","Stack","Turbo"],"picked":"SKIP","floor":20}],"player_experience":1831070,"relics_obtained":[{"floor":7,"key":"Old Coin"},{"floor":9,"key":"Cables"},{"floor":12,"key":"Darkstone Periapt"},{"floor":21,"key":"Nilry\u0027s Codex"}],"event_choices":[{"damage_healed":0,"gold_gain":0,"player_choice":"Donut","damage_taken":0,"max_hp_gain":5,"max_hp_loss":0,"event_name":"Big Fish","floor":2,"gold_loss":0},{"damage_healed":0,"gold_gain":0,"player_choice":"Grow","damage_taken":0,"max_hp_gain":0,"max_hp_loss":0,"event_name":"Living Wall","floor":4,"gold_loss":0,"cards_upgraded":["Sunder"]},{"damage_healed":0,"gold_gain":0,"player_choice":"Obtained Book","damage_taken":21,"max_hp_gain":0,"max_hp_loss":0,"event_name":"Cursed Tome","floor":21,"gold_loss":0}],"is_beta":false,"boss_relics":[{"not_picked":["FrozenCore","Inserter"],"picked":"Fusion Hammer"}],"items_purged_floors":[],"is_endless":false,"potions_floor_spawned":[3,7,10,12,13],"killed_by":"Cultist and Chosen","ascension_level":20}