{"path_per_floor":["M","M","M","?","?","E","R","?","T","R","M","R","T","M","R"],"character_chosen":"THE_SILENT","items_purchased":[],"gold_per_floor":[114,131,147,147,247,272,272,272,357,357,375,375,402,420,420,420],"floor_reached":16,"campfire_rested":0,"playtime":637,"current_hp_per_floor":[64,63,63,63,63,34,34,22,22,22,22,22,22,14,14,0],"items_purged":[],"gold":420,"score":100,"play_id":"0c9f89f9-1723-430b-bd4b-cce20bc38703","local_time":"20180323203958","is_prod":false,"is_daily":false,"is_ascension_mode":false,"campfire_upgraded":4,"timestamp":1521851998,"path_taken":["M","M","M","?","?","E","R","?","T","R","?","R","?","M","R","BOSS"],"build_version":"2018-03-22v2","purchased_purges":0,"victory":false,"master_deck":["Defend_G","Defend_G","Defend_G","Defend_G","Defend_G","Strike_G","Strike_G","Strike_G","Strike_G","Strike_G","Survivor","Neutralize","Tools of the Trade+1","Dagger Throw","Envenom+1","Poisoned Stab","Prepared+1","Prepared+1"],"max_hp_per_floor":[70,70,70,70,70,70,70,70,70,70,70,70,70,70,70,70],"relics":["Ring of the Snake","Gremlin Horn","Frozen Egg 2","Ginger","Tiny Chest","Anchor"],"card_choices":[{"not_picked":["Cloak And Dagger","Underhanded Strike"],"picked":"Tools of the Trade","floor":1},{"not_picked":["Calculated Gamble","Underhanded Strike"],"picked":"Dagger Throw","floor":2},{"not_picked":["Dagger Throw","Outmaneuver"],"picked":"Envenom","floor":3},{"not_picked":["Flying Knee","Deflect"],"picked":"Poisoned Stab","floor":6},{"not_picked":["PiercingWail","Crippling Poison"],"picked":"Prepared","floor":11},{"not_picked":["Sucker Punch","Outmaneuver"],"picked":"Prepared","floor":14}],"player_experience":589446,"potions_floor_usage":[6,11],"damage_taken":[{"damage":6,"enemies":"2 Louse","floor":1,"turns":3},{"damage":1,"enemies":"Cultist","floor":2,"turns":4},{"damage":0,"enemies":"Jaw Worm","floor":3,"turns":3},{"damage":29,"enemies":"Lagavulin","floor":6,"turns":8},{"damage":0,"enemies":"Exordium Wildlife","floor":11,"turns":2},{"damage":8,"enemies":"2 Fungi Beasts","floor":14,"turns":3},{"damage":14,"enemies":"The Guardian","floor":16,"turns":13}],"event_choices":[{"event_name":"Wheel of Change","player_choice":"Relic","floor":4,"damage_taken":0},{"event_name":"Golden Shrine","player_choice":"Pray","floor":5,"damage_taken":0},{"event_name":"Scrap Ooze","player_choice":"success","floor":8,"damage_taken":12}],"boss_relics":[],"potions_floor_spawned":[2,3],"seed_played":"8365319964874418417","killed_by":"The Guardian","ascension_level":0,"is_trial":false}