{"gold_per_floor":[118,136,154,134,153,153,164,129,154,154,181,181,201,215,215,294,294,309,309,324,324,324],"floor_reached":22,"playtime":484,"items_purged":[],"score":476,"play_id":"9bab4819-b0ef-4fa3-b739-db79bbf9ac24","local_time":"20190208195750","is_ascension_mode":true,"campfire_choices":[{"data":"Zap","floor":6,"key":"SMITH"},{"data":"Loop","floor":10,"key":"SMITH"},{"data":"Streamline","floor":15,"key":"SMITH"}],"neow_cost":"NONE","seed_source_timestamp":462553641093440,"circlet_count":0,"master_deck":["AscendersBane","Strike_B","Strike_B","Strike_B","Strike_B","Defend_B","Defend_B","Defend_B","Defend_B","Zap+1","Dualcast","Leap","Compile Driver","Ball Lightning","Loop+1","Capacitor","Genetic Algorithm+1","Streamline+1","Echo Form","Electrodynamics","Defragment+1","BootSequence","BootSequence"],"relics":["Cracked Core","Happy Flower","Ancient Tea Set","Potion Belt","Runic Dome"],"potions_floor_usage":[11,16,16,18],"damage_taken":[{"damage":7,"enemies":"Jaw Worm","floor":1,"turns":3},{"damage":0,"enemies":"Cultist","floor":2,"turns":4},{"damage":7,"enemies":"Small Slimes","floor":3,"turns":3},{"damage":3,"enemies":"Exordium Thugs","floor":5,"turns":3},{"damage":14,"enemies":"Red Slaver","floor":7,"turns":4},{"damage":16,"enemies":"Lagavulin","floor":11,"turns":6},{"damage":0,"enemies":"3 Louse","floor":13,"turns":3},{"damage":5,"enemies":"Looter","floor":14,"turns":3},{"damage":0,"enemies":"Slime Boss","floor":16,"turns":6},{"damage":1,"enemies":"3 Byrds","floor":18,"turns":2},{"damage":20,"enemies":"Chosen","floor":20,"turns":4},{"damage":48,"enemies":"Shelled Parasite and Fungi","floor":22,"turns":3}],"seed_played":"2621201255324477054","potions_obtained":[{"floor":4,"key":"AttackPotion"},{"floor":7,"key":"AttackPotion"},{"floor":11,"key":"LiquidBronze"},{"floor":13,"key":"Fire Potion"},{"floor":14,"key":"Fire Potion"},{"floor":16,"key":"EssenceOfSteel"},{"floor":18,"key":"Energy Potion"}],"is_trial":false,"path_per_floor":["M","M","M","?","M","R","M","?","T","R","E","?","M","M","R","B",null,"M","?","M","?","M"],"character_chosen":"DEFECT","items_purchased":[],"campfire_rested":0,"item_purchase_floors":[],"current_hp_per_floor":[57,57,50,50,47,47,33,50,50,50,34,34,34,29,29,29,61,60,60,40,40,0],"gold":324,"neow_bonus":"RANDOM_COMMON_RELIC","is_prod":false,"is_daily":false,"chose_seed":false,"campfire_upgraded":3,"win_rate":0,"timestamp":1549681070,"path_taken":["M","M","M","?","M","R","?","?","T","R","E","?","?","M","R","BOSS","M","?","M","?","M"],"build_version":"2019-02-06","purchased_purges":0,"victory":false,"max_hp_per_floor":[71,71,71,71,71,71,71,71,71,71,71,71,71,71,71,71,71,71,71,71,71,71],"card_choices":[{"not_picked":["Go for the Eyes","Stack"],"picked":"Leap","floor":1},{"not_picked":["Skim","Tempest"],"picked":"Compile Driver","floor":2},{"not_picked":["Conserve Battery","FTL"],"picked":"Ball Lightning","floor":3},{"not_picked":["Fusion","Chill"],"picked":"Loop","floor":5},{"not_picked":["Scrape","Heatsinks"],"picked":"Capacitor","floor":7},{"not_picked":["Steam","Reinforced Body"],"picked":"Genetic Algorithm","floor":11},{"not_picked":["Beam Cell","Redo"],"picked":"Streamline","floor":13},{"not_picked":["Stack","Glacier"],"picked":"Echo Form","floor":14},{"not_picked":["Seek","Buffer"],"picked":"Electrodynamics","floor":16},{"not_picked":["Rebound","Conserve Battery"],"picked":"Defragment+1","floor":18},{"not_picked":["Conserve Battery","Chill"],"picked":"BootSequence","floor":20}],"player_experience":1079426,"relics_obtained":[{"floor":9,"key":"Ancient Tea Set"},{"floor":11,"key":"Potion Belt"}],"event_choices":[{"damage_healed":0,"gold_gain":0,"player_choice":"Bought 1 Potion","damage_taken":0,"max_hp_gain":0,"max_hp_loss":0,"event_name":"The Woman in Blue","floor":4,"gold_loss":0},{"damage_healed":17,"gold_gain":0,"player_choice":"Healed","damage_taken":0,"max_hp_gain":0,"max_hp_loss":0,"event_name":"The Cleric","floor":8,"gold_loss":35},{"damage_healed":0,"gold_gain":0,"player_choice":"Upgraded","damage_taken":0,"max_hp_gain":0,"max_hp_loss":0,"event_name":"Upgrade Shrine","floor":12,"gold_loss":0,"cards_upgraded":["Genetic Algorithm"]},{"damage_healed":0,"gold_gain":0,"player_choice":"Ignored","damage_taken":0,"max_hp_gain":0,"max_hp_loss":0,"event_name":"Vampires","floor":19,"gold_loss":0},{"damage_healed":0,"gold_gain":0,"player_choice":"Read","damage_taken":0,"max_hp_gain":0,"max_hp_loss":0,"event_name":"The Library","floor":21,"gold_loss":0,"cards_obtained":["BootSequence"]}],"is_beta":true,"boss_relics":[{"not_picked":["Philosopher\u0027s Stone","Busted Crown"],"picked":"Runic Dome"}],"items_purged_floors":[],"is_endless":false,"potions_floor_spawned":[7,11,13,14,16,18],"killed_by":"Shelled Parasite and Fungi","ascension_level":20}