{"path_per_floor":["M","M","?","?","M","R","E","?","T","M","R","E","?","E","R"],"character_chosen":"IRONCLAD","items_purchased":[],"gold_per_floor":[109,123,373,373,388,388,421,421,446,458,458,493,557,590,590,590],"floor_reached":16,"campfire_rested":0,"playtime":648,"current_hp_per_floor":[71,75,75,75,67,67,47,47,47,50,50,33,26,10,10,0],"items_purged":[],"gold":590,"score":207,"play_id":"f002465c-38e0-477c-8a8a-af3e41bb553d","local_time":"20180414132820","is_prod":false,"is_daily":false,"chose_seed":false,"is_ascension_mode":true,"campfire_upgraded":3,"timestamp":1523726900,"path_taken":["M","M","?","?","M","R","E","?","T","M","R","E","?","E","R","BOSS"],"build_version":"2018-04-12","seed_source_timestamp":143424913394224,"purchased_purges":0,"victory":false,"master_deck":["Strike_R","Strike_R","Strike_R","Strike_R","Strike_R","Defend_R","Defend_R","Defend_R","Defend_R","Bash+1","AscendersBane","Rampage+1","Wild Strike","Regret","Injury","Thunderclap","True Grit+1","Reckless Charge","Sentinel","Perfected Strike+1"],"max_hp_per_floor":[75,75,75,75,75,75,75,75,75,75,75,75,75,75,75,75],"relics":["Burning Blood","Bag of Preparation","Oddly Smooth Stone","Blood Vial","Mercury Hourglass","Gremlin Horn"],"card_choices":[{"not_picked":["Iron Wave","Shrug It Off"],"picked":"Rampage","floor":1},{"not_picked":["Body Slam","Havoc"],"picked":"Wild Strike","floor":2},{"not_picked":["Fire Breathing","Power Through"],"picked":"Thunderclap","floor":5},{"not_picked":["Body Slam","Thunderclap"],"picked":"True Grit","floor":10},{"not_picked":["Barricade","Cleave"],"picked":"Reckless Charge","floor":12},{"not_picked":["Iron Wave","Thunderclap"],"picked":"Sentinel","floor":13},{"not_picked":["True Grit","Sword Boomerang"],"picked":"Perfected Strike","floor":14}],"player_experience":859698,"potions_floor_usage":[7,10,10,12,14,16],"damage_taken":[{"damage":3,"enemies":"Jaw Worm","floor":1,"turns":5},{"damage":1,"enemies":"Cultist","floor":2,"turns":3},{"damage":14,"enemies":"Small Slimes","floor":5,"turns":3},{"damage":26,"enemies":"3 Sentries","floor":7,"turns":7},{"damage":3,"enemies":"Looter","floor":10,"turns":2},{"damage":23,"enemies":"Lagavulin","floor":12,"turns":7},{"damage":15,"enemies":"3 Sentries","floor":13,"turns":8},{"damage":24,"enemies":"3 Sentries","floor":14,"turns":6},{"damage":12,"enemies":"The Guardian","floor":16,"turns":3}],"event_choices":[{"event_name":"Golden Shrine","player_choice":"Desecrate","floor":3,"damage_taken":0},{"event_name":"Accursed Blacksmith","player_choice":"Forge","floor":4,"damage_taken":0},{"event_name":"The Lab","player_choice":"Got Potions","floor":8,"damage_taken":0},{"event_name":"Dead Adventurer","player_choice":"Searched \u00271\u0027 times","floor":13,"damage_taken":0}],"boss_relics":[],"potions_floor_spawned":[2,5,13,13],"seed_played":"1262283799142950370","killed_by":"The Guardian","ascension_level":15,"is_trial":false}