{"path_per_floor":["M","$","?","?","M","R","E","R","T","M","R","$","R","E","R","B",null,"M","?","M","?"],"character_chosen":"THE_SILENT","items_purchased":["Backflip","Caltrops","Footwork","Regen Potion"],"gold_per_floor":[119,18,18,18,32,32,72,72,147,171,171,52,52,86,86,212,212,225,225,243,243,243],"floor_reached":22,"campfire_rested":0,"playtime":866,"current_hp_per_floor":[63,63,63,63,57,57,19,19,19,13,13,13,13,24,24,4,57,44,44,30,30,0],"items_purged":[],"gold":243,"score":303,"play_id":"2feae455-8ca6-4395-a73c-12e6ddd06033","local_time":"20180328205059","is_prod":false,"is_daily":false,"is_ascension_mode":true,"campfire_upgraded":5,"timestamp":1522284659,"path_taken":["M","?","?","?","M","R","E","R","T","M","R","$","R","E","R","BOSS","M","?","M","?","?"],"build_version":"2018-03-22v2","purchased_purges":0,"victory":false,"master_deck":["Defend_G","Defend_G","Defend_G","Defend_G","Defend_G","Strike_G","Strike_G","Strike_G","Strike_G","Strike_G","Survivor","Neutralize","AscendersBane","Underhanded Strike","Backflip","Caltrops+1","Infinite Blades+1","Finisher+1","Dagger Throw","Footwork+1","Choke+1","Tactician+1","Acrobatics+1"],"max_hp_per_floor":[70,70,65,65,65,65,65,65,65,65,65,65,65,75,75,75,75,75,75,75,75,75],"relics":["Cursed Key","Bloody Idol","Ancient Tea Set","Toxic Egg 2","Pear","Black Star","Spirit Poop"],"card_choices":[{"not_picked":["Bane","Prepared"],"picked":"Underhanded Strike","floor":1},{"not_picked":["Deflect","Accuracy"],"picked":"Infinite Blades","floor":5},{"not_picked":["Deadly Poison","Outmaneuver"],"picked":"Finisher","floor":7},{"not_picked":["Leg Sweep","Flying Knee"],"picked":"Dagger Throw","floor":10},{"not_picked":["Storm of Steel","Heel Hook"],"picked":"Choke","floor":14},{"not_picked":["Glass Knife","Burst"],"picked":"Tactician","floor":16},{"not_picked":["Backflip","Sucker Punch"],"picked":"Acrobatics","floor":20}],"player_experience":618866,"potions_floor_usage":[14,16,16,22],"damage_taken":[{"damage":0,"enemies":"Cultist","floor":1,"turns":5},{"damage":6,"enemies":"Jaw Worm","floor":5,"turns":4},{"damage":38,"enemies":"Lagavulin","floor":7,"turns":11},{"damage":6,"enemies":"2 Louse","floor":10,"turns":3},{"damage":8,"enemies":"Gremlin Nob","floor":14,"turns":4},{"damage":20,"enemies":"Slime Boss","floor":16,"turns":9},{"damage":13,"enemies":"3 Byrds","floor":18,"turns":1},{"damage":19,"enemies":"Shell Parasite","floor":20,"turns":5},{"damage":38,"enemies":"Centurion and Healer","floor":22,"turns":4}],"event_choices":[{"event_name":"Golden Idol","player_choice":"Lose Max HP","floor":3,"damage_taken":0},{"event_name":"The Cleric","player_choice":"Leave","floor":4,"damage_taken":0},{"event_name":"Forgotten Altar","player_choice":"Gave Idol","floor":19,"damage_taken":0},{"event_name":"Bonfire Elementals","player_choice":"CURSE","floor":21,"damage_taken":0}],"boss_relics":[{"not_picked":["Orrery","Eternal Feather"],"picked":"Black Star"}],"potions_floor_spawned":[7,10,18],"seed_played":"8075704655466149104","killed_by":"Centurion and Healer","ascension_level":12,"is_trial":false}