{"gold_per_floor":[112,130,141,141,141,141,184,184,184,222,296,14,37,2,2,2],"floor_reached":16,"playtime":523,"items_purged":[],"score":200,"play_id":"391509b6-8f74-4620-a656-831cbd4a2313","local_time":"20180916162835","is_ascension_mode":true,"campfire_choices":[{"data":"Armaments","floor":6,"key":"SMITH"},{"data":"Cleave","floor":8,"key":"SMITH"},{"data":"Bash","floor":15,"key":"SMITH"}],"neow_cost":"","seed_source_timestamp":154340064954549,"circlet_count":0,"master_deck":["Strike_R","Strike_R","Strike_R","Strike_R","Strike_R","Defend_R","Defend_R","Defend_R","Defend_R","Bash+1","AscendersBane","Heavy Blade","Cleave+1","Armaments+1","Wild Strike","Whirlwind","Dark Embrace"],"relics":["Burning Blood","Golden Idol","Gremlin Horn","Ornamental Fan","Ancient Tea Set","Molten Egg 2"],"potions_floor_usage":[7,7],"damage_taken":[{"damage":1,"enemies":"Cultist","floor":1,"turns":3},{"damage":10,"enemies":"Small Slimes","floor":2,"turns":3},{"damage":3,"enemies":"2 Louse","floor":3,"turns":3},{"damage":45,"enemies":"Lagavulin","floor":7,"turns":9},{"damage":31,"enemies":"3 Sentries","floor":10,"turns":8},{"damage":15,"enemies":"Looter","floor":13,"turns":4},{"damage":29,"enemies":"Slime Boss","floor":16,"turns":7}],"seed_played":"-8208334189506926107","potions_obtained":[{"floor":1,"key":"SkillPotion"},{"floor":3,"key":"Regen Potion"}],"is_trial":false,"path_per_floor":["M","M","M","?","?","R","E","R","T","E","?","$","M","?","R"],"character_chosen":"IRONCLAD","items_purchased":["Molten Egg 2"],"campfire_rested":0,"item_purchase_floors":[12],"current_hp_per_floor":[73,69,72,68,68,68,43,43,43,18,18,18,9,26,26,0],"gold":2,"neow_bonus":"","is_prod":false,"is_daily":false,"chose_seed":false,"campfire_upgraded":3,"win_rate":0,"timestamp":1537129715,"path_taken":["M","M","?","?","?","R","E","R","T","E","?","$","?","?","R","BOSS"],"build_version":"2018-09-06","purchased_purges":0,"victory":false,"max_hp_per_floor":[75,75,75,75,68,68,68,68,68,68,68,68,68,68,68,68],"card_choices":[{"not_picked":["Rage","Headbutt"],"picked":"Heavy Blade","floor":1},{"not_picked":["Shrug It Off","Iron Wave"],"picked":"Cleave","floor":2},{"not_picked":["Iron Wave","Cleave"],"picked":"Armaments","floor":3},{"not_picked":["Twin Strike","Clash"],"picked":"Wild Strike","floor":7},{"not_picked":["Sever Soul","Hemokinesis"],"picked":"Whirlwind","floor":10},{"not_picked":["True Grit","Disarm"],"picked":"Dark Embrace","floor":13}],"player_experience":1011691,"relics_obtained":[{"floor":7,"key":"Gremlin Horn"},{"floor":9,"key":"Ornamental Fan"},{"floor":10,"key":"Ancient Tea Set"}],"event_choices":[{"event_name":"The Woman in Blue","player_choice":"Bought 0 Potions","floor":4,"damage_taken":0},{"event_name":"Golden Idol","player_choice":"Lose Max HP","floor":5,"damage_taken":0},{"event_name":"Golden Wing","player_choice":"Gained Gold","floor":11,"damage_taken":0},{"event_name":"The Cleric","player_choice":"Healed","floor":14,"damage_taken":0}],"is_beta":false,"boss_relics":[],"items_purged_floors":[],"is_endless":false,"potions_floor_spawned":[1,3],"killed_by":"Slime Boss","ascension_level":17}