{"gold_per_floor":[110,35,53,67,87,87,119,19,72,100,112,112,112,143,143,143],"floor_reached":16,"playtime":471,"items_purged":["Parasite","Strike_R"],"score":210,"play_id":"7394e25c-589b-4567-b10d-922a3f200086","local_time":"20190320225043","is_ascension_mode":true,"campfire_choices":[{"data":"Uppercut","floor":6,"key":"SMITH"},{"data":"Immolate","floor":12,"key":"SMITH"},{"data":"Armaments","floor":15,"key":"SMITH"}],"neow_cost":"CURSE","seed_source_timestamp":646910603307635,"circlet_count":0,"master_deck":["AscendersBane","Strike_R","Strike_R","Strike_R","Defend_R","Defend_R","Defend_R","Defend_R","Bash","Immolate+1","Uppercut+1","Ghostly Armor","Offering","Battle Trance","Armaments+1"],"relics":["Burning Blood","Juzu Bracelet","Tiny Chest","Ancient Tea Set","Blood Vial"],"potions_floor_usage":[10,14],"damage_taken":[{"damage":7,"enemies":"Jaw Worm","floor":1,"turns":3},{"damage":3,"enemies":"2 Louse","floor":3,"turns":3},{"damage":1,"enemies":"Cultist","floor":4,"turns":3},{"damage":12,"enemies":"Large Slime","floor":5,"turns":6},{"damage":24,"enemies":"Gremlin Nob","floor":7,"turns":4},{"damage":17,"enemies":"3 Sentries","floor":10,"turns":5},{"damage":6,"enemies":"Blue Slaver","floor":11,"turns":2},{"damage":11,"enemies":"Lagavulin","floor":14,"turns":3},{"damage":27,"enemies":"The Guardian","floor":16,"turns":7}],"seed_played":"3714643944384866845","potions_obtained":[{"floor":1,"key":"Explosive Potion"},{"floor":4,"key":"Explosive Potion"},{"floor":10,"key":"AttackPotion"}],"is_trial":false,"path_per_floor":["M","$","M","M","M","R","E","$","T","E","M","R","?","E","R","B"],"character_chosen":"IRONCLAD","items_purchased":[],"campfire_rested":0,"item_purchase_floors":[],"current_hp_per_floor":[67,67,70,72,66,66,48,48,48,37,37,37,30,25,25,0],"gold":143,"neow_bonus":"THREE_RARE_CARDS","is_prod":false,"is_daily":false,"chose_seed":false,"campfire_upgraded":3,"win_rate":0,"timestamp":1553136643,"path_taken":["M","$","M","M","M","R","E","$","T","E","M","R","?","E","R","BOSS"],"build_version":"2019-03-15","purchased_purges":2,"victory":false,"max_hp_per_floor":[75,72,72,72,72,72,72,72,72,72,72,72,72,72,72,72],"card_choices":[{"not_picked":["Double Tap","Fiend Fire"],"picked":"Immolate","floor":0},{"not_picked":["Blood for Blood","Second Wind"],"picked":"Uppercut","floor":1},{"not_picked":["Whirlwind","Clothesline","Power Through"],"picked":"SKIP","floor":3},{"not_picked":["Fire Breathing","Clothesline"],"picked":"Ghostly Armor","floor":4},{"not_picked":["Bloodletting","Body Slam","Flex"],"picked":"SKIP","floor":5},{"not_picked":["Body Slam","Twin Strike","Burning Pact"],"picked":"SKIP","floor":7},{"not_picked":["Sword Boomerang","Wild Strike"],"picked":"Offering","floor":10},{"not_picked":["Flex","Fire Breathing"],"picked":"Battle Trance","floor":11},{"not_picked":["Infernal Blade","Havoc"],"picked":"Armaments","floor":14}],"player_experience":2243944,"relics_obtained":[{"floor":7,"key":"Juzu Bracelet"},{"floor":9,"key":"Tiny Chest"},{"floor":10,"key":"Ancient Tea Set"},{"floor":14,"key":"Blood Vial"}],"event_choices":[{"cards_removed":["Strike_R"],"damage_healed":0,"gold_gain":0,"player_choice":"Card Removal","damage_taken":7,"max_hp_gain":0,"max_hp_loss":0,"event_name":"Golden Wing","floor":13,"gold_loss":0}],"is_beta":true,"boss_relics":[],"items_purged_floors":[2,8],"is_endless":false,"potions_floor_spawned":[1,4,5,10,11],"killed_by":"The Guardian","ascension_level":15}