{"gold_per_floor":[112,112,129,129,145,145,179,179,255,271,312,336,367,367,367,463,463,478,478,71,86,102,102,137,137,137,137,137,96,115,131,131,226,226,250,265,160,160,185,185,203,239,266,266,266,286,319,340,340,340,340,340,340,60,96,96],"floor_reached":56,"playtime":3217,"items_purged":[],"score":2048,"play_id":"5f927a02-d5fd-41f2-9ef1-da7be1df8586","local_time":"20190404230019","is_ascension_mode":true,"campfire_choices":[{"data":"1","floor":6,"key":"LIFT"},{"data":"2","floor":8,"key":"LIFT"},{"data":"3","floor":15,"key":"LIFT"},{"data":"Whirlwind","floor":23,"key":"SMITH"},{"data":"Fiend Fire","floor":27,"key":"SMITH"},{"data":"Disarm","floor":32,"key":"SMITH"},{"floor":40,"key":"RECALL"},{"data":"Demon Form","floor":44,"key":"SMITH"},{"data":"Corruption","floor":49,"key":"SMITH"},{"data":"Inflame","floor":53,"key":"SMITH"}],"neow_cost":"PERCENT_DAMAGE","seed_source_timestamp":302485937109050,"circlet_count":0,"master_deck":["AscendersBane","Strike_R","Strike_R","Strike_R","Strike_R","Defend_R","Defend_R","Defend_R","Defend_R","Bash","Cleave","Twin Strike","Inflame+1","Pommel Strike","Heavy Blade","Shrug It Off","Fiend Fire+1","Wild Strike+1","Whirlwind+1","Flame Barrier","Evolve","Pummel","Disarm+1","Burning Pact","Shockwave","Anger+1","Demon Form+1","Corruption+1","Writhe","Shrug It Off"],"relics":["Burning Blood","Girya","Art of War","Golden Idol","Dead Branch","Ornamental Fan","Omamori","Bag of Preparation","Coffee Dripper","Bird Faced Urn","Ice Cream","Calipers","Matryoshka","Happy Flower","Busted Crown","Anchor","Potion Belt","Oddly Smooth Stone","Lantern","Orichalcum"],"potions_floor_usage":[7,11,14,22,24,31,46,46,46,50,51,51,51,51,51,55,56,56,56,56,56,56,56],"damage_taken":[{"damage":3,"enemies":"2 Louse","floor":1,"turns":3},{"damage":7,"enemies":"Jaw Worm","floor":3,"turns":4},{"damage":1,"enemies":"Cultist","floor":5,"turns":3},{"damage":20,"enemies":"3 Sentries","floor":7,"turns":7},{"damage":7,"enemies":"Looter","floor":10,"turns":3},{"damage":28,"enemies":"Gremlin Nob","floor":11,"turns":4},{"damage":0,"enemies":"2 Fungi Beasts","floor":12,"turns":2},{"damage":6,"enemies":"Lagavulin","floor":13,"turns":3},{"damage":0,"enemies":"Exordium Wildlife","floor":14,"turns":1},{"damage":4,"enemies":"Slime Boss","floor":16,"turns":5},{"damage":9,"enemies":"2 Thieves","floor":18,"turns":1},{"damage":0,"enemies":"Chosen","floor":21,"turns":3},{"damage":12,"enemies":"Snake Plant","floor":22,"turns":2},{"damage":6,"enemies":"Slavers","floor":24,"turns":3},{"damage":13,"enemies":"3 Cultists","floor":30,"turns":4},{"damage":11,"enemies":"Shelled Parasite and Fungi","floor":31,"turns":2},{"damage":37,"enemies":"Collector","floor":33,"turns":7},{"damage":0,"enemies":"Orb Walker","floor":35,"turns":1},{"damage":0,"enemies":"3 Shapes","floor":36,"turns":3},{"damage":13,"enemies":"Jaw Worm Horde","floor":39,"turns":4},{"damage":17,"enemies":"Sphere and 2 Shapes","floor":41,"turns":3},{"damage":22,"enemies":"Reptomancer","floor":42,"turns":4},{"damage":0,"enemies":"3 Darklings","floor":46,"turns":2},{"damage":22,"enemies":"Nemesis","floor":47,"turns":5},{"damage":4,"enemies":"4 Shapes","floor":48,"turns":4},{"damage":48,"enemies":"Donu and Deca","floor":50,"turns":13},{"damage":9,"enemies":"Awakened One","floor":51,"turns":6},{"damage":61,"enemies":"Shield and Spear","floor":55,"turns":5},{"damage":52,"enemies":"The Heart","floor":56,"turns":2}],"seed_played":"4714038043768227346","potions_obtained":[{"floor":5,"key":"Fire Potion"},{"floor":7,"key":"SmokeBomb"},{"floor":10,"key":"BloodPotion"},{"floor":16,"key":"Energy Potion"},{"floor":18,"key":"Energy Potion"},{"floor":22,"key":"LiquidBronze"},{"floor":24,"key":"FairyPotion"},{"floor":30,"key":"Energy Potion"},{"floor":46,"key":"Poison Potion"},{"floor":48,"key":"EntropicBrew"},{"floor":55,"key":"Swift Potion"}],"is_trial":false,"path_per_floor":["M","?","M","?","M","R","E","R","T","M","E","M","E","M","R","B",null,"M","?","$","M","M","R","E","?","T","R","?","$","M","M","R","B",null,"M","M","$","?","M","R","M","E","T","R","?","M","E","M","R","B","B",null,"R","$","E","B"],"character_chosen":"IRONCLAD","items_purchased":["Bird Faced Urn","Flame Barrier","Burning Pact","EntropicBrew","Lantern","Fire Potion","PowerPotion"],"campfire_rested":0,"item_purchase_floors":[20,20,29,37,54,54,54],"current_hp_per_floor":[53,42,41,41,46,46,32,32,32,31,15,21,21,27,27,29,58,55,55,55,61,55,55,55,55,55,55,55,55,52,47,47,20,56,62,68,68,68,63,63,60,50,50,50,64,68,60,68,68,46,57,65,65,65,17,0],"gold":96,"neow_bonus":"ONE_RARE_RELIC","is_prod":false,"is_daily":false,"chose_seed":false,"campfire_upgraded":6,"win_rate":0,"timestamp":1554433219,"path_taken":["M","?","M","?","?","R","E","R","T","M","E","M","E","M","R","BOSS","M","?","?","?","M","R","E","?","T","R","?","?","M","?","R","BOSS","M","M","$","?","M","R","M","E","T","R","?","?","E","M","R","BOSS","BOSS","R","$","E","BOSS"],"build_version":"2019-01-23","purchased_purges":0,"victory":false,"max_hp_per_floor":[75,75,75,68,68,68,68,68,68,68,68,68,68,68,68,68,68,68,68,68,68,68,68,68,68,68,68,68,68,68,68,68,68,68,68,68,68,68,68,68,68,68,68,68,68,68,68,68,68,68,68,68,68,68,68,68],"card_choices":[{"not_picked":["Warcry","Flex"],"picked":"Cleave","floor":1},{"not_picked":["Rampage","Clash"],"picked":"Twin Strike","floor":3},{"not_picked":["True Grit","Cleave","Flex"],"picked":"SKIP","floor":5},{"not_picked":["Barricade","Intimidate"],"picked":"Inflame","floor":7},{"not_picked":["Flex","Twin Strike"],"picked":"Pommel Strike","floor":10},{"not_picked":["Sever Soul","Warcry"],"picked":"Heavy Blade","floor":11},{"not_picked":["Flex","Rupture","Iron Wave"],"picked":"SKIP","floor":12},{"not_picked":["Flex","Rupture","Iron Wave"],"picked":"SKIP","floor":12},{"not_picked":["Battle Trance","Perfected Strike"],"picked":"Shrug It Off","floor":13},{"not_picked":["Berserk","Juggernaut"],"picked":"Fiend Fire","floor":16},{"not_picked":["Flex","Pommel Strike+1"],"picked":"Wild Strike+1","floor":18},{"not_picked":["Havoc","Sword Boomerang"],"picked":"Evolve","floor":21},{"not_picked":["Heavy Blade","Combust"],"picked":"Pummel","floor":22},{"not_picked":["True Grit","Infernal Blade"],"picked":"Disarm","floor":24},{"not_picked":["Intimidate","Bloodletting"],"picked":"Shockwave","floor":30},{"not_picked":["Twin Strike","Wild Strike"],"picked":"Anger+1","floor":31},{"not_picked":["Exhume","Barricade"],"picked":"Demon Form","floor":33},{"not_picked":[],"picked":"Corruption","floor":35},{"not_picked":["Twin Strike"],"picked":"SKIP","floor":36},{"not_picked":["Twin Strike"],"picked":"SKIP","floor":39},{"not_picked":["Pummel"],"picked":"SKIP","floor":41},{"not_picked":["Clothesline"],"picked":"SKIP","floor":42},{"not_picked":["Flex"],"picked":"SKIP","floor":46},{"not_picked":["Iron Wave"],"picked":"SKIP","floor":47},{"not_picked":["Fire Breathing"],"picked":"SKIP","floor":48},{"not_picked":[],"picked":"Shrug It Off","floor":55}],"player_experience":1597922,"relics_obtained":[{"floor":7,"key":"Dead Branch"},{"floor":9,"key":"Ornamental Fan"},{"floor":11,"key":"Omamori"},{"floor":13,"key":"Bag of Preparation"},{"floor":24,"key":"Ice Cream"},{"floor":26,"key":"Matryoshka"},{"floor":42,"key":"Anchor"},{"floor":43,"key":"Potion Belt"},{"floor":47,"key":"Oddly Smooth Stone"},{"floor":55,"key":"Orichalcum"}],"event_choices":[{"damage_healed":0,"gold_gain":0,"player_choice":"Success","damage_taken":11,"relics_obtained":["Art of War"],"max_hp_gain":0,"max_hp_loss":0,"event_name":"Scrap Ooze","floor":2,"gold_loss":0},{"damage_healed":0,"gold_gain":0,"player_choice":"Lose Max HP","damage_taken":0,"relics_obtained":["Golden Idol"],"max_hp_gain":0,"max_hp_loss":7,"event_name":"Golden Idol","floor":4,"gold_loss":0},{"damage_healed":0,"gold_gain":0,"player_choice":"Read","damage_taken":0,"max_hp_gain":0,"max_hp_loss":0,"event_name":"The Library","floor":19,"gold_loss":0,"cards_obtained":["Whirlwind"]},{"damage_healed":0,"gold_gain":0,"player_choice":"Stole Relic","damage_taken":0,"relics_obtained":["Calipers"],"max_hp_gain":0,"max_hp_loss":0,"event_name":"Addict","floor":25,"gold_loss":0,"cards_obtained":["Shame"]},{"damage_healed":0,"gold_gain":0,"player_choice":"Opened","damage_taken":0,"relics_obtained":["Happy Flower"],"max_hp_gain":0,"max_hp_loss":0,"event_name":"The Mausoleum","floor":28,"gold_loss":0,"cards_obtained":["Writhe"]},{"cards_removed":["Strike_R"],"damage_healed":0,"gold_gain":0,"player_choice":"Removed Attack","damage_taken":0,"max_hp_gain":0,"max_hp_loss":0,"event_name":"Falling","floor":38,"gold_loss":0},{"damage_healed":14,"gold_gain":0,"player_choice":"Writhe","damage_taken":0,"max_hp_gain":0,"max_hp_loss":0,"event_name":"Winding Halls","floor":45,"gold_loss":0,"cards_obtained":["Writhe"]}],"is_beta":false,"boss_relics":[{"not_picked":["Runic Pyramid","Pandora\u0027s Box"],"picked":"Coffee Dripper"},{"not_picked":["Sozu","Black Star"],"picked":"Busted Crown"}],"items_purged_floors":[],"is_endless":false,"potions_floor_spawned":[5,7,10,14,16,18,22,24,30,41,42,46,48,55],"killed_by":"The Heart","ascension_level":20}