{"gold_per_floor":[111,122,122,179,199,199,224,236,285,316,332,355,355,375,375,470,470,490,415,115,131,142,176,176,206,206,206,31,60,60,72,72,167,167,180,193,193,205,222,222,240,240],"floor_reached":42,"playtime":2304,"items_purged":["Strike_B","Decay"],"score":589,"play_id":"c2fab157-7f5d-407e-8b8a-63beebe01410","local_time":"20190312001418","is_ascension_mode":true,"campfire_choices":[{"data":"Zap","floor":6,"key":"SMITH"},{"data":"Amplify","floor":13,"key":"SMITH"},{"data":"Dualcast","floor":15,"key":"SMITH"},{"data":"Storm","floor":24,"key":"SMITH"},{"data":"Creative AI","floor":30,"key":"SMITH"},{"data":"Machine Learning","floor":32,"key":"SMITH"},{"data":"Rainbow","floor":40,"key":"SMITH"}],"neow_cost":"NONE","seed_source_timestamp":736963919748463,"circlet_count":0,"master_deck":["Strike_B","Strike_B","Strike_B","Defend_B+1","Defend_B","Zap+1","Dualcast+1","Self Repair","Self Repair","Coolheaded","Darkness+1","Rebound","Amplify+1","Compile Driver","Sweeping Beam","Machine Learning+1","Rebound","Storm+1","Rainbow+1","Static Discharge+1","Hologram","Creative AI+1","Electrodynamics","Self Repair","Self Repair+1","Amplify","Double Energy+1","Hologram+1","Pain","Sweeping Beam+1"],"relics":["Cracked Core","Tiny Chest","Gremlin Horn","Blood Vial","Ancient Tea Set","War Paint","Coffee Dripper","Vajra","Mercury Hourglass","Letter Opener","PreservedInsect","Sozu"],"potions_floor_usage":[7,10,10,11,25,25,39,42],"damage_taken":[{"damage":7,"enemies":"Jaw Worm","floor":1,"turns":3},{"damage":0,"enemies":"Small Slimes","floor":2,"turns":3},{"damage":15,"enemies":"2 Louse","floor":5,"turns":2},{"damage":26,"enemies":"3 Sentries","floor":7,"turns":8},{"damage":4,"enemies":"Red Slaver","floor":8,"turns":5},{"damage":31,"enemies":"Gremlin Nob","floor":10,"turns":4},{"damage":32,"enemies":"Exordium Thugs","floor":11,"turns":4},{"damage":8,"enemies":"Exordium Wildlife","floor":14,"turns":3},{"damage":41,"enemies":"Slime Boss","floor":16,"turns":8},{"damage":24,"enemies":"Shell Parasite","floor":18,"turns":4},{"damage":5,"enemies":"Chosen","floor":21,"turns":3},{"damage":4,"enemies":"Centurion and Healer","floor":22,"turns":4},{"damage":5,"enemies":"Gremlin Leader","floor":23,"turns":6},{"damage":30,"enemies":"Slavers","floor":25,"turns":2},{"damage":18,"enemies":"Gremlin Leader","floor":29,"turns":1},{"damage":0,"enemies":"Snecko","floor":31,"turns":2},{"damage":60,"enemies":"Collector","floor":33,"turns":8},{"damage":37,"enemies":"3 Darklings","floor":35,"turns":3},{"damage":8,"enemies":"Orb Walker","floor":36,"turns":2},{"damage":44,"enemies":"3 Darklings","floor":38,"turns":4},{"damage":22,"enemies":"4 Shapes","floor":39,"turns":2},{"damage":19,"enemies":"Jaw Worm Horde","floor":41,"turns":2},{"damage":77,"enemies":"Nemesis","floor":42,"turns":3}],"seed_played":"-569760218724138681","potions_obtained":[{"floor":2,"key":"PowerPotion"},{"floor":5,"key":"PowerPotion"},{"floor":7,"key":"Regen Potion"},{"floor":8,"key":"PowerPotion"},{"floor":18,"key":"Weak Potion"},{"floor":22,"key":"LiquidBronze"},{"floor":25,"key":"Block Potion"},{"floor":29,"key":"Explosive Potion"}],"is_trial":false,"path_per_floor":["M","M","?","T","M","R","E","M","T","E","M","T","R","M","R","B",null,"M","?","$","M","M","E","R","E","T","?","$","E","R","M","R","B",null,"M","M","?","M","M","R","M","E"],"character_chosen":"DEFECT","items_purchased":["Storm","Rainbow","Self Repair"],"campfire_rested":0,"item_purchase_floors":[20,20,28],"current_hp_per_floor":[75,82,75,75,74,74,62,72,72,57,67,67,67,75,75,64,82,79,79,79,82,82,82,82,52,52,52,52,43,43,62,62,49,82,76,77,77,73,60,60,43,0],"gold":240,"neow_bonus":"TEN_PERCENT_HP_BONUS","is_prod":false,"is_daily":false,"chose_seed":false,"campfire_upgraded":7,"win_rate":0,"timestamp":1552364058,"path_taken":["M","M","?","?","M","R","E","M","T","E","M","?","R","M","R","BOSS","M","?","$","M","M","E","R","E","T","?","$","E","R","M","R","BOSS","M","M","?","?","M","R","M","E"],"build_version":"2019-01-23","purchased_purges":2,"victory":false,"max_hp_per_floor":[82,82,82,82,82,82,82,82,82,82,82,82,82,82,82,82,82,82,82,82,82,82,82,82,82,82,82,82,82,82,82,82,82,82,82,82,82,82,82,82,82,82],"card_choices":[{"not_picked":["Coolheaded","Genetic Algorithm"],"picked":"Self Repair","floor":1},{"not_picked":["Conserve Battery","Fusion"],"picked":"Self Repair","floor":2},{"not_picked":["Leap","Auto Shields"],"picked":"Coolheaded","floor":5},{"not_picked":["Stack","Go for the Eyes"],"picked":"Darkness","floor":7},{"not_picked":["Beam Cell","Cold Snap"],"picked":"Rebound","floor":8},{"not_picked":["Stack","Barrage"],"picked":"Amplify","floor":10},{"not_picked":["Ball Lightning","Cold Snap"],"picked":"Compile Driver","floor":11},{"not_picked":["Auto Shields","Leap"],"picked":"Sweeping Beam","floor":14},{"not_picked":["Reboot","Hyperbeam"],"picked":"Machine Learning","floor":16},{"not_picked":["Stack","Conserve Battery"],"picked":"Rebound","floor":18},{"not_picked":["Leap+1","Gash+1"],"picked":"Static Discharge+1","floor":21},{"not_picked":["Cold Snap","All For One"],"picked":"Hologram","floor":22},{"not_picked":["Darkness","Steam+1"],"picked":"Creative AI","floor":23},{"not_picked":["Coolheaded","Beam Cell"],"picked":"Electrodynamics","floor":25},{"not_picked":["Leap","Stack+1"],"picked":"Self Repair+1","floor":29},{"not_picked":["Rebound","Gash","Leap"],"picked":"SKIP","floor":31},{"not_picked":["All For One","Fission"],"picked":"Amplify","floor":33},{"not_picked":["Sweeping Beam+1","Hologram"],"picked":"Double Energy+1","floor":35},{"not_picked":["Gash+1","Leap"],"picked":"Hologram+1","floor":36},{"not_picked":["Rebound+1","Reprogram","Ball Lightning"],"picked":"SKIP","floor":38},{"not_picked":["FTL","Gash"],"picked":"Sweeping Beam+1","floor":39},{"not_picked":["All For One","Redo","Sweeping Beam+1"],"picked":"SKIP","floor":41}],"player_experience":1030916,"relics_obtained":[{"floor":4,"key":"Tiny Chest"},{"floor":7,"key":"Gremlin Horn"},{"floor":9,"key":"Blood Vial"},{"floor":10,"key":"Ancient Tea Set"},{"floor":12,"key":"War Paint"},{"floor":23,"key":"Vajra"},{"floor":25,"key":"Mercury Hourglass"},{"floor":26,"key":"Letter Opener"},{"floor":29,"key":"PreservedInsect"}],"event_choices":[{"cards_removed":["Defend_B"],"damage_healed":0,"gold_gain":0,"player_choice":"Card Removal","damage_taken":7,"max_hp_gain":0,"max_hp_loss":0,"event_name":"Golden Wing","floor":3,"gold_loss":0},{"cards_removed":["Defend_B"],"damage_healed":0,"gold_gain":0,"player_choice":"Gave Gold","damage_taken":0,"max_hp_gain":0,"max_hp_loss":0,"event_name":"Beggar","floor":19,"gold_loss":75},{"damage_healed":0,"gold_gain":0,"player_choice":"Smashed Altar","damage_taken":0,"max_hp_gain":0,"max_hp_loss":0,"event_name":"Forgotten Altar","floor":27,"gold_loss":0,"cards_obtained":["Decay"]},{"damage_healed":0,"gold_gain":0,"player_choice":"1 cards matched","damage_taken":0,"max_hp_gain":0,"max_hp_loss":0,"event_name":"Match and Keep!","floor":37,"gold_loss":0,"cards_obtained":["Pain"]}],"is_beta":false,"boss_relics":[{"not_picked":["Lizard Tail","Empty Cage"],"picked":"Coffee Dripper"},{"not_picked":["Black Star","Runic Pyramid"],"picked":"Sozu"}],"items_purged_floors":[20,28],"is_endless":false,"potions_floor_spawned":[2,5,7,8,18,22,25,29,36,38,39],"killed_by":"Nemesis","ascension_level":4}