{"gold_per_floor":[109,123,123,135,150,150,176,176,252,121,151,151,162,162,162,162],"floor_reached":16,"playtime":442,"items_purged":["Strike_G"],"score":270,"play_id":"3541327d-5dfc-4cf0-a367-3e23d382342a","local_time":"20190511172301","is_ascension_mode":true,"campfire_choices":[{"data":"Neutralize","floor":6,"key":"SMITH"},{"data":"Dagger Spray","floor":8,"key":"SMITH"},{"data":"Masterful Stab","floor":12,"key":"SMITH"},{"data":"Well Laid Plans","floor":15,"key":"SMITH"}],"neow_cost":"PERCENT_DAMAGE","seed_source_timestamp":94236045976047,"circlet_count":0,"master_deck":["AscendersBane","Defend_G","Defend_G","Defend_G","Defend_G","Defend_G","Strike_G","Strike_G","Survivor","Neutralize+1","Masterful Stab+1","Terror","Backflip","Dagger Spray+1","Well Laid Plans+1"],"relics":["Ring of the Snake","Orichalcum","Pear","Girya","Shovel"],"potions_floor_usage":[7,11,13],"damage_taken":[{"damage":11,"enemies":"Cultist","floor":1,"turns":6},{"damage":0,"enemies":"Jaw Worm","floor":2,"turns":5},{"damage":12,"enemies":"Small Slimes","floor":4,"turns":4},{"damage":0,"enemies":"Looter","floor":5,"turns":4},{"damage":7,"enemies":"3 Sentries","floor":7,"turns":9},{"damage":0,"enemies":"Lagavulin","floor":11,"turns":7},{"damage":11,"enemies":"Large Slime","floor":13,"turns":4},{"damage":32,"enemies":"Slime Boss","floor":16,"turns":3}],"seed_played":"-5430679352811165288","potions_obtained":[{"floor":1,"key":"SkillPotion"},{"floor":4,"key":"Dexterity Potion"},{"floor":5,"key":"AttackPotion"}],"is_trial":false,"path_per_floor":["M","M","T","M","M","R","E","R","T","$","E","R","M","T","R","B"],"character_chosen":"THE_SILENT","items_purchased":["Block Potion"],"campfire_rested":0,"item_purchase_floors":[10],"current_hp_per_floor":[33,33,33,21,21,21,14,14,24,24,24,24,13,13,13,0],"gold":162,"neow_bonus":"REMOVE_TWO","is_prod":false,"is_daily":false,"chose_seed":false,"campfire_upgraded":4,"win_rate":0,"timestamp":1557566581,"path_taken":["M","?","?","M","M","R","E","R","T","$","E","R","M","?","R","BOSS"],"build_version":"2019-01-23","purchased_purges":1,"victory":false,"max_hp_per_floor":[66,66,66,66,66,66,66,66,76,76,76,76,76,76,76,76],"card_choices":[{"not_picked":["Expertise","Blur"],"picked":"Masterful Stab","floor":1},{"not_picked":["Accuracy","Poisoned Stab"],"picked":"Terror","floor":2},{"not_picked":["Dodge and Roll","Cloak And Dagger"],"picked":"Backflip","floor":4},{"not_picked":["Leg Sweep","Deadly Poison"],"picked":"Dagger Spray","floor":5},{"not_picked":["Deflect","Quick Slash","Underhanded Strike"],"picked":"SKIP","floor":7},{"not_picked":["Sucker Punch","Catalyst"],"picked":"Well Laid Plans","floor":11},{"not_picked":["Caltrops","Prepared","All Out Attack"],"picked":"SKIP","floor":13}],"player_experience":1616218,"relics_obtained":[{"floor":7,"key":"Orichalcum"},{"floor":9,"key":"Pear"},{"floor":11,"key":"Girya"},{"floor":14,"key":"Shovel"}],"event_choices":[],"is_beta":false,"boss_relics":[],"items_purged_floors":[10],"is_endless":false,"potions_floor_spawned":[1,4,5],"killed_by":"Slime Boss","ascension_level":20}