{"gold_per_floor":[117,132,132,148,160,160,179,198,221,221,234,234,234,252,252,343,343,303,303],"floor_reached":19,"playtime":566,"items_purged":[],"score":318,"play_id":"62efae21-2f05-4fbc-a0da-acf5d8f38c40","local_time":"20180827000543","is_ascension_mode":true,"campfire_choices":[{"data":"Neutralize","floor":6,"key":"SMITH"},{"floor":10,"key":"REST"},{"data":"Noxious Fumes","floor":12,"key":"SMITH"},{"floor":15,"key":"REST"}],"neow_cost":"","seed_source_timestamp":1001847326178911,"circlet_count":0,"master_deck":["Defend_G","Defend_G","Defend_G","Defend_G+1","Defend_G","Strike_G","Strike_G","Survivor+1","Neutralize+1","AscendersBane","Deadly Poison","Quick Slash","Noxious Fumes+1","Infinite Blades","Infinite Blades","Glass Knife","Accuracy+1","Flying Knee+1","Dodge and Roll+1","Dagger Spray"],"relics":["Ring of the Snake","War Paint","Golden Idol","Astrolabe"],"potions_floor_usage":[16,16],"damage_taken":[{"damage":11,"enemies":"Jaw Worm","floor":1,"turns":10},{"damage":7,"enemies":"2 Louse","floor":2,"turns":4},{"damage":0,"enemies":"Cultist","floor":4,"turns":4},{"damage":15,"enemies":"Large Slime","floor":5,"turns":7},{"damage":4,"enemies":"2 Fungi Beasts","floor":7,"turns":4},{"damage":13,"enemies":"Red Slaver","floor":8,"turns":4},{"damage":10,"enemies":"Gremlin Gang","floor":11,"turns":4},{"damage":14,"enemies":"Lots of Slimes","floor":14,"turns":5},{"damage":18,"enemies":"The Guardian","floor":16,"turns":9},{"damage":25,"enemies":"2 Thieves","floor":18,"turns":5},{"damage":26,"enemies":"Chosen","floor":19,"turns":3}],"seed_played":"-1857432046868596753","potions_obtained":[{"floor":4,"key":"Energy Potion"},{"floor":5,"key":"EssenceOfSteel"},{"floor":11,"key":"PowerPotion"},{"floor":16,"key":"Fire Potion"},{"floor":18,"key":"SteroidPotion"}],"is_trial":false,"path_per_floor":["M","M","?","M","M","R","M","M","T","R","M","R","?","M","R","B",null,"M"],"character_chosen":"THE_SILENT","items_purchased":[],"campfire_rested":2,"item_purchase_floors":[],"current_hp_per_floor":[48,41,41,41,26,26,22,9,9,28,18,18,18,4,22,4,46,21,0],"gold":303,"neow_bonus":"","is_prod":false,"is_daily":false,"chose_seed":false,"campfire_upgraded":2,"win_rate":0,"timestamp":1535353543,"path_taken":["M","M","?","M","M","R","M","?","T","R","M","R","?","?","R","BOSS","M","M"],"build_version":"2018-08-23v2","purchased_purges":0,"victory":false,"max_hp_per_floor":[66,66,66,66,66,66,66,66,66,66,66,66,60,60,60,60,60,60,60],"card_choices":[{"not_picked":["Escape Plan","Endless Agony"],"picked":"Deadly Poison","floor":1},{"not_picked":["Bane","Deflect"],"picked":"Quick Slash","floor":2},{"not_picked":["Infinite Blades","Flechettes"],"picked":"Noxious Fumes","floor":4},{"not_picked":["Flechettes","Deadly Poison","Blade Dance"],"picked":"SKIP","floor":5},{"not_picked":["Dodge and Roll","Flechettes"],"picked":"Infinite Blades","floor":7},{"not_picked":["Prepared","Acrobatics","Expertise"],"picked":"SKIP","floor":8},{"not_picked":["Prepared","Crippling Poison","Eviscerate"],"picked":"SKIP","floor":11},{"not_picked":["Slice","Blade Dance"],"picked":"Infinite Blades","floor":14},{"not_picked":["Night Terror","Storm of Steel"],"picked":"Glass Knife","floor":16},{"not_picked":["Choke","Slice"],"picked":"Dagger Spray","floor":18}],"player_experience":906936,"relics_obtained":[{"floor":9,"key":"War Paint"}],"event_choices":[{"event_name":"Liars Game","player_choice":"disagreed","floor":3,"damage_taken":0},{"event_name":"Golden Idol","player_choice":"Lose Max HP","floor":13,"damage_taken":0}],"is_beta":true,"boss_relics":[{"not_picked":["Black Star","Ring of the Serpent"],"picked":"Astrolabe"}],"items_purged_floors":[],"is_endless":false,"potions_floor_spawned":[4,5,11,14,16,18],"killed_by":"Chosen","ascension_level":19}