{"gold_per_floor":[111,286,286,4,0,0,31,31,31,56,56,66,14,24,24,123,123,138,158,158,158,174,174,20,37,37,14,29,29,29,48,48,150,150,170,190,205,219,219,219,219],"floor_reached":41,"playtime":2178,"items_purged":["Doubt"],"score":481,"play_id":"e545f07e-7532-4eaf-b545-deb0e96ca02e","local_time":"20190311103416","is_ascension_mode":true,"campfire_choices":[{"data":"Zap","floor":6,"key":"SMITH"},{"data":"Chill","floor":8,"key":"SMITH"},{"data":"Dualcast","floor":11,"key":"SMITH"},{"data":"Gash","floor":15,"key":"SMITH"},{"floor":23,"key":"REST"},{"data":"Electrodynamics","floor":30,"key":"SMITH"},{"floor":32,"key":"REST"},{"data":"Barrage","floor":40,"key":"SMITH"}],"neow_cost":"NONE","seed_source_timestamp":687869362475384,"circlet_count":0,"master_deck":["Strike_B+1","Defend_B+1","Defend_B+1","Defend_B+1","Defend_B+1","Zap+1","Dualcast+1","Gash+1","Chill+1","Melter","Ball Lightning","Gash+1","Machine Learning","Gash","Genetic Algorithm","Sweeping Beam","Electrodynamics+1","Barrage+1","Chaos+1","Ball Lightning+1","Meteor Strike+1","Cold Snap+1","Heatsinks+1","Sweeping Beam+1","Self Repair","Blizzard+1","Capacitor+1","Redo+1"],"relics":["Cracked Core","Whetstone","Runic Capacitor","Bag of Preparation","Shuriken","Boot","Philosopher\u0027s Stone","Lantern","Molten Egg 2","Astrolabe","Anchor"],"potions_floor_usage":[16,16,20,33,33,41],"damage_taken":[{"damage":5,"enemies":"Small Slimes","floor":1,"turns":2},{"damage":14,"enemies":"3 Sentries","floor":7,"turns":6},{"damage":18,"enemies":"Lagavulin","floor":10,"turns":6},{"damage":0,"enemies":"Jaw Worm","floor":12,"turns":1},{"damage":0,"enemies":"Cultist","floor":14,"turns":2},{"damage":15,"enemies":"The Guardian","floor":16,"turns":7},{"damage":16,"enemies":"Shell Parasite","floor":18,"turns":3},{"damage":25,"enemies":"3 Byrds","floor":19,"turns":4},{"damage":23,"enemies":"Colosseum Slavers","floor":20,"turns":4},{"damage":0,"enemies":"3 Cultists","floor":22,"turns":5},{"damage":4,"enemies":"Chosen and Byrds","floor":25,"turns":4},{"damage":0,"enemies":"Cultist and Chosen","floor":28,"turns":3},{"damage":21,"enemies":"Snake Plant","floor":31,"turns":3},{"damage":17,"enemies":"Automaton","floor":33,"turns":6},{"damage":27,"enemies":"3 Shapes","floor":35,"turns":4},{"damage":6,"enemies":"3 Darklings","floor":36,"turns":3},{"damage":15,"enemies":"Spire Growth","floor":37,"turns":4},{"damage":8,"enemies":"Sphere and 2 Shapes","floor":38,"turns":4},{"damage":46,"enemies":"Nemesis","floor":41,"turns":4}],"seed_played":"7566608434770600343","potions_obtained":[{"floor":10,"key":"Energy Potion"},{"floor":12,"key":"Weak Potion"},{"floor":14,"key":"SteroidPotion"},{"floor":16,"key":"SkillPotion"},{"floor":25,"key":"AttackPotion"},{"floor":28,"key":"EssenceOfSteel"},{"floor":33,"key":"Poison Potion"}],"is_trial":false,"path_per_floor":["M","?","?","$","?","R","E","R","T","E","R","M","$","M","R","B",null,"M","M","?","?","M","R","$","M","T","$","M","T","R","M","R","B",null,"M","M","M","M","T","R","E"],"character_chosen":"DEFECT","items_purchased":["Runic Capacitor","Fire Potion","Electrodynamics","Barrage"],"campfire_rested":2,"item_purchase_floors":[4,13,24,27],"current_hp_per_floor":[70,70,55,55,55,55,41,41,41,23,23,23,23,23,23,8,75,59,34,11,11,11,33,33,29,29,29,29,29,29,8,30,13,75,48,49,41,40,40,40,0],"gold":219,"neow_bonus":"RANDOM_COMMON_RELIC","is_prod":false,"is_daily":false,"chose_seed":false,"campfire_upgraded":6,"win_rate":0,"timestamp":1552314856,"path_taken":["M","?","?","$","?","R","E","R","T","E","R","M","?","M","R","BOSS","M","M","?","?","M","R","$","M","T","?","M","?","R","?","R","BOSS","M","M","?","?","?","R","E"],"build_version":"2019-01-23","purchased_purges":1,"victory":false,"max_hp_per_floor":[75,75,75,75,75,75,75,75,75,75,75,75,75,75,75,75,75,75,75,75,75,75,75,75,75,75,75,75,75,75,75,75,75,75,75,75,75,75,75,75,75],"card_choices":[{"not_picked":["Rebound","Undo"],"picked":"Gash","floor":1},{"not_picked":["Sunder","Conserve Battery"],"picked":"Chill","floor":7},{"not_picked":["Go for the Eyes","Redo"],"picked":"Melter","floor":10},{"not_picked":["Sunder","Leap"],"picked":"Ball Lightning","floor":12},{"not_picked":["Recycle","Steam Power"],"picked":"Gash","floor":14},{"not_picked":["Amplify","Core Surge"],"picked":"Machine Learning","floor":16},{"not_picked":["Streamline+1","Aggregate"],"picked":"Gash","floor":18},{"not_picked":["Streamline","Hologram"],"picked":"Genetic Algorithm","floor":19},{"not_picked":["Leap","Go for the Eyes"],"picked":"Sweeping Beam","floor":22},{"not_picked":["Double Energy+1","Hologram","Sweeping Beam"],"picked":"SKIP","floor":25},{"not_picked":["Recycle","Self Repair"],"picked":"Chaos+1","floor":28},{"not_picked":["Fission","Conserve Battery+1"],"picked":"Ball Lightning+1","floor":31},{"not_picked":["Multi-Cast","Biased Cognition"],"picked":"Meteor Strike+1","floor":33},{"not_picked":["Rebound+1","Cold Snap+1"],"picked":"Self Repair","floor":35},{"not_picked":["Rebound+1","Lockon+1"],"picked":"Blizzard+1","floor":36},{"not_picked":["Turbo","Beam Cell+1"],"picked":"Capacitor+1","floor":37},{"not_picked":["Hologram+1","Rebound+1"],"picked":"Redo+1","floor":38}],"player_experience":1022918,"relics_obtained":[{"floor":7,"key":"Bag of Preparation"},{"floor":9,"key":"Shuriken"},{"floor":10,"key":"Boot"},{"floor":26,"key":"Lantern"},{"floor":29,"key":"Molten Egg 2"},{"floor":39,"key":"Anchor"}],"event_choices":[{"damage_healed":0,"gold_gain":175,"player_choice":"AGREE","damage_taken":0,"max_hp_gain":0,"max_hp_loss":0,"event_name":"Liars Game","floor":2,"gold_loss":0,"cards_obtained":["Doubt"]},{"damage_healed":0,"gold_gain":0,"player_choice":"Entered Light","damage_taken":15,"max_hp_gain":0,"max_hp_loss":0,"event_name":"Shining Light","floor":3,"gold_loss":0,"cards_upgraded":["Defend_B","Gash"]},{"damage_healed":0,"gold_gain":0,"player_choice":"Left Gold","damage_taken":0,"max_hp_gain":0,"max_hp_loss":0,"event_name":"World of Goop","floor":5,"gold_loss":4},{"damage_healed":0,"gold_gain":0,"player_choice":"Fight","damage_taken":0,"max_hp_gain":0,"max_hp_loss":0,"event_name":"Colosseum","floor":20,"gold_loss":0},{"damage_healed":0,"gold_gain":0,"player_choice":"Fled From Nobs","damage_taken":0,"max_hp_gain":0,"max_hp_loss":0,"event_name":"Colosseum","floor":20,"gold_loss":0},{"damage_healed":0,"gold_gain":0,"player_choice":"Simplicity","damage_taken":0,"max_hp_gain":0,"max_hp_loss":0,"event_name":"Back to Basics","floor":21,"gold_loss":0,"cards_upgraded":["Strike_B","Strike_B","Defend_B","Defend_B","Defend_B"]}],"is_beta":false,"boss_relics":[{"not_picked":["Inserter","Tiny House"],"picked":"Philosopher\u0027s Stone"},{"not_picked":["Lizard Tail","Black Star"],"picked":"Astrolabe"}],"items_purged_floors":[4],"is_endless":false,"potions_floor_spawned":[10,12,14,16,20,25,28,33],"killed_by":"Nemesis","ascension_level":4}