{"gold_per_floor":[361,381,381,0,10,36,36,36,61,77,2,2,20,52,52,52],"floor_reached":16,"playtime":723,"items_purged":[],"score":270,"play_id":"2de4d560-d754-4808-bec8-d41dbc6219c6","local_time":"20190328154316","is_ascension_mode":true,"campfire_choices":[{"data":"Zap","floor":8,"key":"SMITH"},{"data":"Loop","floor":12,"key":"SMITH"},{"data":"Hologram","floor":15,"key":"SMITH"}],"neow_cost":"TEN_PERCENT_HP_LOSS","seed_source_timestamp":1001258987943455,"circlet_count":0,"master_deck":["AscendersBane","Strike_B","Strike_B","Strike_B","Strike_B","Defend_B","Defend_B","Defend_B","Defend_B","Zap+1","Dualcast","Cold Snap","Cold Snap","Conserve Battery","Biased Cognition","Loop+1","Hologram+1","Conserve Battery"],"relics":["Cracked Core","Regal Pillow","Gambling Chip","Darkstone Periapt","Pen Nib","Calipers"],"potions_floor_usage":[6,6,14,16],"damage_taken":[{"damage":3,"enemies":"2 Louse","floor":1,"turns":3},{"damage":7,"enemies":"Jaw Worm","floor":2,"turns":3},{"damage":0,"enemies":"Small Slimes","floor":5,"turns":2},{"damage":8,"enemies":"3 Sentries","floor":6,"turns":6},{"damage":1,"enemies":"Looter","floor":10,"turns":4},{"damage":6,"enemies":"Exordium Thugs","floor":13,"turns":4},{"damage":0,"enemies":"Lagavulin","floor":14,"turns":5},{"damage":55,"enemies":"Hexaghost","floor":16,"turns":14}],"seed_played":"-105785181820179923","potions_obtained":[{"floor":2,"key":"Regen Potion"},{"floor":6,"key":"Regen Potion"},{"floor":13,"key":"SkillPotion"}],"is_trial":false,"path_per_floor":["M","M","?","$","M","E","?","R","T","M","?","R","M","E","R","B"],"character_chosen":"DEFECT","items_purchased":["Gambling Chip","Explosive Potion"],"campfire_rested":0,"item_purchase_floors":[4,4],"current_hp_per_floor":[61,54,19,19,19,26,48,48,48,47,47,47,41,55,55,0],"gold":52,"neow_bonus":"TWO_FIFTY_GOLD","is_prod":false,"is_daily":false,"chose_seed":false,"campfire_upgraded":3,"win_rate":0,"timestamp":1553802196,"path_taken":["M","M","?","$","M","E","?","R","T","M","?","R","M","E","R","BOSS"],"build_version":"2019-01-23","purchased_purges":0,"victory":false,"max_hp_per_floor":[64,64,64,64,64,64,70,70,70,70,67,67,67,67,67,67],"card_choices":[{"not_picked":["Stack","Auto Shields"],"picked":"Cold Snap","floor":1},{"not_picked":["Compile Driver","Gash"],"picked":"Cold Snap","floor":2},{"not_picked":["Multi-Cast","Turbo"],"picked":"Conserve Battery","floor":5},{"not_picked":["Melter","BootSequence"],"picked":"Biased Cognition","floor":6},{"not_picked":["Beam Cell","Aggregate"],"picked":"Loop","floor":10},{"not_picked":["Leap","Rebound"],"picked":"Hologram","floor":13},{"not_picked":["Auto Shields","Hello World"],"picked":"Conserve Battery","floor":14}],"player_experience":1469458,"relics_obtained":[{"floor":6,"key":"Darkstone Periapt"},{"floor":9,"key":"Pen Nib"},{"floor":14,"key":"Calipers"}],"event_choices":[{"damage_healed":0,"gold_gain":0,"player_choice":"Success","damage_taken":35,"relics_obtained":["Regal Pillow"],"max_hp_gain":0,"max_hp_loss":0,"event_name":"Scrap Ooze","floor":3,"gold_loss":0},{"damage_healed":16,"gold_gain":0,"player_choice":"Healed and dodged fight","damage_taken":0,"max_hp_gain":0,"max_hp_loss":0,"event_name":"Mushrooms","floor":7,"gold_loss":0,"cards_obtained":["Parasite"]},{"cards_removed":["Parasite"],"damage_healed":0,"gold_gain":0,"player_choice":"Card Removal","damage_taken":0,"max_hp_gain":0,"max_hp_loss":0,"event_name":"The Cleric","floor":11,"gold_loss":75}],"is_beta":false,"boss_relics":[],"items_purged_floors":[],"is_endless":false,"potions_floor_spawned":[2,5,6,13],"killed_by":"Hexaghost","ascension_level":20}