{"gold_per_floor":[111,111,26,26,26,26,26,26,26,60,79,79,79,96,96,173,173,183,183,108,23,37,62,62,72,95,95,127,127,152,163,163,238,238,251,301,319,97,97,97,126,145,145,145,215,231,243,253,253,253],"floor_reached":50,"playtime":2004,"items_purged":[],"score":1127,"play_id":"db71ccb7-14d5-4461-a6d8-91c0a8ec40c0","local_time":"20181206205208","is_ascension_mode":true,"campfire_choices":[{"data":"Noxious Fumes","floor":6.0,"key":"SMITH"},{"data":"Neutralize","floor":8.0,"key":"SMITH"},{"data":"Backflip","floor":15.0,"key":"SMITH"},{"data":"Glass Knife","floor":24.0,"key":"SMITH"},{"data":"Cloak And Dagger","floor":27.0,"key":"SMITH"},{"floor":29.0,"key":"REST"},{"floor":32.0,"key":"REST"},{"data":"Burst","floor":40.0,"key":"SMITH"},{"floor":44,"key":"REST"},{"floor":49,"key":"REST"}],"neow_cost":"NONE","seed_source_timestamp":550652362108798,"circlet_count":0,"master_deck":["AscendersBane","Defend_G","Defend_G","Defend_G","Defend_G","Defend_G","Survivor","Neutralize+1","Cloak And Dagger+1","Blade Dance","Noxious Fumes+1","Backflip+1","After Image+1","Glass Knife+1","Backstab+1","Doppelganger+1","Infinite Blades+1","Envenom+1","Burst+1","Cloak And Dagger","Blur","A Thousand Cuts+1","PiercingWail","Cloak And Dagger","Dodge and Roll","Leg Sweep+1"],"special_seed":0,"relics":["Ring of the Snake","NeowsBlessing","Lantern","Ninja Scroll","Frozen Egg 2","Astrolabe","Mummified Hand","Centennial Puzzle","Potion Belt","Mango","Vajra","Orrery","PrismaticShard","Gremlin Horn","Torii","Regal Pillow","Singing Bowl"],"potions_floor_usage":[41,41,41,50,50],"damage_taken":[{"damage":0.0,"enemies":"Jaw Worm","floor":1.0,"turns":1.0},{"damage":0.0,"enemies":"Lagavulin","floor":10.0,"turns":1.0},{"damage":0.0,"enemies":"Cultist","floor":11.0,"turns":1.0},{"damage":0.0,"enemies":"Small Slimes","floor":14.0,"turns":3.0},{"damage":41.0,"enemies":"Slime Boss","floor":16.0,"turns":13.0},{"damage":5.0,"enemies":"Shell Parasite","floor":18.0,"turns":6.0},{"damage":0.0,"enemies":"Chosen","floor":22.0,"turns":5.0},{"damage":7.0,"enemies":"Slavers","floor":23.0,"turns":7.0},{"damage":0.0,"enemies":"Snake Plant","floor":25.0,"turns":5.0},{"damage":5.0,"enemies":"Book of Stabbing","floor":28.0,"turns":5.0},{"damage":32.0,"enemies":"Gremlin Leader","floor":30.0,"turns":7.0},{"damage":2.0,"enemies":"Cultist and Chosen","floor":31.0,"turns":5.0},{"damage":14.0,"enemies":"Collector","floor":33.0,"turns":11.0},{"damage":0.0,"enemies":"3 Shapes","floor":35.0,"turns":5.0},{"damage":0.0,"enemies":"Orb Walker","floor":37.0,"turns":3.0},{"damage":35,"enemies":"Giant Head","floor":41,"turns":8},{"damage":17,"enemies":"Maw","floor":42,"turns":8},{"damage":0,"enemies":"3 Darklings","floor":46,"turns":2},{"damage":1,"enemies":"Transient","floor":47,"turns":6},{"damage":0,"enemies":"4 Shapes","floor":48,"turns":6},{"damage":89,"enemies":"Time Eater","floor":50,"turns":15}],"seed_played":"2748577844291371253","potions_obtained":[{"floor":10.0,"key":"Swift Potion"},{"floor":11.0,"key":"Explosive Potion"},{"floor":22.0,"key":"Dexterity Potion"},{"floor":25.0,"key":"Strength Potion"},{"floor":28.0,"key":"Weak Potion"},{"floor":31.0,"key":"AttackPotion"},{"floor":33.0,"key":"AttackPotion"},{"floor":37.0,"key":"Strength Potion"},{"floor":41,"key":"Strength Potion"},{"floor":42,"key":"SpeedPotion"},{"floor":47,"key":"SkillPotion"}],"is_trial":false,"path_per_floor":["M","?","$","T","?","R","$","R","T","E","M","?","$","M","R","B",null,"M","?","?","?","M","E","R","M","T","R","E","R","E","M","R","B",null,"M","?","M","$","?","R","E","M","T","R","T","M","M","M","R","B"],"character_chosen":"THE_SILENT","items_purchased":["Noxious Fumes","PrismaticShard"],"campfire_rested":4,"item_purchase_floors":[3,38],"current_hp_per_floor":[59,59,59,59,52,52,52,52,52,52,52,66,66,66,66,25,56,51,51,51,51,51,44,44,44,44,44,53,77,45,43,67,53,73,73,73,73,73,73,73,38,21,21,60,60,62,63,65,86,0],"gold":253,"neow_bonus":"THREE_ENEMY_KILL","is_prod":false,"is_daily":false,"chose_seed":false,"campfire_upgraded":6,"win_rate":0,"timestamp":1544154728,"path_taken":["M","?","$","?","?","R","$","R","T","E","M","?","$","M","R","BOSS","M","?","?","?","M","E","R","M","T","R","E","R","E","M","R","BOSS","M","?","?","?","?","R","E","?","T","R","?","M","M","M","R","BOSS"],"build_version":"2018-12-06","purchased_purges":0,"victory":false,"max_hp_per_floor":[66,66,66,66,66,66,66,66,66,66,66,66,66,66,66,66,66,66,66,66,66,66,66,66,66,66,66,80,80,80,80,80,80,80,80,80,80,80,80,80,80,80,80,80,80,82,84,86,86,86],"card_choices":[{"not_picked":["Deflect","Sucker Punch"],"picked":"Cloak And Dagger","floor":1.0},{"not_picked":["Finisher","Endless Agony","Tactician"],"picked":"SKIP","floor":10.0},{"not_picked":["Underhanded Strike","Dagger Spray"],"picked":"Backflip","floor":11.0},{"not_picked":["Dagger Throw","Concentrate"],"picked":"After Image+1","floor":14.0},{"not_picked":["Unload","Burst"],"picked":"Glass Knife","floor":16.0},{"not_picked":["Flechettes+1","Poisoned Stab","Deflect"],"picked":"SKIP","floor":18.0},{"not_picked":["Poisoned Stab","Acrobatics"],"picked":"Envenom+1","floor":22.0},{"not_picked":["Sucker Punch","Flying Knee+1","Dagger Throw"],"picked":"SKIP","floor":23.0},{"not_picked":["Masterful Stab","Setup"],"picked":"Burst","floor":25.0},{"not_picked":["Phantasmal Killer","Skewer"],"picked":"Cloak And Dagger","floor":28.0},{"not_picked":["Crippling Poison","Deadly Poison"],"picked":"Blur","floor":30.0},{"not_picked":["Acrobatics","Distraction","Bane+1"],"picked":"SKIP","floor":31.0},{"not_picked":["Die Die Die","Envenom+1"],"picked":"A Thousand Cuts+1","floor":33.0},{"not_picked":["Skewer","Endless Agony"],"picked":"PiercingWail","floor":34.0},{"not_picked":["Infinite Blades+1","Outmaneuver"],"picked":"Cloak And Dagger","floor":34.0},{"not_picked":["Underhanded Strike","Tactician"],"picked":"Dodge and Roll","floor":34.0},{"not_picked":["Blade Dance","Infinite Blades+1","Blur"],"picked":"SKIP","floor":35.0},{"not_picked":["PiercingWail","Masterful Stab","Acrobatics+1"],"picked":"SKIP","floor":37.0},{"not_picked":["Streamline","Perfected Strike","Corruption+1"],"picked":"SKIP","floor":41},{"not_picked":["Steam Power","Rebound"],"picked":"Leg Sweep+1","floor":42},{"not_picked":["Power Through","Go for the Eyes+1","Flex"],"picked":"Singing Bowl","floor":46},{"not_picked":["Deflect+1","Steam","Carnage+1"],"picked":"Singing Bowl","floor":47},{"not_picked":["Defragment+1","Whirlwind","Genetic Algorithm+1"],"picked":"Singing Bowl","floor":48}],"player_experience":976969,"relics_obtained":[{"floor":4.0,"key":"Lantern"},{"floor":9.0,"key":"Ninja Scroll"},{"floor":10.0,"key":"Frozen Egg 2"},{"floor":23.0,"key":"Centennial Puzzle"},{"floor":26.0,"key":"Potion Belt"},{"floor":28.0,"key":"Mango"},{"floor":30.0,"key":"Vajra"},{"floor":41,"key":"Torii"},{"floor":43,"key":"Regal Pillow"},{"floor":45,"key":"Singing Bowl"}],"event_choices":[{"damage_healed":0.0,"max_hp_gain":0.0,"max_hp_loss":0.0,"gold_gain":0.0,"cards_transformed":["Strike_G"],"event_name":"Transmorgrifier","player_choice":"Transformed","floor":2.0,"gold_loss":0.0,"damage_taken":0.0,"cards_obtained":["Blade Dance"]},{"cards_removed":["Strike_G"],"damage_healed":0.0,"max_hp_gain":0.0,"max_hp_loss":0.0,"gold_gain":0.0,"event_name":"Golden Wing","player_choice":"Card Removal","floor":5.0,"gold_loss":0.0,"damage_taken":7.0},{"damage_healed":22.0,"max_hp_gain":0.0,"max_hp_loss":0.0,"gold_gain":0.0,"event_name":"Big Fish","player_choice":"Banana","floor":12.0,"gold_loss":0.0,"damage_taken":0.0},{"damage_healed":0.0,"max_hp_gain":0.0,"max_hp_loss":0.0,"gold_gain":0.0,"event_name":"Forgotten Altar","player_choice":"Smashed Altar","floor":19.0,"gold_loss":0.0,"damage_taken":0.0,"cards_obtained":["Decay"]},{"cards_removed":["Decay"],"damage_healed":0.0,"max_hp_gain":0.0,"max_hp_loss":0.0,"gold_gain":0.0,"event_name":"Beggar","player_choice":"Gave Gold","floor":20.0,"gold_loss":75.0,"damage_taken":0.0},{"damage_healed":0.0,"max_hp_gain":0.0,"max_hp_loss":0.0,"gold_gain":0.0,"event_name":"Addict","player_choice":"Obtained Relic","floor":21.0,"gold_loss":85.0,"damage_taken":0.0,"relics_obtained":["Mummified Hand"]},{"damage_healed":0.0,"max_hp_gain":0.0,"max_hp_loss":0.0,"gold_gain":50.0,"event_name":"Golden Shrine","player_choice":"Pray","floor":36.0,"gold_loss":0.0,"damage_taken":0.0},{"damage_healed":0.0,"max_hp_gain":0.0,"max_hp_loss":0.0,"gold_gain":0.0,"event_name":"WeMeetAgain","player_choice":"Gave Potion","floor":39.0,"gold_loss":0.0,"damage_taken":0.0,"relics_obtained":["Gremlin Horn"]}],"is_beta":true,"boss_relics":[{"not_picked":["WristBlade","Coffee Dripper"],"picked":"Astrolabe"},{"not_picked":["Tiny House","Calling Bell"],"picked":"Orrery"}],"items_purged_floors":[],"is_endless":false,"potions_floor_spawned":[10,11,22,25,28,31,33,37,41,42,47],"killed_by":"Time Eater","ascension_level":20}