{"gold_per_floor":[114,131,206,27,77,106,106,117,117,117,145,145,155,170,170,242,242,262,288,307,307,222,222,239,258,258,258,269,283,283,283,283,356,356,367,367,379,379,396,396,429,429],"floor_reached":42,"playtime":1228,"items_purged":["Strike_B"],"score":1126,"play_id":"36c0aa9c-6c82-4c7a-b813-ad6557bf880e","local_time":"20190208234241","is_ascension_mode":true,"campfire_choices":[{"data":"Defragment","floor":7.0,"key":"SMITH"},{"data":"Defragment","floor":10.0,"key":"SMITH"},{"data":"Loop","floor":15.0,"key":"SMITH"},{"data":"Echo Form","floor":23,"key":"SMITH"},{"floor":27,"key":"REST"},{"data":"Zap","floor":30,"key":"SMITH"},{"floor":32,"key":"REST"},{"floor":40,"key":"REST"}],"neow_cost":"NONE","seed_source_timestamp":0,"circlet_count":0,"master_deck":["AscendersBane","Strike_B","Defend_B","Defend_B","Defend_B","Defend_B","Zap+1","Dualcast","Conserve Battery","Defragment+1","Defragment+1","Ball Lightning","Cold Snap","Coolheaded","Loop+1","Sweeping Beam","Echo Form+1","Conserve Battery+1","Steam","Gash","Chill","Fusion","Meteor Strike","BootSequence","Amplify","Seek"],"special_seed":0,"relics":["Cracked Core","NeowsBlessing","Letter Opener","Mummified Hand","Nunchaku","Runic Pyramid","Juzu Bracelet","Cables","Oddly Smooth Stone","Sozu","Shuriken"],"potions_floor_usage":[33,42,42],"damage_taken":[{"damage":0.0,"enemies":"Small Slimes","floor":1.0,"turns":1.0},{"damage":0.0,"enemies":"2 Louse","floor":2.0,"turns":1.0},{"damage":0.0,"enemies":"Gremlin Nob","floor":6.0,"turns":1.0},{"damage":4.0,"enemies":"Cultist","floor":8.0,"turns":4.0},{"damage":3.0,"enemies":"3 Sentries","floor":11.0,"turns":4.0},{"damage":0.0,"enemies":"Blue Slaver","floor":13.0,"turns":4.0},{"damage":13.0,"enemies":"Gremlin Gang","floor":14.0,"turns":3.0},{"damage":0.0,"enemies":"The Guardian","floor":16.0,"turns":8.0},{"damage":0.0,"enemies":"3 Byrds","floor":18.0,"turns":3.0},{"damage":8.0,"enemies":"Spheric Guardian","floor":20.0,"turns":4.0},{"damage":5,"enemies":"Snake Plant","floor":24,"turns":4},{"damage":23,"enemies":"Centurion and Healer","floor":25,"turns":5},{"damage":2,"enemies":"Snecko","floor":28,"turns":5},{"damage":6,"enemies":"Shelled Parasite and Fungi","floor":29,"turns":6},{"damage":0,"enemies":"Automaton","floor":33,"turns":9},{"damage":8,"enemies":"3 Shapes","floor":35,"turns":6},{"damage":11,"enemies":"Orb Walker","floor":37,"turns":4},{"damage":12,"enemies":"Jaw Worm Horde","floor":39,"turns":6},{"damage":57,"enemies":"Reptomancer","floor":41,"turns":9},{"damage":4,"enemies":"3 Darklings","floor":42,"turns":4}],"seed_played":"3397188531999775086","potions_obtained":[{"floor":2.0,"key":"SkillPotion"},{"floor":11.0,"key":"PowerPotion"},{"floor":14.0,"key":"EssenceOfSteel"},{"floor":18.0,"key":"GamblersBrew"},{"floor":33,"key":"EntropicBrew"}],"is_trial":false,"path_per_floor":["M","M","?","$","?","E","R","M","T","R","E","?","M","M","R","B",null,"M","T","M","?","?","R","M","M","T","R","M","M","R","?","R","B",null,"M","?","M","?","M","R","E","M"],"character_chosen":"DEFECT","items_purchased":["Defragment","Ball Lightning"],"campfire_rested":3,"item_purchase_floors":[4,4],"current_hp_per_floor":[64,64,53,53,53,53,53,49,49,49,46,46,46,33,33,33,62,62,62,54,54,54,54,49,26,26,47,45,39,39,39,60,60,68,60,60,49,49,37,58,1,0],"gold":429,"neow_bonus":"THREE_ENEMY_KILL","is_prod":false,"is_daily":false,"chose_seed":false,"campfire_upgraded":5,"win_rate":0,"timestamp":1549694561,"path_taken":["M","M","?","$","?","E","R","?","T","R","E","?","M","?","R","BOSS","M","?","M","?","?","R","M","M","T","R","M","M","R","?","R","BOSS","M","?","M","?","M","R","E","M"],"build_version":"2019-02-06","purchased_purges":1,"victory":false,"max_hp_per_floor":[71,71,71,71,71,71,71,71,71,71,71,71,71,71,71,71,71,71,71,71,71,71,71,71,71,71,71,71,71,71,71,71,71,71,71,71,71,71,71,71,71,71],"card_choices":[{"not_picked":["Heatsinks","Coolheaded"],"picked":"Conserve Battery","floor":1.0},{"not_picked":["Beam Cell","Cold Snap"],"picked":"Defragment","floor":2.0},{"not_picked":["Compile Driver","Steam Power"],"picked":"Auto Shields","floor":6.0},{"not_picked":["Go for the Eyes","Hello World","Aggregate"],"picked":"SKIP","floor":8.0},{"not_picked":["Seek","Conserve Battery"],"picked":"Cold Snap","floor":11.0},{"not_picked":["Hello World","Redo"],"picked":"Loop","floor":13.0},{"not_picked":["Barrage","Steam Power"],"picked":"Sweeping Beam","floor":14.0},{"not_picked":["Rainbow","Machine Learning"],"picked":"Echo Form","floor":16.0},{"not_picked":["Ball Lightning","Rebound"],"picked":"Conserve Battery+1","floor":18.0},{"not_picked":["Streamline","Storm","Reprogram"],"picked":"SKIP","floor":20.0},{"not_picked":["Gash","Doom and Gloom"],"picked":"Chill","floor":24},{"not_picked":["Stack","Conserve Battery"],"picked":"Fusion","floor":25},{"not_picked":["Doom and Gloom","Barrage","Conserve Battery"],"picked":"SKIP","floor":28},{"not_picked":["Go for the Eyes","Reprogram","Steam"],"picked":"SKIP","floor":29},{"not_picked":["Buffer","Reboot"],"picked":"Meteor Strike","floor":33},{"not_picked":["Leap","Sweeping Beam","Barrage"],"picked":"SKIP","floor":35},{"not_picked":["Streamline","Rip and Tear+1"],"picked":"BootSequence","floor":37},{"not_picked":["Tempest+1","Rebound"],"picked":"Amplify","floor":39},{"not_picked":["Gash+1","Turbo"],"picked":"Seek","floor":41}],"player_experience":1081187,"relics_obtained":[{"floor":6.0,"key":"Letter Opener"},{"floor":9.0,"key":"Mummified Hand"},{"floor":11.0,"key":"Nunchaku"},{"floor":19.0,"key":"Juzu Bracelet"},{"floor":26,"key":"Oddly Smooth Stone"},{"floor":41,"key":"Shuriken"}],"event_choices":[{"damage_healed":0.0,"max_hp_gain":0.0,"max_hp_loss":0.0,"gold_gain":75.0,"event_name":"World of Goop","player_choice":"Gather Gold","floor":3.0,"gold_loss":0.0,"damage_taken":11.0},{"damage_healed":0.0,"max_hp_gain":0.0,"max_hp_loss":0.0,"gold_gain":50.0,"event_name":"Golden Shrine","player_choice":"Pray","floor":5.0,"gold_loss":0.0,"damage_taken":0.0},{"damage_healed":0.0,"max_hp_gain":0.0,"max_hp_loss":0.0,"gold_gain":0.0,"cards_transformed":["Strike_B"],"event_name":"Transmorgrifier","player_choice":"Transformed","floor":12.0,"gold_loss":0.0,"damage_taken":0.0,"cards_obtained":["Coolheaded"]},{"damage_healed":0,"gold_gain":0,"cards_transformed":["Auto Shields","Strike_B"],"player_choice":"Became Test Subject","damage_taken":0,"max_hp_gain":0,"max_hp_loss":0,"event_name":"Drug Dealer","floor":21,"gold_loss":0,"cards_obtained":["Steam","Gash"]},{"damage_healed":0,"gold_gain":0,"player_choice":"Obtained Relic","damage_taken":0,"relics_obtained":["Cables"],"max_hp_gain":0,"max_hp_loss":0,"event_name":"Addict","floor":22,"gold_loss":85},{"damage_healed":0,"gold_gain":0,"player_choice":"Ignored","damage_taken":0,"max_hp_gain":0,"max_hp_loss":0,"event_name":"Vampires","floor":31,"gold_loss":0},{"damage_healed":0,"gold_gain":0,"player_choice":"Ignored","damage_taken":0,"max_hp_gain":0,"max_hp_loss":0,"event_name":"Mysterious Sphere","floor":36,"gold_loss":0},{"damage_healed":0,"gold_gain":0,"player_choice":"Ignored","damage_taken":0,"max_hp_gain":0,"max_hp_loss":0,"event_name":"Tomb of Lord Red Mask","floor":38,"gold_loss":0}],"is_beta":true,"boss_relics":[{"not_picked":["Orrery","White Beast Statue"],"picked":"Runic Pyramid"},{"not_picked":["Eternal Feather","Coffee Dripper"],"picked":"Sozu"}],"items_purged_floors":[4],"is_endless":false,"potions_floor_spawned":[2,11,14,18,20,24,33,35,39,41],"killed_by":"3 Darklings","ascension_level":20}