{"gold_per_floor":[117,130,149,169,188,214,214,242,242,272,272,286,286,286],"floor_reached":14,"playtime":416,"items_purged":[],"score":196,"play_id":"cd94399c-07c7-4f4b-a4ed-d473f1986ce1","local_time":"20190318184202","is_ascension_mode":true,"campfire_choices":[{"floor":7,"key":"REST"},{"data":"Immolate","floor":11,"key":"SMITH"}],"neow_cost":"CURSE","seed_source_timestamp":459228378758806,"circlet_count":0,"master_deck":["AscendersBane","Strike_R","Strike_R","Strike_R","Strike_R","Strike_R","Defend_R","Defend_R","Defend_R","Defend_R","Bash","Parasite","Immolate+1","Hemokinesis+1","True Grit","Feel No Pain","Pommel Strike","Disarm","Exhume","True Grit+1"],"relics":["Burning Blood","PreservedInsect","Singing Bowl","Self Forming Clay","Ornamental Fan"],"potions_floor_usage":[6,6,14],"damage_taken":[{"damage":0,"enemies":"Cultist","floor":1,"turns":2},{"damage":5,"enemies":"2 Louse","floor":2,"turns":3},{"damage":12,"enemies":"Jaw Worm","floor":3,"turns":2},{"damage":6,"enemies":"Looter","floor":4,"turns":2},{"damage":12,"enemies":"Exordium Thugs","floor":5,"turns":4},{"damage":47,"enemies":"Lagavulin","floor":6,"turns":9},{"damage":19,"enemies":"Gremlin Nob","floor":8,"turns":3},{"damage":7,"enemies":"3 Sentries","floor":10,"turns":5},{"damage":7,"enemies":"Blue Slaver","floor":12,"turns":4},{"damage":10,"enemies":"Red Slaver","floor":14,"turns":1}],"seed_played":"-2662202272883410699","potions_obtained":[{"floor":1,"key":"Dexterity Potion"},{"floor":2,"key":"Swift Potion"},{"floor":10,"key":"PowerPotion"},{"floor":12,"key":"LiquidBronze"}],"is_trial":false,"path_per_floor":["M","M","M","M","M","E","R","E","T","E","R","M","?","M"],"character_chosen":"IRONCLAD","items_purchased":[],"campfire_rested":1,"item_purchase_floors":[],"current_hp_per_floor":[74,75,69,69,63,22,44,33,33,32,32,31,8,0],"gold":286,"neow_bonus":"THREE_RARE_CARDS","is_prod":false,"is_daily":false,"chose_seed":false,"campfire_upgraded":1,"win_rate":0,"timestamp":1552948922,"path_taken":["M","M","M","?","M","E","R","E","T","E","R","M","?","M"],"build_version":"2019-03-15","purchased_purges":0,"victory":false,"max_hp_per_floor":[75,75,75,75,75,75,75,77,77,77,77,77,77,77],"card_choices":[{"not_picked":["Reaper","Barricade"],"picked":"Immolate","floor":0},{"not_picked":["Burning Pact","Metallicize"],"picked":"Hemokinesis","floor":1},{"not_picked":["Evolve","Anger"],"picked":"True Grit","floor":2},{"not_picked":["Bloodletting","Seeing Red"],"picked":"Feel No Pain","floor":3},{"not_picked":["Body Slam","Sword Boomerang"],"picked":"Pommel Strike","floor":4},{"not_picked":["Cleave","Twin Strike","Sentinel"],"picked":"SKIP","floor":5},{"not_picked":["Sword Boomerang","Rage"],"picked":"Disarm","floor":6},{"not_picked":["Thunderclap","Sentinel","Flex"],"picked":"Singing Bowl","floor":8},{"not_picked":["Perfected Strike","Inflame"],"picked":"Exhume","floor":10},{"not_picked":["Anger","Warcry"],"picked":"True Grit","floor":12}],"player_experience":2222910,"relics_obtained":[{"floor":6,"key":"PreservedInsect"},{"floor":8,"key":"Singing Bowl"},{"floor":9,"key":"Self Forming Clay"},{"floor":10,"key":"Ornamental Fan"}],"event_choices":[{"damage_healed":0,"gold_gain":0,"player_choice":"Entered Light","damage_taken":23,"max_hp_gain":0,"max_hp_loss":0,"event_name":"Shining Light","floor":13,"gold_loss":0,"cards_upgraded":["True Grit","Hemokinesis"]}],"is_beta":true,"boss_relics":[],"items_purged_floors":[],"is_endless":false,"potions_floor_spawned":[1,2,10,12],"killed_by":"Red Slaver","ascension_level":15}