{"gold_per_floor":[112,29,29,29,29,29,63,63,63,6,18,33,65,80,80,154,154,172,17,17,85,104,104,104],"floor_reached":24,"playtime":871,"items_purged":["Parasite"],"score":408,"play_id":"1cec24cf-2b45-405b-ac48-ef704054dabc","local_time":"20190505151545","is_ascension_mode":true,"campfire_choices":[{"data":"Defragment","floor":6,"key":"SMITH"},{"floor":15,"key":"REST"},{"floor":23,"key":"REST"}],"neow_cost":"NONE","seed_source_timestamp":452556780040922,"circlet_count":0,"master_deck":["AscendersBane","Strike_B","Strike_B","Strike_B","Strike_B","Defend_B","Defend_B","Defend_B","Defend_B","Zap","Dualcast","Barrage","Defragment+1","Hologram","Ball Lightning","Steam","Ball Lightning","Echo Form","Cold Snap","Fission","Self Repair","Hologram","Doom and Gloom"],"relics":["Cracked Core","Nunchaku","Mercury Hourglass","Fusion Hammer","SsserpentHead"],"potions_floor_usage":[13,18],"damage_taken":[{"damage":2,"enemies":"Jaw Worm","floor":1,"turns":3},{"damage":55,"enemies":"3 Sentries","floor":7,"turns":8},{"damage":3,"enemies":"2 Louse","floor":11,"turns":2},{"damage":0,"enemies":"Small Slimes","floor":12,"turns":3},{"damage":33,"enemies":"Gremlin Nob","floor":13,"turns":4},{"damage":0,"enemies":"Looter","floor":14,"turns":3},{"damage":18,"enemies":"Hexaghost","floor":16,"turns":7},{"damage":12,"enemies":"Shell Parasite","floor":18,"turns":4},{"damage":24,"enemies":"3 Byrds","floor":21,"turns":4},{"damage":32,"enemies":"Shelled Parasite and Fungi","floor":22,"turns":5},{"damage":38,"enemies":"Book of Stabbing","floor":24,"turns":3}],"seed_played":"2328628522144328042","potions_obtained":[{"floor":12,"key":"Strength Potion"},{"floor":14,"key":"EssenceOfSteel"}],"is_trial":false,"path_per_floor":["M","$","?","?","?","R","E","?","T","$","M","M","E","M","R","B",null,"M","$","?","M","M","R","E"],"character_chosen":"DEFECT","items_purchased":["Defragment","Ball Lightning","Self Repair"],"campfire_rested":2,"item_purchase_floors":[2,10,19],"current_hp_per_floor":[69,69,69,69,74,74,19,39,39,39,36,36,3,3,27,9,65,53,53,53,36,11,35,0],"gold":104,"neow_bonus":"TEN_PERCENT_HP_BONUS","is_prod":false,"is_daily":false,"chose_seed":false,"campfire_upgraded":1,"win_rate":0,"timestamp":1557094545,"path_taken":["M","$","?","?","?","R","E","?","T","?","M","M","E","M","R","BOSS","M","$","?","?","M","R","E"],"build_version":"2019-04-23","purchased_purges":1,"victory":false,"max_hp_per_floor":[78,78,78,78,83,83,83,83,83,83,83,83,83,83,83,83,83,83,80,80,80,80,80,80],"card_choices":[{"not_picked":["Beam Cell","Rebound"],"picked":"Barrage","floor":1},{"not_picked":["Sweeping Beam","Gash"],"picked":"Hologram","floor":7},{"not_picked":["Consume","Chaos"],"picked":"Steam","floor":11},{"not_picked":["Hologram","Conserve Battery"],"picked":"Ball Lightning","floor":12},{"not_picked":["Reprogram","Static Discharge"],"picked":"Echo Form","floor":13},{"not_picked":["Chaos","Hologram"],"picked":"Cold Snap","floor":14},{"not_picked":["Echo Form","Core Surge"],"picked":"Fission","floor":16},{"not_picked":["Cold Snap","Recycle","Blizzard"],"picked":"SKIP","floor":18},{"not_picked":["Steam","Scrape+1"],"picked":"Hologram","floor":21},{"not_picked":["Beam Cell+1","Coolheaded"],"picked":"Doom and Gloom","floor":22}],"player_experience":6171805,"relics_obtained":[{"floor":7,"key":"Nunchaku"},{"floor":13,"key":"Mercury Hourglass"}],"event_choices":[{"damage_healed":0,"gold_gain":0,"player_choice":"Leave","damage_taken":0,"max_hp_gain":0,"max_hp_loss":0,"event_name":"The Cleric","floor":3,"gold_loss":0},{"damage_healed":0,"gold_gain":0,"player_choice":"Ignored","damage_taken":0,"max_hp_gain":0,"max_hp_loss":0,"event_name":"Liars Game","floor":4,"gold_loss":0},{"damage_healed":0,"gold_gain":0,"player_choice":"Donut","damage_taken":0,"max_hp_gain":5,"max_hp_loss":0,"event_name":"Big Fish","floor":5,"gold_loss":0},{"damage_healed":20,"gold_gain":0,"player_choice":"Healed and dodged fight","damage_taken":0,"max_hp_gain":0,"max_hp_loss":0,"event_name":"Mushrooms","floor":8,"gold_loss":0,"cards_obtained":["Parasite"]},{"damage_healed":0,"gold_gain":0,"player_choice":"Trade","damage_taken":0,"relics_obtained":["SsserpentHead"],"max_hp_gain":0,"max_hp_loss":0,"event_name":"FaceTrader","floor":20,"gold_loss":0}],"is_beta":true,"boss_relics":[{"not_picked":["Empty Cage","Cursed Key"],"picked":"Fusion Hammer"}],"items_purged_floors":[19],"is_endless":false,"potions_floor_spawned":[12,14],"killed_by":"Book of Stabbing","ascension_level":20}