{"gold_per_floor":[109,10,10,20,35,69,89,89,89,120,120,133,133],"floor_reached":13,"playtime":531,"items_purged":[],"score":190,"play_id":"bc41f87a-4c49-440a-ba21-8dae659221f5","local_time":"20190424223311","is_ascension_mode":true,"campfire_choices":[{"floor":8,"key":"REST"},{"data":"Zap","floor":11,"key":"SMITH"}],"neow_cost":"NONE","seed_source_timestamp":189223466676535,"circlet_count":0,"master_deck":["AscendersBane","Strike_B","Strike_B","Strike_B","Strike_B","Defend_B","Defend_B","Defend_B","Defend_B","Zap+1","Dualcast","Compile Driver","Capacitor","Gash","Cold Snap","Biased Cognition","Ball Lightning","Capacitor","Self Repair"],"relics":["Cracked Core","Centennial Puzzle","Pantograph","Blood Vial","Emotion Chip"],"potions_floor_usage":[6,7,10,13],"damage_taken":[{"damage":2,"enemies":"Jaw Worm","floor":1,"turns":3},{"damage":1,"enemies":"Cultist","floor":4,"turns":3},{"damage":2,"enemies":"2 Louse","floor":5,"turns":3},{"damage":61,"enemies":"Lagavulin","floor":6,"turns":9},{"damage":0,"enemies":"Exordium Wildlife","floor":7,"turns":4},{"damage":6,"enemies":"Gremlin Nob","floor":10,"turns":3},{"damage":14,"enemies":"Lots of Slimes","floor":12,"turns":3},{"damage":18,"enemies":"3 Sentries","floor":13,"turns":2}],"seed_played":"8820484258248576401","potions_obtained":[{"floor":4,"key":"SneckoOil"},{"floor":6,"key":"Energy Potion"},{"floor":12,"key":"Swift Potion"}],"is_trial":false,"path_per_floor":["M","$","?","M","M","E","M","R","T","E","R","M","E"],"character_chosen":"DEFECT","items_purchased":["Capacitor","Fire Potion"],"campfire_rested":1,"item_purchase_floors":[2,2],"current_hp_per_floor":[69,69,69,68,66,5,5,28,28,24,24,12,0],"gold":133,"neow_bonus":"TEN_PERCENT_HP_BONUS","is_prod":false,"is_daily":false,"chose_seed":false,"campfire_upgraded":1,"win_rate":0,"timestamp":1556159591,"path_taken":["M","$","?","M","M","E","?","R","T","E","R","M","E"],"build_version":"2019-01-23","purchased_purges":0,"victory":false,"max_hp_per_floor":[78,78,78,78,78,78,78,78,78,78,78,78,78],"card_choices":[{"not_picked":["Stack","Chill"],"picked":"Compile Driver","floor":1},{"not_picked":["Rebound","Stack"],"picked":"Gash","floor":4},{"not_picked":["Turbo","Static Discharge"],"picked":"Cold Snap","floor":5},{"not_picked":["Steam","Storm"],"picked":"Biased Cognition","floor":6},{"not_picked":["Cold Snap","Storm"],"picked":"Ball Lightning","floor":7},{"not_picked":["Recycle","Storm"],"picked":"Capacitor","floor":10},{"not_picked":["Amplify","Go for the Eyes"],"picked":"Self Repair","floor":12}],"player_experience":1921833,"relics_obtained":[{"floor":3,"key":"Centennial Puzzle"},{"floor":6,"key":"Pantograph"},{"floor":9,"key":"Blood Vial"},{"floor":10,"key":"Emotion Chip"}],"event_choices":[{"damage_healed":0,"gold_gain":0,"player_choice":"Relic","damage_taken":0,"max_hp_gain":0,"max_hp_loss":0,"event_name":"Wheel of Change","floor":3,"gold_loss":0}],"is_beta":false,"boss_relics":[],"items_purged_floors":[],"is_endless":false,"potions_floor_spawned":[4,6,12],"killed_by":"3 Sentries","ascension_level":20}