{"gold_per_floor":[112,122,122,139,157,157,176,176,176,176,205,217,217,229,229,229],"floor_reached":16,"playtime":641,"items_purged":[],"score":208,"play_id":"d6ec55b4-da9f-4dba-8f54-b0e9a94c1c9d","local_time":"20180910103241","is_ascension_mode":true,"campfire_choices":[{"data":"Neutralize","floor":6,"key":"SMITH"},{"data":"Malaise","floor":8,"key":"SMITH"},{"floor":10,"key":"REST"},{"floor":13,"key":"REST"},{"floor":15,"key":"REST"}],"neow_cost":"NONE","seed_source_timestamp":498330634031861,"circlet_count":0,"master_deck":["Defend_G","Defend_G","Defend_G","Defend_G","Defend_G","Strike_G","Strike_G","Strike_G","Strike_G","Strike_G","Survivor","Neutralize+1","AscendersBane","Escape Plan","Cloak And Dagger","Malaise+1","Dash","PiercingWail","Backflip"],"relics":["Ring of the Snake","Sundial","Pantograph"],"potions_floor_usage":[11,12,16],"damage_taken":[{"damage":6,"enemies":"Cultist","floor":1,"turns":5},{"damage":0,"enemies":"Small Slimes","floor":2,"turns":4},{"damage":0,"enemies":"2 Louse","floor":4,"turns":4},{"damage":11,"enemies":"Exordium Wildlife","floor":5,"turns":7},{"damage":18,"enemies":"Exordium Thugs","floor":7,"turns":10},{"damage":40,"enemies":"3 Sentries","floor":11,"turns":17},{"damage":0,"enemies":"Large Slime","floor":12,"turns":11},{"damage":6,"enemies":"2 Fungi Beasts","floor":14,"turns":5},{"damage":63,"enemies":"Slime Boss","floor":16,"turns":11}],"seed_played":"3025416192944508383","potions_obtained":[{"floor":4,"key":"EssenceOfSteel"},{"floor":11,"key":"EssenceOfSteel"},{"floor":12,"key":"SneckoOil"},{"floor":14,"key":"SpeedPotion"}],"is_trial":false,"path_per_floor":["M","M","?","M","M","R","M","R","T","R","E","M","R","M","R"],"character_chosen":"THE_SILENT","items_purchased":[],"campfire_rested":3,"item_purchase_floors":[],"current_hp_per_floor":[53,53,53,53,42,42,24,24,24,43,3,3,22,16,35,0],"gold":229,"neow_bonus":"THREE_CARDS","is_prod":false,"is_daily":false,"chose_seed":false,"campfire_upgraded":2,"win_rate":0,"timestamp":1536600761,"path_taken":["M","?","?","M","M","R","M","R","T","R","E","M","R","M","R","BOSS"],"build_version":"2018-09-06","purchased_purges":0,"victory":false,"max_hp_per_floor":[66,66,66,66,66,66,66,66,66,66,66,66,66,66,66,66],"card_choices":[{"not_picked":["Acrobatics","Reflex"],"picked":"Escape Plan","floor":0},{"not_picked":["Flying Knee","Setup"],"picked":"Cloak And Dagger","floor":1},{"not_picked":["Acrobatics","Terror","Finisher"],"picked":"SKIP","floor":2},{"not_picked":["Slice","Finisher","Deflect"],"picked":"SKIP","floor":4},{"not_picked":["Tactician","Accuracy"],"picked":"Malaise","floor":5},{"not_picked":["Flying Knee","Bane"],"picked":"Dash","floor":7},{"not_picked":["Dagger Throw","Distraction"],"picked":"PiercingWail","floor":11},{"not_picked":["Dodge and Roll","Deflect"],"picked":"Backflip","floor":12},{"not_picked":["Riddle With Holes","Flying Knee","Prepared"],"picked":"SKIP","floor":14}],"player_experience":920895,"relics_obtained":[{"floor":9,"key":"Sundial"},{"floor":11,"key":"Pantograph"}],"event_choices":[{"event_name":"Liars Game","player_choice":"disagreed","floor":3,"damage_taken":0}],"is_beta":true,"boss_relics":[],"items_purged_floors":[],"is_endless":false,"potions_floor_spawned":[4,11,12,14],"killed_by":"Slime Boss","ascension_level":20}