{"gold_per_floor":[111,186,199,199,217,217,217,217,217,217,217,250,250,36,36,113,113,126,145,145,165,180,180,194,213,238,10,10,10,10,43,43,43],"floor_reached":33,"playtime":1347,"items_purged":["Strike_B"],"score":551,"play_id":"579c7437-6812-43cc-9b77-263a2a90f5f8","local_time":"20190403062320","is_ascension_mode":true,"campfire_choices":[{"data":"Zap","floor":6,"key":"SMITH"},{"data":"Hologram","floor":8,"key":"SMITH"},{"data":"1","floor":10,"key":"LIFT"},{"data":"2","floor":13,"key":"LIFT"},{"data":"3","floor":15,"key":"LIFT"},{"floor":23,"key":"REST"},{"floor":28,"key":"REST"},{"floor":32,"key":"REST"}],"neow_cost":"NONE","seed_source_timestamp":158132254434912,"circlet_count":0,"master_deck":["AscendersBane","Strike_B+1","Strike_B+1","Strike_B+1","Defend_B+1","Defend_B+1","Defend_B+1","Defend_B+1","Zap+1","Dualcast+1","Hologram+1","Cold Snap","Biased Cognition","Sweeping Beam","Hologram+1","Self Repair","Cold Snap","Defragment"],"relics":["Cracked Core","NeowsBlessing","Bag of Marbles","Girya","Mango","Velvet Choker","FaceOfCleric","Anchor","War Paint","DataDisk"],"potions_floor_usage":[12,16,16,25,25,31,33,33],"damage_taken":[{"damage":0,"enemies":"Cultist","floor":1,"turns":1},{"damage":0,"enemies":"Small Slimes","floor":3,"turns":1},{"damage":0,"enemies":"Jaw Worm","floor":5,"turns":1},{"damage":12,"enemies":"Lagavulin","floor":12,"turns":7},{"damage":20,"enemies":"Slime Boss","floor":16,"turns":10},{"damage":17,"enemies":"Shell Parasite","floor":18,"turns":3},{"damage":11,"enemies":"3 Byrds","floor":19,"turns":4},{"damage":17,"enemies":"Centurion and Healer","floor":21,"turns":5},{"damage":20,"enemies":"Shelled Parasite and Fungi","floor":22,"turns":5},{"damage":16,"enemies":"Snecko","floor":24,"turns":4},{"damage":0,"enemies":"Snake Plant","floor":25,"turns":2},{"damage":33,"enemies":"Slavers","floor":31,"turns":7},{"damage":80,"enemies":"Automaton","floor":33,"turns":12}],"seed_played":"2288222689658775451","potions_obtained":[{"floor":3,"key":"FocusPotion"},{"floor":22,"key":"Explosive Potion"},{"floor":24,"key":"Regen Potion"},{"floor":25,"key":"LiquidBronze"},{"floor":31,"key":"Block Potion"}],"is_trial":false,"path_per_floor":["M","?","M","?","M","R","?","R","T","R","T","E","R","$","R","B",null,"M","M","?","M","M","R","M","M","T","$","R","?","?","E","R","B"],"character_chosen":"DEFECT","items_purchased":["FocusPotion","SteroidPotion","Dexterity Potion","War Paint"],"campfire_rested":3,"item_purchase_floors":[14,14,27,27],"current_hp_per_floor":[64,53,53,32,32,32,27,27,27,27,27,29,29,29,29,9,66,49,38,38,22,3,29,21,27,27,27,53,53,53,28,55,0],"gold":43,"neow_bonus":"THREE_ENEMY_KILL","is_prod":false,"is_daily":false,"chose_seed":false,"campfire_upgraded":2,"win_rate":0,"timestamp":1554287000,"path_taken":["M","?","M","?","?","R","?","R","T","R","?","E","R","$","R","BOSS","M","?","?","?","M","R","M","M","T","$","R","?","?","E","R","BOSS"],"build_version":"2019-01-23","purchased_purges":1,"victory":false,"max_hp_per_floor":[71,71,71,71,71,71,71,71,71,71,71,85,85,85,85,85,85,85,85,85,86,87,87,88,89,89,89,89,89,89,90,90,90],"card_choices":[{"not_picked":["Rebound","Steam"],"picked":"Hologram","floor":1},{"not_picked":["Streamline","Steam"],"picked":"Cold Snap","floor":3},{"not_picked":["Darkness","Rebound","Steam"],"picked":"SKIP","floor":5},{"not_picked":["Beam Cell","Auto Shields","Skim"],"picked":"SKIP","floor":12},{"not_picked":["Meteor Strike","Thunder Strike"],"picked":"Biased Cognition","floor":16},{"not_picked":["Turbo","Barrage"],"picked":"Sweeping Beam","floor":18},{"not_picked":["Go for the Eyes","Sunder"],"picked":"Hologram+1","floor":19},{"not_picked":["Conserve Battery","Lockon"],"picked":"Self Repair","floor":21},{"not_picked":["Aggregate","Sweeping Beam","Rip and Tear"],"picked":"SKIP","floor":22},{"not_picked":["Sweeping Beam+1","Sunder"],"picked":"Cold Snap","floor":24},{"not_picked":["Steam","Lockon","Reprogram"],"picked":"SKIP","floor":25},{"not_picked":["Rainbow","Darkness"],"picked":"Defragment","floor":31}],"player_experience":1564013,"relics_obtained":[{"floor":9,"key":"Girya"},{"floor":12,"key":"Mango"},{"floor":26,"key":"Anchor"},{"floor":31,"key":"DataDisk"}],"event_choices":[{"damage_healed":0,"gold_gain":75,"player_choice":"Gather Gold","damage_taken":11,"max_hp_gain":0,"max_hp_loss":0,"event_name":"World of Goop","floor":2,"gold_loss":0},{"damage_healed":0,"gold_gain":0,"player_choice":"Entered Light","damage_taken":21,"max_hp_gain":0,"max_hp_loss":0,"event_name":"Shining Light","floor":4,"gold_loss":0,"cards_upgraded":["Strike_B","Strike_B"]},{"damage_healed":0,"gold_gain":0,"player_choice":"Success","damage_taken":5,"relics_obtained":["Bag of Marbles"],"max_hp_gain":0,"max_hp_loss":0,"event_name":"Scrap Ooze","floor":7,"gold_loss":0},{"damage_healed":0,"gold_gain":0,"player_choice":"Trade","damage_taken":0,"relics_obtained":["FaceOfCleric"],"max_hp_gain":0,"max_hp_loss":0,"event_name":"FaceTrader","floor":20,"gold_loss":0},{"damage_healed":0,"gold_gain":0,"player_choice":"Simplicity","damage_taken":0,"max_hp_gain":0,"max_hp_loss":0,"event_name":"Back to Basics","floor":30,"gold_loss":0,"cards_upgraded":["Strike_B","Defend_B","Defend_B","Defend_B"]}],"is_beta":false,"boss_relics":[{"not_picked":["Empty Cage","Pandora\u0027s Box"],"picked":"Velvet Choker"}],"items_purged_floors":[14],"is_endless":false,"potions_floor_spawned":[3,22,24,25,31],"killed_by":"Automaton","ascension_level":20}