{"path_per_floor":["M","M","M","?","M","E","R","?","T","E","M","M","R","$","R","B",null,"M","?","M","$","?","E"],"character_chosen":"THE_SILENT","items_purchased":["Acrobatics","Infinite Blades","Bronze Scales","Cloak And Dagger","Energy Potion"],"gold_per_floor":[114,128,146,146,165,191,191,191,218,243,256,274,274,26,26,128,128,140,140,152,2,2,27],"floor_reached":24,"campfire_rested":0,"playtime":2278,"current_hp_per_floor":[66,66,55,55,39,24,30,30,30,5,7,3,11,11,19,12,70,61,61,53,53,37,9],"items_purged":["Writhe"],"gold":27,"score":260,"play_id":"fff94117-6e02-42ec-a23d-7efeb4c65178","is_prod":false,"is_daily":false,"is_ascension_mode":true,"campfire_upgraded":3,"path_taken":["M","M","?","?","M","E","R","?","T","E","M","?","R","$","R","BOSS","M","?","M","$","?","E","M"],"build_version":"2018-02-08-PROD1","purchased_purges":2,"victory":false,"master_deck":["Defend_G","Defend_G","Defend_G","Defend_G+1","Defend_G","Strike_G","Strike_G","Strike_G","Strike_G","Strike_G","Survivor","Neutralize+1","Infinite Blades+1","Venomology+1","Terror","Choke","Caltrops","Terror","Dagger Spray","Reflex+1","Acrobatics","Infinite Blades+1","A Thousand Cuts","Escape Plan","Backstab","Calculated Gamble","Eviscerate","Accuracy","Cloak And Dagger","Prepared+1"],"max_hp_per_floor":[70,70,70,70,70,70,70,70,70,70,70,70,70,70,70,70,70,70,70,70,70,70,70],"relics":["Eternal Feather","War Paint","Pen Nib","Blood Vial","Bronze Scales","Orrery","Oddly Smooth Stone","Enchiridion","Gremlin Horn"],"card_choices":[{"not_picked":["Underhanded Strike","Malaise"],"picked":"Infinite Blades"},{"not_picked":["Flechettes","Dagger Spray"],"picked":"Venomology"},{"not_picked":["Underhanded Strike","PiercingWail"],"picked":"Terror"},{"not_picked":["Noxious Fumes","Terror"],"picked":"Choke"},{"not_picked":["Dagger Spray","Distraction"],"picked":"Caltrops"},{"not_picked":["Cloak And Dagger","Bane"],"picked":"Terror"},{"not_picked":["Slice","PiercingWail"],"picked":"Dagger Spray"},{"not_picked":["Sucker Punch","Deadly Poison"],"picked":"Reflex"},{"not_picked":["Burst","Corpse Explosion"],"picked":"A Thousand Cuts"},{"not_picked":["Sucker Punch","Prepared"],"picked":"Escape Plan"},{"not_picked":["Cloak And Dagger","Endless Agony"],"picked":"Backstab"},{"not_picked":["Concentrate","PiercingWail"],"picked":"Calculated Gamble"},{"not_picked":["Prepared","Deflect"],"picked":"Eviscerate"},{"not_picked":["Deadly Poison","Doppelganger"],"picked":"Accuracy"},{"not_picked":["Slice","Acrobatics"],"picked":"Prepared"}],"player_experience":178178,"potions_floor_usage":[3,5,5,6,6,10,11,12,16,18,18,20,20,23,23,23,24],"damage_taken":[{"damage":4,"enemies":"Blue Slaver","floor":1,"turns":7},{"damage":0,"enemies":"2 Louse","floor":2,"turns":4},{"damage":11,"enemies":"Small Slimes","floor":3,"turns":5},{"damage":16,"enemies":"Exordium Thugs","floor":5,"turns":6},{"damage":30,"enemies":"3 Sentries","floor":6,"turns":9},{"damage":25,"enemies":"Gremlin Nob","floor":10,"turns":5},{"damage":0,"enemies":"Looter","floor":11,"turns":3},{"damage":6,"enemies":"Exordium Wildlife","floor":12,"turns":3},{"damage":9,"enemies":"The Guardian","floor":16,"turns":9},{"damage":9,"enemies":"3 Byrds","floor":18,"turns":3},{"damage":19,"enemies":"Spheric Guardian","floor":20,"turns":5},{"damage":30,"enemies":"Slavers","floor":23,"turns":4},{"damage":21,"enemies":"Snecko","floor":24,"turns":4}],"event_choices":[{"event_name":"The Cleric","player_choice":"Leave","floor":4,"damage_taken":0},{"event_name":"Living Wall","player_choice":"Grow","floor":8,"damage_taken":0},{"event_name":"The Mausoleum","player_choice":"Yes","floor":19,"damage_taken":0},{"event_name":"Cursed Tome","player_choice":"Obtained Book","floor":22,"damage_taken":0}],"boss_relics":[{"not_picked":["Runic Dome","Sozu"],"picked":"Orrery"}],"potions_floor_spawned":[2,3,5,10,18,20],"seed_played":"3798232899205604503","killed_by":"Snecko","ascension_level":3,"is_trial":false}