{"gold_per_floor":[109,124,134,32,32,63,75,75,75,92,92,108,34,34,34,158,158,181,202,202,21,39,39,79,79,79,92,191,191],"floor_reached":29,"playtime":1840,"items_purged":[],"score":270,"play_id":"a494a7e1-7be7-4c7b-83ad-685fceeedfef","local_time":"20181125094418","is_ascension_mode":true,"campfire_choices":[{"data":"Flex","floor":8.0,"key":"SMITH"},{"data":"Armaments","floor":11.0,"key":"SMITH"},{"data":"Heavy Blade","floor":15.0,"key":"SMITH"},{"floor":23,"key":"REST"},{"floor":25,"key":"REST"}],"neow_cost":"NONE","seed_source_timestamp":0,"circlet_count":0,"master_deck":["Strike_R","Strike_R","Strike_R","Strike_R","Strike_R","Defend_R","Defend_R+1","Defend_R","Defend_R","Bash","Shockwave+1","Flex","Thunderclap","Flex+1","Combust","Metallicize","Armaments+1","Flame Barrier","Rupture","Heavy Blade+1","Demon Form","Spot Weakness","Disarm","Impervious","Mind Blast","Sword Boomerang+1","Cleave","Shame","Combust+1"],"special_seed":0,"relics":["Burning Blood","The Courier","Golden Idol","Cursed Key","Gremlin Horn","Dream Catcher"],"potions_floor_usage":[16,18,19],"damage_taken":[{"damage":9.0,"enemies":"2 Louse","floor":1.0,"turns":3.0},{"damage":14.0,"enemies":"Small Slimes","floor":2.0,"turns":4.0},{"damage":4.0,"enemies":"Jaw Worm","floor":3.0,"turns":3.0},{"damage":6.0,"enemies":"Gremlin Nob","floor":6.0,"turns":3.0},{"damage":9.0,"enemies":"Exordium Wildlife","floor":7.0,"turns":4.0},{"damage":4.0,"enemies":"Looter","floor":10.0,"turns":4.0},{"damage":3.0,"enemies":"Blue Slaver","floor":12.0,"turns":4.0},{"damage":10,"enemies":"The Guardian","floor":16,"turns":8},{"damage":6,"enemies":"2 Thieves","floor":18,"turns":3},{"damage":14,"enemies":"Chosen","floor":19,"turns":5},{"damage":18,"enemies":"Colosseum Slavers","floor":20,"turns":4},{"damage":45,"enemies":"Centurion and Healer","floor":22,"turns":8},{"damage":33,"enemies":"Slavers","floor":24,"turns":6},{"damage":23,"enemies":"Sentry and Sphere","floor":27,"turns":6},{"damage":19,"enemies":"Snake Plant","floor":29,"turns":1}],"seed_played":"-8308880652970887662","potions_obtained":[{"floor":0.0,"key":"SteroidPotion"},{"floor":0.0,"key":"Ancient Potion"},{"floor":0.0,"key":"LiquidBronze"},{"floor":3.0,"key":"Regen Potion"},{"floor":10.0,"key":"SteroidPotion"},{"floor":16,"key":"AttackPotion"},{"floor":18,"key":"Weak Potion"}],"is_trial":false,"path_per_floor":["M","M","M","$","?","E","M","R","T","M","R","M","$","?","R","B",null,"M","M","?","$","M","R","E","R","T","M","?","M"],"character_chosen":"IRONCLAD","items_purchased":["Thunderclap","Flex","Rupture","Heavy Blade","Impervious","Mind Blast"],"campfire_rested":2,"item_purchase_floors":[4,4,13,13,21,21],"current_hp_per_floor":[77,69,71,71,55,64,61,61,61,63,63,66,66,66,66,62,74,74,66,54,54,15,37,10,32,32,15,15,0],"gold":191,"neow_bonus":"THREE_SMALL_POTIONS","is_prod":false,"is_daily":false,"chose_seed":false,"campfire_upgraded":3,"win_rate":0,"timestamp":1543157058,"path_taken":["M","M","M","$","?","E","M","R","T","M","R","M","$","?","R","BOSS","M","M","?","$","M","R","E","R","T","M","?","M"],"build_version":"2018-11-15","purchased_purges":0,"victory":false,"max_hp_per_floor":[80,80,80,80,80,80,80,80,80,80,80,80,80,74,74,74,74,74,74,74,74,74,74,74,74,74,74,74,74],"card_choices":[{"not_picked":["Headbutt","Bloodletting","Power Through"],"picked":"SKIP","floor":1.0},{"not_picked":["Warcry","Power Through"],"picked":"Shockwave","floor":2.0},{"not_picked":["Power Through","Bloodletting"],"picked":"Flex","floor":3.0},{"not_picked":["Thunderclap","Headbutt"],"picked":"Combust","floor":6.0},{"not_picked":["True Grit","Sword Boomerang"],"picked":"Metallicize","floor":7.0},{"not_picked":["Cleave","Sword Boomerang"],"picked":"Armaments","floor":10.0},{"not_picked":["Sword Boomerang","Dark Embrace"],"picked":"Flame Barrier","floor":12.0},{"not_picked":["Impervious","Feed"],"picked":"Demon Form","floor":16},{"not_picked":["Thunderclap+1","Battle Trance+1"],"picked":"Spot Weakness","floor":18},{"not_picked":["Bloodletting","Wild Strike+1"],"picked":"Disarm","floor":19},{"not_picked":["Dual Wield","Combust"],"picked":"Sword Boomerang+1","floor":22},{"not_picked":["Burning Pact","Sword Boomerang+1"],"picked":"Cleave","floor":24},{"not_picked":["Heavy Blade","Dropkick"],"picked":"Combust+1","floor":27}],"player_experience":370210,"relics_obtained":[{"floor":6.0,"key":"The Courier"},{"floor":24,"key":"Gremlin Horn"},{"floor":26,"key":"Dream Catcher"}],"event_choices":[{"damage_healed":0.0,"max_hp_gain":0.0,"max_hp_loss":0.0,"gold_gain":0.0,"event_name":"Shining Light","player_choice":"Entered Light","floor":5.0,"gold_loss":0.0,"damage_taken":16.0,"cards_upgraded":["Defend_R","Shockwave"]},{"damage_healed":0.0,"max_hp_gain":0.0,"max_hp_loss":6.0,"gold_gain":0.0,"event_name":"Golden Idol","player_choice":"Lose Max HP","floor":14.0,"gold_loss":0.0,"damage_taken":0.0,"relics_obtained":["Golden Idol"]},{"damage_healed":0,"gold_gain":0,"player_choice":"Fight","damage_taken":0,"max_hp_gain":0,"max_hp_loss":0,"event_name":"Colosseum","floor":20,"gold_loss":0},{"damage_healed":0,"gold_gain":0,"player_choice":"Fled From Nobs","damage_taken":0,"max_hp_gain":0,"max_hp_loss":0,"event_name":"Colosseum","floor":20,"gold_loss":0},{"damage_healed":0,"gold_gain":99,"player_choice":"Stole From Cult","damage_taken":0,"max_hp_gain":0,"max_hp_loss":0,"event_name":"Nest","floor":28,"gold_loss":0}],"is_beta":false,"boss_relics":[{"not_picked":["Black Blood","Mark of Pain"],"picked":"Cursed Key"}],"items_purged_floors":[],"is_endless":false,"potions_floor_spawned":[2,3,10,16,18,20],"killed_by":"Snake Plant","ascension_level":2}