{"gold_per_floor":[112,92,104,104,104,104,29,72,72,72,72,113,133,146,146,235,235,254,57,80,80,103,103,28,28],"floor_reached":25,"playtime":466,"items_purged":["Strike_B"],"score":435,"play_id":"a08c7ffb-6121-4ee3-9eb9-7e8016a02350","local_time":"20180809215258","is_ascension_mode":true,"campfire_choices":[{"data":"Dualcast","floor":6,"key":"SMITH"},{"data":"Loop","floor":10,"key":"SMITH"},{"data":"Redo","floor":15,"key":"SMITH"},{"floor":23,"key":"REST"}],"neow_cost":"NONE","seed_source_timestamp":367955641345039,"circlet_count":0,"master_deck":["Defend_B","Defend_B","Defend_B","Defend_B+1","Zap+1","Dualcast+1","AscendersBane","Storm","Sweeping Beam","Loop+1","Redo+1","Ball Lightning","Echo Form","Core Surge","Coolheaded","Leap","Capacitor","Conserve Battery","Bite","Bite","Bite","Bite","Blizzard"],"relics":["Cracked Core","NeowsBlessing","Golden Idol","Juzu Bracelet","Orichalcum","DataDisk","Nuclear Battery"],"potions_floor_usage":[12,16,20],"damage_taken":[{"damage":0,"enemies":"Jaw Worm","floor":1,"turns":1},{"damage":0,"enemies":"Cultist","floor":3,"turns":1},{"damage":0,"enemies":"Gremlin Nob","floor":8,"turns":1},{"damage":22,"enemies":"Lagavulin","floor":12,"turns":6},{"damage":1,"enemies":"2 Louse","floor":13,"turns":3},{"damage":8,"enemies":"Red Slaver","floor":14,"turns":2},{"damage":6,"enemies":"Hexaghost","floor":16,"turns":7},{"damage":11,"enemies":"Shell Parasite","floor":18,"turns":4},{"damage":24,"enemies":"3 Byrds","floor":20,"turns":4},{"damage":24,"enemies":"Cultist and Chosen","floor":22,"turns":5},{"damage":32,"enemies":"Sentry and Sphere","floor":25,"turns":3}],"seed_played":"-9200387402015309761","potions_obtained":[{"floor":1,"key":"SkillPotion"},{"floor":2,"key":"Regen Potion"},{"floor":12,"key":"SkillPotion"}],"is_trial":false,"path_per_floor":["M","?","M","?","?","R","?","E","T","R","?","E","M","M","R","B",null,"M","$","M","?","M","R","?"],"character_chosen":"DEFECT","items_purchased":["Leap","Capacitor"],"campfire_rested":1,"item_purchase_floors":[19,19],"current_hp_per_floor":[64,64,64,64,64,64,64,64,64,64,64,42,41,33,33,42,59,48,48,24,24,10,23,23,0],"gold":28,"neow_bonus":"THREE_ENEMY_KILL","is_prod":false,"is_daily":false,"chose_seed":false,"campfire_upgraded":3,"win_rate":0,"timestamp":1533876778,"path_taken":["M","?","?","?","?","R","?","E","T","R","?","E","M","M","R","BOSS","M","$","M","?","M","R","?","M"],"build_version":"2018-08-08","purchased_purges":1,"victory":false,"max_hp_per_floor":[71,71,71,64,64,64,64,64,64,64,64,64,64,64,64,64,64,64,64,64,44,44,44,44,44],"card_choices":[{"not_picked":["Self Repair","Gash"],"picked":"Storm","floor":1},{"not_picked":["Turbo","Compile Driver"],"picked":"Sweeping Beam","floor":3},{"not_picked":["Blizzard","Beam Cell"],"picked":"Loop","floor":8},{"not_picked":["Heatsinks","BootSequence"],"picked":"Redo","floor":12},{"not_picked":["Lockon","Skim"],"picked":"Ball Lightning","floor":13},{"not_picked":["Heatsinks","Ball Lightning"],"picked":"Echo Form","floor":14},{"not_picked":["Reboot","Amplify"],"picked":"Core Surge","floor":16},{"not_picked":["Compile Driver","Turbo"],"picked":"Coolheaded","floor":18},{"not_picked":["Cold Snap","Streamline"],"picked":"Conserve Battery","floor":20},{"not_picked":["Ball Lightning","Compile Driver"],"picked":"Blizzard","floor":22}],"player_experience":868699,"relics_obtained":[{"floor":8,"key":"Juzu Bracelet"},{"floor":9,"key":"Orichalcum"},{"floor":12,"key":"DataDisk"}],"event_choices":[{"event_name":"The Woman in Blue","player_choice":"Bought 1 Potion","floor":2,"damage_taken":0},{"event_name":"Golden Idol","player_choice":"Lose Max HP","floor":4,"damage_taken":0},{"event_name":"Living Wall","player_choice":"Grow","floor":5,"damage_taken":0},{"event_name":"The Cleric","player_choice":"Card Removal","floor":7,"damage_taken":0},{"event_name":"Upgrade Shrine","player_choice":"Upgraded","floor":11,"damage_taken":0},{"event_name":"Vampires","player_choice":"Became a vampire","floor":21,"damage_taken":0},{"event_name":"Beggar","player_choice":"Gave Gold","floor":24,"damage_taken":0}],"is_beta":true,"boss_relics":[{"not_picked":["Pandora\u0027s Box","Empty Cage"],"picked":"Nuclear Battery"}],"items_purged_floors":[19],"is_endless":false,"potions_floor_spawned":[1,8,12],"killed_by":"Sentry and Sphere","ascension_level":15}