{"gold_per_floor":[117,128,19,19,19,53,53,94,94,94,110,110,126,126,126,256,256,281,301,301,326,340,340,363,398,398,416,331,331,364,387,387,387],"floor_reached":33,"playtime":1431,"items_purged":["Strike_B"],"score":356,"play_id":"657a093d-783a-4619-aa5c-f932bf854d46","local_time":"20180909095829","is_ascension_mode":true,"campfire_choices":[{"data":"Hyperbeam","floor":7,"key":"SMITH"},{"data":"Storm","floor":10,"key":"SMITH"},{"data":"Zap","floor":12,"key":"SMITH"},{"data":"Dualcast","floor":15,"key":"SMITH"},{"data":"Amplify","floor":23,"key":"SMITH"},{"floor":29,"key":"REST"},{"data":"Storm","floor":32,"key":"SMITH"}],"neow_cost":"","seed_source_timestamp":573533685163065,"circlet_count":0,"master_deck":["Strike_B+1","Strike_B","Strike_B+1","Defend_B","Defend_B","Defend_B","Defend_B","Zap+1","Dualcast+1","Beam Cell","Hyperbeam+1","Melter","Storm+1","Storm+1","Chill","Cold Snap","Amplify+1","Go for the Eyes","Sunder+1","Ball Lightning","Self Repair","BootSequence","Redo+1","Self Repair+1","Auto Shields"],"relics":["Cracked Core","Golden Idol","Shuriken","Pen Nib","Cables","Runic Dome","Enchiridion","Pear","Meat on the Bone","The Courier","Whetstone"],"potions_floor_usage":[8,16,27,30,33,33],"damage_taken":[{"damage":0,"enemies":"Cultist","floor":1,"turns":3},{"damage":7,"enemies":"Jaw Worm","floor":2,"turns":3},{"damage":32,"enemies":"Lagavulin","floor":6,"turns":7},{"damage":13,"enemies":"Gremlin Nob","floor":8,"turns":3},{"damage":0,"enemies":"2 Louse","floor":11,"turns":2},{"damage":9,"enemies":"Looter","floor":13,"turns":2},{"damage":12,"enemies":"The Guardian","floor":16,"turns":7},{"damage":7,"enemies":"Chosen","floor":18,"turns":4},{"damage":12,"enemies":"Shell Parasite","floor":19,"turns":3},{"damage":0,"enemies":"3 Cultists","floor":21,"turns":2},{"damage":10,"enemies":"Centurion and Healer","floor":22,"turns":3},{"damage":17,"enemies":"Snake Plant","floor":24,"turns":2},{"damage":6,"enemies":"Slavers","floor":25,"turns":3},{"damage":8,"enemies":"Snecko","floor":27,"turns":3},{"damage":15,"enemies":"Gremlin Leader","floor":30,"turns":6},{"damage":2,"enemies":"Cultist and Chosen","floor":31,"turns":2},{"damage":82,"enemies":"Collector","floor":33,"turns":9}],"seed_played":"4456369085704683535","potions_obtained":[{"floor":6,"key":"AttackPotion"},{"floor":8,"key":"Energy Potion"},{"floor":11,"key":"SkillPotion"},{"floor":22,"key":"SkillPotion"},{"floor":24,"key":"EssenceOfSteel"},{"floor":27,"key":"Explosive Potion"},{"floor":31,"key":"Swift Potion"}],"is_trial":false,"path_per_floor":["M","M","$","$","?","E","R","E","T","R","M","R","M","?","R","B",null,"M","M","?","M","M","R","M","E","T","M","?","R","E","M","R"],"character_chosen":"DEFECT","items_purchased":["Melter"],"campfire_rested":1,"item_purchase_floors":[3],"current_hp_per_floor":[75,68,68,68,68,36,36,23,23,23,23,23,14,14,14,2,69,62,50,34,34,24,24,14,25,25,29,29,52,56,71,71,0],"gold":387,"neow_bonus":"","is_prod":false,"is_daily":false,"chose_seed":false,"campfire_upgraded":6,"win_rate":0,"timestamp":1536501509,"path_taken":["M","M","?","$","?","E","R","E","T","R","M","R","?","?","R","BOSS","M","M","?","?","M","R","M","E","T","M","?","R","E","?","R","BOSS"],"build_version":"2018-09-06","purchased_purges":1,"victory":false,"max_hp_per_floor":[75,75,75,75,69,69,69,69,69,69,69,69,69,69,69,69,69,69,69,69,69,69,69,69,79,79,79,79,79,79,79,79,79],"card_choices":[{"not_picked":["Compile Driver","Scrape"],"picked":"Beam Cell","floor":1},{"not_picked":["Sunder","Cold Snap"],"picked":"Hyperbeam","floor":2},{"not_picked":["Chaos","Cold Snap"],"picked":"Storm","floor":6},{"not_picked":["BootSequence","Loop"],"picked":"Storm","floor":8},{"not_picked":["Steam","Stack"],"picked":"Chill","floor":11},{"not_picked":["Hologram","Sweeping Beam"],"picked":"Cold Snap","floor":13},{"not_picked":["All For One","Rainbow"],"picked":"Amplify","floor":16},{"not_picked":["Beam Cell","Leap"],"picked":"Go for the Eyes","floor":18},{"not_picked":["Scrape","Turbo"],"picked":"Sunder+1","floor":19},{"not_picked":["Gash","Conserve Battery"],"picked":"Ball Lightning","floor":21},{"not_picked":["Compile Driver","Coolheaded"],"picked":"Self Repair","floor":22},{"not_picked":["Conserve Battery","Rebound"],"picked":"BootSequence","floor":24},{"not_picked":["Aggregate","Cold Snap"],"picked":"Redo+1","floor":25},{"not_picked":["Hyperbeam","Steam","Leap"],"picked":"SKIP","floor":27},{"not_picked":["White Noise","Streamline"],"picked":"Self Repair+1","floor":30},{"not_picked":["Steam+1","Streamline"],"picked":"Auto Shields","floor":31}],"player_experience":992463,"relics_obtained":[{"floor":6,"key":"Shuriken"},{"floor":8,"key":"Pen Nib"},{"floor":9,"key":"Cables"},{"floor":20,"key":"Enchiridion"},{"floor":25,"key":"Pear"},{"floor":26,"key":"Meat on the Bone"},{"floor":30,"key":"Whetstone"}],"event_choices":[{"event_name":"Golden Idol","player_choice":"Lose Max HP","floor":5,"damage_taken":0},{"event_name":"Liars Game","player_choice":"disagreed","floor":14,"damage_taken":0},{"event_name":"Cursed Tome","player_choice":"Obtained Book","floor":20,"damage_taken":0},{"event_name":"Addict","player_choice":"Obtained Relic","floor":28,"damage_taken":0}],"is_beta":false,"boss_relics":[{"not_picked":["Calling Bell","Pandora\u0027s Box"],"picked":"Runic Dome"}],"items_purged_floors":[3],"is_endless":false,"potions_floor_spawned":[6,8,11,22,24,27,31],"killed_by":"Collector","ascension_level":4}