{"gold_per_floor":[117,117,28,103,103,103,121,121,121,150,164,191,191,206,206,282,282,222,137,137,137,137,137,137,137,137,137,117,117,42,42,42,42,42,42,42,42,42,42,42,42,42,42,0,0,0,0,0,0,0],"floor_reached":50,"playtime":1983,"items_purged":[],"score":1208,"play_id":"5ff22a1a-c4c6-43fe-baf1-9c8174f15c21","local_time":"20190423012257","is_ascension_mode":true,"campfire_choices":[{"data":"Uppercut","floor":6,"key":"SMITH"},{"data":"Bash","floor":8,"key":"SMITH"},{"data":"Clothesline","floor":13,"key":"SMITH"},{"data":"Immolate","floor":15,"key":"SMITH"},{"data":"1","floor":23,"key":"LIFT"},{"data":"2","floor":25,"key":"LIFT"},{"data":"3","floor":27,"key":"LIFT"},{"data":"Heavy Blade","floor":32,"key":"SMITH"},{"data":"Feel No Pain","floor":40,"key":"SMITH"},{"data":"True Grit","floor":42,"key":"SMITH"},{"floor":46,"key":"RECALL"},{"data":"Limit Break","floor":49,"key":"SMITH"}],"neow_cost":"NONE","seed_source_timestamp":25136192260041,"circlet_count":0,"master_deck":["AscendersBane","Defend_R","Defend_R","Defend_R","Defend_R","Bash+1","Armaments+1","Uppercut+1","Clothesline+1","Flame Barrier","Immolate+1","Feel No Pain+1","Reaper","Flame Barrier","True Grit+1","Evolve","Shrug It Off","Bite","Bite","Bite","Limit Break+1","Heavy Blade+1","Reckless Charge","Heavy Blade+1","Offering","Corruption+1","HandOfGreed","Writhe","Shrug It Off","Heavy Blade+1","Ghostly Armor","Feed","Fire Breathing","Power Through+1"],"relics":["Burning Blood","NeowsBlessing","Prayer Wheel","Pen Nib","Pocketwatch","Ectoplasm","Girya","Red Skull","Tiny Chest","Empty Cage","Orichalcum","Bag of Preparation","Red Mask","Dream Catcher","Unceasing Top"],"potions_floor_usage":[11,12,16,24,31,41,47],"damage_taken":[{"damage":0,"enemies":"Jaw Worm","floor":1,"turns":1},{"damage":0,"enemies":"Small Slimes","floor":7,"turns":1},{"damage":0,"enemies":"3 Sentries","floor":10,"turns":2},{"damage":0,"enemies":"Cultist","floor":11,"turns":2},{"damage":23,"enemies":"Lagavulin","floor":12,"turns":11},{"damage":0,"enemies":"Exordium Wildlife","floor":14,"turns":3},{"damage":4,"enemies":"Slime Boss","floor":16,"turns":8},{"damage":12,"enemies":"2 Thieves","floor":18,"turns":3},{"damage":0,"enemies":"3 Byrds","floor":20,"turns":3},{"damage":6,"enemies":"Cultist and Chosen","floor":22,"turns":5},{"damage":23,"enemies":"Gremlin Leader","floor":24,"turns":6},{"damage":3,"enemies":"3 Cultists","floor":29,"turns":4},{"damage":11,"enemies":"Snake Plant","floor":31,"turns":6},{"damage":7,"enemies":"Collector","floor":33,"turns":8},{"damage":50,"enemies":"3 Darklings","floor":35,"turns":5},{"damage":5,"enemies":"Orb Walker","floor":39,"turns":2},{"damage":38,"enemies":"Reptomancer","floor":41,"turns":7},{"damage":3,"enemies":"Nemesis","floor":45,"turns":7},{"damage":30,"enemies":"Giant Head","floor":47,"turns":6},{"damage":38,"enemies":"Maw","floor":48,"turns":6},{"damage":36,"enemies":"Time Eater","floor":50,"turns":4}],"seed_played":"-6122646535409063247","potions_obtained":[{"floor":7,"key":"SkillPotion"},{"floor":10,"key":"Energy Potion"},{"floor":12,"key":"Fire Potion"},{"floor":20,"key":"AttackPotion"},{"floor":28,"key":"FearPotion"},{"floor":29,"key":"Ancient Potion"},{"floor":33,"key":"Fire Potion"},{"floor":48,"key":"SteroidPotion"}],"is_trial":false,"path_per_floor":["M","?","$","?","?","R","M","R","T","E","M","E","R","M","R","B",null,"M","?","M","?","M","R","E","R","T","R","?","M","?","M","R","B",null,"M","?","?","T","M","R","E","R","T","?","E","R","E","M","R","B"],"character_chosen":"IRONCLAD","items_purchased":["Uppercut"],"campfire_rested":0,"item_purchase_floors":[3],"current_hp_per_floor":[74,74,74,63,63,63,69,69,69,75,75,58,58,64,64,66,73,67,67,73,52,52,52,52,52,52,52,52,52,52,52,52,51,52,33,33,43,43,46,46,27,27,27,27,37,37,32,19,19,0],"gold":0,"neow_bonus":"THREE_ENEMY_KILL","is_prod":false,"is_daily":false,"chose_seed":false,"campfire_upgraded":8,"win_rate":0,"timestamp":1555996977,"path_taken":["M","?","$","?","?","R","M","R","T","E","?","E","R","M","R","BOSS","M","?","M","?","M","R","E","R","T","R","?","?","?","M","R","BOSS","M","?","?","?","M","R","E","R","T","?","E","R","E","M","R","BOSS"],"build_version":"2019-01-23","purchased_purges":0,"victory":false,"max_hp_per_floor":[75,75,75,75,75,75,75,75,75,75,75,75,75,75,75,75,75,75,75,75,52,52,52,52,52,52,52,52,52,52,52,52,52,52,52,52,52,52,52,52,52,52,52,52,52,52,52,52,52,52],"card_choices":[{"not_picked":["Iron Wave","Clash"],"picked":"Armaments","floor":1},{"not_picked":["Clash","Pommel Strike"],"picked":"Clothesline","floor":7},{"not_picked":["Anger","Inflame"],"picked":"Flame Barrier","floor":10},{"not_picked":["Cleave","Body Slam"],"picked":"Immolate","floor":11},{"not_picked":["Carnage","Clash","Perfected Strike"],"picked":"SKIP","floor":11},{"not_picked":["Fire Breathing","Shrug It Off"],"picked":"Feel No Pain","floor":12},{"not_picked":["Perfected Strike","Seeing Red","Power Through"],"picked":"SKIP","floor":14},{"not_picked":["Infernal Blade","Rampage","Iron Wave"],"picked":"SKIP","floor":14},{"not_picked":["Impervious","Brutality"],"picked":"Reaper","floor":16},{"not_picked":["Burning Pact","Clash"],"picked":"Flame Barrier","floor":18},{"not_picked":["Rage","Wild Strike"],"picked":"True Grit","floor":18},{"not_picked":["Blood for Blood","Battle Trance"],"picked":"Evolve","floor":20},{"not_picked":["Corruption+1","Perfected Strike"],"picked":"Shrug It Off","floor":20},{"not_picked":["Sword Boomerang","Clash","Combust"],"picked":"SKIP","floor":22},{"not_picked":["True Grit","Rage","Ghostly Armor"],"picked":"SKIP","floor":22},{"not_picked":["Ghostly Armor","Twin Strike"],"picked":"Limit Break","floor":24},{"not_picked":["Armaments","Twin Strike+1"],"picked":"Perfected Strike+1","floor":29},{"not_picked":["Intimidate","Clothesline"],"picked":"Heavy Blade","floor":29},{"not_picked":["Entrench","Clothesline"],"picked":"Reckless Charge","floor":31},{"not_picked":["Power Through","Second Wind"],"picked":"Heavy Blade+1","floor":31},{"not_picked":["Bludgeon","Reaper"],"picked":"Offering","floor":33},{"not_picked":["Warcry","Fire Breathing"],"picked":"Corruption+1","floor":35},{"not_picked":["Anger","Evolve+1","Perfected Strike"],"picked":"SKIP","floor":35},{"not_picked":["Enlightenment","Good Instincts"],"picked":"HandOfGreed","floor":36},{"not_picked":["Headbutt","Armaments"],"picked":"Shrug It Off","floor":39},{"not_picked":["Pommel Strike","Heavy Blade","True Grit"],"picked":"SKIP","floor":39},{"not_picked":["Sentinel","Carnage"],"picked":"Heavy Blade+1","floor":41},{"not_picked":["Second Wind","Infernal Blade"],"picked":"Ghostly Armor","floor":45},{"not_picked":["True Grit","Rage"],"picked":"Feed","floor":47},{"not_picked":["True Grit","Blood for Blood"],"picked":"Fire Breathing","floor":48},{"not_picked":["Cleave","Infernal Blade"],"picked":"Power Through+1","floor":48}],"player_experience":1880194,"relics_obtained":[{"floor":9,"key":"Prayer Wheel"},{"floor":10,"key":"Pen Nib"},{"floor":12,"key":"Pocketwatch"},{"floor":24,"key":"Red Skull"},{"floor":26,"key":"Tiny Chest"},{"floor":38,"key":"Orichalcum"},{"floor":41,"key":"Bag of Preparation"},{"floor":45,"key":"Dream Catcher"},{"floor":47,"key":"Unceasing Top"}],"event_choices":[{"damage_healed":0,"gold_gain":0,"player_choice":"Grow","damage_taken":0,"max_hp_gain":0,"max_hp_loss":0,"event_name":"Living Wall","floor":2,"gold_loss":0,"cards_upgraded":["Armaments"]},{"damage_healed":0,"gold_gain":75,"player_choice":"Gather Gold","damage_taken":11,"max_hp_gain":0,"max_hp_loss":0,"event_name":"World of Goop","floor":4,"gold_loss":0},{"cards_removed":["Strike_R"],"damage_healed":0,"gold_gain":0,"player_choice":"Purged","damage_taken":0,"max_hp_gain":0,"max_hp_loss":0,"event_name":"Purifier","floor":5,"gold_loss":0},{"damage_healed":0,"gold_gain":0,"player_choice":"Obtained Relic","damage_taken":0,"relics_obtained":["Girya"],"max_hp_gain":0,"max_hp_loss":0,"event_name":"Addict","floor":19,"gold_loss":85},{"damage_healed":0,"gold_gain":0,"player_choice":"Became a vampire","damage_taken":0,"max_hp_gain":0,"max_hp_loss":23,"event_name":"Vampires","floor":21,"gold_loss":0,"cards_obtained":["Bite","Bite","Bite","Bite","Bite"]},{"damage_healed":0,"gold_gain":0,"player_choice":"Bought 1 Potion","damage_taken":0,"max_hp_gain":0,"max_hp_loss":0,"event_name":"The Woman in Blue","floor":28,"gold_loss":0},{"cards_removed":["Perfected Strike"],"damage_healed":0,"gold_gain":0,"player_choice":"Gave Gold","damage_taken":0,"max_hp_gain":0,"max_hp_loss":0,"event_name":"Beggar","floor":30,"gold_loss":75},{"damage_healed":0,"gold_gain":0,"player_choice":"Memory 1","damage_taken":0,"max_hp_gain":0,"max_hp_loss":0,"event_name":"SensoryStone","floor":36,"gold_loss":0},{"damage_healed":10,"gold_gain":0,"player_choice":"Writhe","damage_taken":0,"max_hp_gain":0,"max_hp_loss":0,"event_name":"Winding Halls","floor":37,"gold_loss":0,"cards_obtained":["Writhe"]},{"damage_healed":0,"gold_gain":0,"player_choice":"Paid","damage_taken":0,"relics_obtained":["Red Mask"],"max_hp_gain":0,"max_hp_loss":0,"event_name":"Tomb of Lord Red Mask","floor":44,"gold_loss":42}],"is_beta":false,"boss_relics":[{"not_picked":["Tiny House","Runic Pyramid"],"picked":"Ectoplasm"},{"not_picked":["Runic Cube","Fusion Hammer"],"picked":"Empty Cage"}],"items_purged_floors":[],"is_endless":false,"potions_floor_spawned":[7,10,12,20,29,33,35,39,48],"killed_by":"Time Eater","ascension_level":20}