{"gold_per_floor":[112,125,2,13,28,28,53,53,53,66,66,66,94,114,114,188,188,204,214,0,0,11,11,44,44],"floor_reached":25,"playtime":1360,"items_purged":[],"score":566,"play_id":"ffb9a337-e9b3-4660-bf8a-f2eb52ccaaa3","local_time":"20190508080229","is_ascension_mode":true,"campfire_choices":[{"data":"Bouncing Flask","floor":6.0,"key":"SMITH"},{"data":"Footwork","floor":8.0,"key":"SMITH"},{"data":"Cloak And Dagger","floor":11.0,"key":"SMITH"},{"data":"Noxious Fumes","floor":15.0,"key":"SMITH"},{"floor":23.0,"key":"REST"}],"neow_cost":"NONE","seed_source_timestamp":0,"circlet_count":0,"master_deck":["AscendersBane","Defend_G","Defend_G","Defend_G","Defend_G","Defend_G","Strike_G","Strike_G","Strike_G","Strike_G","Strike_G","Survivor","Neutralize+1","Masterful Stab","Dash","Footwork+1","Bouncing Flask+1","Cloak And Dagger+1","Cloak And Dagger","Noxious Fumes+1","Burst","Catalyst+1","PiercingWail","PiercingWail+1","PiercingWail"],"special_seed":0,"relics":["Ring of the Snake","Regal Pillow","Calipers","Sozu","Art of War"],"potions_floor_usage":[24],"damage_taken":[{"damage":0.0,"enemies":"2 Louse","floor":1.0,"turns":4.0},{"damage":0.0,"enemies":"Jaw Worm","floor":2.0,"turns":5.0},{"damage":0.0,"enemies":"Cultist","floor":4.0,"turns":3.0},{"damage":0.0,"enemies":"Looter","floor":5.0,"turns":3.0},{"damage":0.0,"enemies":"Lagavulin","floor":7.0,"turns":6.0},{"damage":0.0,"enemies":"Exordium Wildlife","floor":10.0,"turns":4.0},{"damage":9.0,"enemies":"3 Sentries","floor":13.0,"turns":9.0},{"damage":0.0,"enemies":"Large Slime","floor":14.0,"turns":6.0},{"damage":30.0,"enemies":"Hexaghost","floor":16.0,"turns":10.0},{"damage":1.0,"enemies":"Shell Parasite","floor":18.0,"turns":5.0},{"damage":30.0,"enemies":"3 Byrds","floor":19.0,"turns":5.0},{"damage":13.0,"enemies":"Snake Plant","floor":22.0,"turns":4.0},{"damage":15,"enemies":"Gremlin Leader","floor":24,"turns":6},{"damage":35,"enemies":"Cultist and Chosen","floor":25,"turns":7}],"seed_played":"-1657299514056411497","potions_obtained":[{"floor":4.0,"key":"EntropicBrew"},{"floor":5.0,"key":"Poison Potion"},{"floor":7.0,"key":"Weak Potion"},{"floor":13.0,"key":"Dexterity Potion"},{"floor":16.0,"key":"Energy Potion"}],"is_trial":false,"path_per_floor":["M","M","$","M","M","R","E","R","T","M","R","?","E","M","R","B",null,"M","M","?","?","M","R","E","M"],"character_chosen":"THE_SILENT","items_purchased":["Footwork","Bouncing Flask"],"campfire_rested":1,"item_purchase_floors":[3,3],"current_hp_per_floor":[59,59,59,59,59,59,59,59,59,59,59,59,50,50,50,20,55,54,24,24,24,11,45,30,0],"gold":44,"neow_bonus":"UPGRADE_CARD","is_prod":false,"is_daily":false,"chose_seed":false,"campfire_upgraded":4,"win_rate":0,"timestamp":1557316949,"path_taken":["M","M","$","M","M","R","E","R","T","M","R","?","E","M","R","BOSS","M","M","?","?","M","R","E","?"],"build_version":"2019-01-23","purchased_purges":0,"victory":false,"max_hp_per_floor":[66,66,66,66,66,66,66,66,66,66,66,66,66,66,66,66,66,66,66,66,66,66,66,66,66],"card_choices":[{"not_picked":["Outmaneuver","Underhanded Strike"],"picked":"Masterful Stab","floor":1.0},{"not_picked":["Flying Knee","Outmaneuver"],"picked":"Dash","floor":2.0},{"not_picked":["Flechettes","Outmaneuver","Terror"],"picked":"SKIP","floor":4.0},{"not_picked":["Deadly Poison","Terror"],"picked":"Cloak And Dagger","floor":5.0},{"not_picked":["Terror","Skewer","Endless Agony"],"picked":"SKIP","floor":7.0},{"not_picked":["Terror","Slice","Blade Dance"],"picked":"SKIP","floor":10.0},{"not_picked":["Venomology","Dagger Throw"],"picked":"Cloak And Dagger","floor":13.0},{"not_picked":["Slice","Flying Knee"],"picked":"Noxious Fumes","floor":14.0},{"not_picked":["Corpse Explosion","Night Terror"],"picked":"Burst","floor":16.0},{"not_picked":["Prepared","Footwork"],"picked":"Catalyst+1","floor":18.0},{"not_picked":["Backstab","Blur"],"picked":"PiercingWail","floor":19.0},{"not_picked":["Slice","Bane"],"picked":"PiercingWail+1","floor":22.0},{"not_picked":["Heel Hook","Dagger Spray"],"picked":"PiercingWail","floor":24}],"player_experience":2461160,"relics_obtained":[{"floor":7.0,"key":"Regal Pillow"},{"floor":13.0,"key":"Calipers"},{"floor":24,"key":"Art of War"}],"event_choices":[{"damage_healed":0.0,"max_hp_gain":0.0,"max_hp_loss":0.0,"gold_gain":0.0,"event_name":"The Cleric","player_choice":"Leave","floor":12.0,"gold_loss":0.0,"damage_taken":0.0},{"damage_healed":0.0,"max_hp_gain":0.0,"max_hp_loss":0.0,"gold_gain":0.0,"event_name":"Masked Bandits","player_choice":"Paid Fearfully","floor":20.0,"gold_loss":214.0,"damage_taken":0.0},{"damage_healed":0.0,"max_hp_gain":0.0,"max_hp_loss":0.0,"gold_gain":0.0,"event_name":"N\u0027loth","player_choice":"Ignored","floor":21.0,"gold_loss":0.0,"damage_taken":0.0}],"is_beta":false,"boss_relics":[{"not_picked":["Coffee Dripper","Philosopher\u0027s Stone"],"picked":"Sozu"}],"items_purged_floors":[],"is_endless":false,"potions_floor_spawned":[4,5,7,13,16,22],"killed_by":"Cultist and Chosen","ascension_level":20}