{"gold_per_floor":[111,130,141,141,160,189,189,219,219,79,94,106,106,106,106,201,201,211,224,5,19,19,19,35,35,62,94,105,105,20,20,20,20],"floor_reached":33,"playtime":2073,"items_purged":["Strike_B"],"score":362,"play_id":"27dd8c84-09d0-463b-a316-945f0844e8b8","local_time":"20190311015311","is_ascension_mode":true,"campfire_choices":[{"data":"Dualcast","floor":7,"key":"SMITH"},{"data":"Redo","floor":15,"key":"SMITH"},{"data":"Sunder","floor":23,"key":"SMITH"},{"data":"Thunder Strike","floor":25,"key":"SMITH"},{"data":"All For One","floor":32,"key":"SMITH"}],"neow_cost":"NONE","seed_source_timestamp":656703475694195,"circlet_count":0,"master_deck":["Defend_B","Defend_B","Defend_B","Zap+1","Dualcast+1","Sunder+1","Consume+1","Reprogram","Sweeping Beam+1","All For One","Redo+1","Coolheaded","Seek","All For One+1","Sweeping Beam+1","Self Repair","Necronomicurse","Thunder Strike+1"],"relics":["Cracked Core","Art of War","Thread and Needle","Meat on the Bone","Ornamental Fan","Empty Cage","Lantern","Necronomicon","Potion Belt","Smiling Mask","PreservedInsect"],"potions_floor_usage":[6,6,11,12,16,19,27,28],"damage_taken":[{"damage":0,"enemies":"2 Louse","floor":1,"turns":2},{"damage":0,"enemies":"Small Slimes","floor":2,"turns":2},{"damage":0,"enemies":"Cultist","floor":3,"turns":3},{"damage":8,"enemies":"Blue Slaver","floor":5,"turns":2},{"damage":20,"enemies":"Gremlin Nob","floor":6,"turns":4},{"damage":30,"enemies":"Lagavulin","floor":8,"turns":5},{"damage":0,"enemies":"3 Louse","floor":11,"turns":1},{"damage":2,"enemies":"Gremlin Gang","floor":12,"turns":3},{"damage":9,"enemies":"Hexaghost","floor":16,"turns":6},{"damage":2,"enemies":"Spheric Guardian","floor":18,"turns":3},{"damage":11,"enemies":"Shell Parasite","floor":19,"turns":3},{"damage":0,"enemies":"Sentry and Sphere","floor":21,"turns":4},{"damage":11,"enemies":"Shelled Parasite and Fungi","floor":24,"turns":3},{"damage":0,"enemies":"Gremlin Leader","floor":27,"turns":3},{"damage":3,"enemies":"3 Cultists","floor":28,"turns":3},{"damage":93,"enemies":"Collector","floor":33,"turns":7}],"seed_played":"5251179249489521180","potions_obtained":[{"floor":1,"key":"FocusPotion"},{"floor":3,"key":"Block Potion"},{"floor":6,"key":"Explosive Potion"},{"floor":11,"key":"PowerPotion"},{"floor":14,"key":"LiquidBronze"},{"floor":14,"key":"Explosive Potion"},{"floor":14,"key":"FairyPotion"},{"floor":16,"key":"Fire Potion"},{"floor":27,"key":"SkillPotion"}],"is_trial":false,"path_per_floor":["M","M","M","?","M","E","R","E","T","?","M","M","?","?","R","B",null,"M","M","$","M","?","R","M","R","T","E","M","?","?","?","R","B"],"character_chosen":"DEFECT","items_purchased":["Lantern"],"campfire_rested":0,"item_purchase_floors":[20],"current_hp_per_floor":[75,75,75,75,67,47,47,17,17,17,29,39,32,32,32,35,75,73,62,62,69,53,53,42,42,42,49,53,53,53,53,53,0],"gold":20,"neow_bonus":"UPGRADE_CARD","is_prod":false,"is_daily":false,"chose_seed":false,"campfire_upgraded":5,"win_rate":0,"timestamp":1552283591,"path_taken":["M","M","M","?","M","E","R","E","T","?","M","?","?","?","R","BOSS","M","M","$","?","?","R","M","R","T","E","M","?","?","?","R","BOSS"],"build_version":"2019-01-23","purchased_purges":1,"victory":false,"max_hp_per_floor":[75,75,75,75,75,75,75,75,75,75,75,75,75,75,75,75,75,75,75,75,75,75,75,75,75,75,75,75,75,75,75,75,75],"card_choices":[{"not_picked":["Chaos","Recycle"],"picked":"Sunder","floor":1},{"not_picked":["Streamline","Redo"],"picked":"Consume","floor":2},{"not_picked":["Coolheaded","Blizzard"],"picked":"Reprogram","floor":3},{"not_picked":["Barrage","Darkness"],"picked":"Sweeping Beam","floor":5},{"not_picked":["Biased Cognition","Streamline"],"picked":"All For One","floor":6},{"not_picked":["Leap","Steam"],"picked":"Redo","floor":8},{"not_picked":["Redo","Hologram"],"picked":"Coolheaded","floor":11},{"not_picked":["Go for the Eyes","Blizzard"],"picked":"Seek","floor":12},{"not_picked":["Biased Cognition","Amplify"],"picked":"All For One","floor":16},{"not_picked":["Reprogram","Rebound"],"picked":"Sweeping Beam+1","floor":18},{"not_picked":["Undo","Chaos"],"picked":"Self Repair","floor":19},{"not_picked":["Gash","Sweeping Beam","Coolheaded"],"picked":"SKIP","floor":21},{"not_picked":["Conserve Battery","Stack"],"picked":"Thunder Strike","floor":24},{"not_picked":["Sweeping Beam","Steam Power","Rebound"],"picked":"SKIP","floor":27},{"not_picked":["Barrage","Streamline","Stack+1"],"picked":"SKIP","floor":28}],"player_experience":1014031,"relics_obtained":[{"floor":6,"key":"Art of War"},{"floor":8,"key":"Thread and Needle"},{"floor":9,"key":"Meat on the Bone"},{"floor":22,"key":"Necronomicon"},{"floor":26,"key":"Potion Belt"},{"floor":27,"key":"Smiling Mask"}],"event_choices":[{"damage_healed":0,"gold_gain":0,"player_choice":"Grow","damage_taken":0,"max_hp_gain":0,"max_hp_loss":0,"event_name":"Living Wall","floor":4,"gold_loss":0,"cards_upgraded":["Consume"]},{"damage_healed":0,"gold_gain":0,"player_choice":"Paid Gold","damage_taken":0,"relics_obtained":["Ornamental Fan"],"max_hp_gain":0,"max_hp_loss":0,"event_name":"WeMeetAgain","floor":10,"gold_loss":140},{"cards_removed":["Strike_B"],"damage_healed":0,"gold_gain":0,"player_choice":"Card Removal","damage_taken":7,"max_hp_gain":0,"max_hp_loss":0,"event_name":"Golden Wing","floor":13,"gold_loss":0},{"damage_healed":0,"gold_gain":0,"player_choice":"Got Potions","damage_taken":0,"max_hp_gain":0,"max_hp_loss":0,"event_name":"Lab","floor":14,"gold_loss":0},{"damage_healed":0,"gold_gain":0,"player_choice":"Obtained Book","damage_taken":16,"max_hp_gain":0,"max_hp_loss":0,"event_name":"Cursed Tome","floor":22,"gold_loss":0},{"cards_removed":["Defend_B"],"damage_healed":0,"gold_gain":0,"player_choice":"Elegance","damage_taken":0,"max_hp_gain":0,"max_hp_loss":0,"event_name":"Back to Basics","floor":29,"gold_loss":0},{"damage_healed":0,"gold_gain":0,"player_choice":"Obtained Relic","damage_taken":0,"relics_obtained":["PreservedInsect"],"max_hp_gain":0,"max_hp_loss":0,"event_name":"Addict","floor":30,"gold_loss":85},{"damage_healed":0,"gold_gain":0,"player_choice":"Forge","damage_taken":0,"max_hp_gain":0,"max_hp_loss":0,"event_name":"Accursed Blacksmith","floor":31,"gold_loss":0,"cards_upgraded":["Sweeping Beam"]}],"is_beta":false,"boss_relics":[{"not_picked":["Nuclear Battery","Cursed Key"],"picked":"Empty Cage"}],"items_purged_floors":[20],"is_endless":false,"potions_floor_spawned":[1,3,6,11,16,27],"killed_by":"Collector","ascension_level":4}