{"path_per_floor":["M","$","M","?","?","E","R","M","T","M","R","M","E","?","R","B",null,"M","M","?","?","?","R","?","?","T","R","M","$","M","E","R","B",null,"M","?","M","?","M","R","E","R","T","M","?","R","$","M","R"],"character_chosen":"DEFECT","items_purchased":["Machine Learning","Panache","Capacitor","Bottled Tornado","Allocate","Blaster","Dexterity Potion"],"gold_per_floor":[114,37,55,55,55,82,82,97,124,136,136,150,179,179,179,308,308,323,338,338,338,438,438,353,388,414,414,432,198,216,241,241,340,370,389,389,409,409,419,419,448,448,448,467,567,567,174,194,194,194],"floor_reached":50,"campfire_rested":2,"playtime":2847,"current_hp_per_floor":[75,75,75,75,60,60,60,54,54,55,55,62,55,55,55,42,69,53,53,37,37,42,42,42,45,50,50,63,63,66,69,69,6,74,56,56,71,71,72,72,32,54,54,62,67,67,67,73,74,0],"items_purged":[],"gold":194,"score":600,"play_id":"c1caf9c4-c2da-4b94-b65d-ccde138b7ca2","local_time":"20180427143349","is_prod":false,"is_daily":false,"chose_seed":false,"is_ascension_mode":true,"campfire_upgraded":8,"timestamp":1524864829,"path_taken":["M","$","M","?","?","E","R","M","T","M","R","M","E","?","R","BOSS","M","M","?","?","?","R","?","?","T","R","M","$","?","E","R","BOSS","M","?","?","?","?","R","E","R","T","M","?","R","?","M","R","BOSS"],"build_version":"2018-04-26v2","seed_source_timestamp":160688425062127,"purchased_purges":3,"victory":false,"master_deck":["Strike_B+1","Defend_B","Defend_B+1","Defend_B","Defend_B+1","Zap+1","Ball Lightning+1","Machine Learning+1","Flux Capacitor+1","Self Repair+1","Leap","Rip and Tear","Biased Cognition+1","FTL+1","Skim+1","Hello World+1","Genetic Algorithm+1","Machine Learning","Panache+1","Capacitor","Ball Lightning","Seek","Loop+1","Force Field+1","Force Field","Allocate","Blaster"],"max_hp_per_floor":[75,75,75,75,75,75,75,75,75,75,75,75,75,69,69,69,69,69,69,69,69,69,69,69,69,69,69,69,69,69,69,69,69,74,74,74,74,74,74,74,74,74,74,74,74,74,74,74,74,74],"relics":["Cracked Core","NeowsBlessing","Pen Nib","Whetstone","Ice Cream","Bloody Idol","Astrolabe","Enchiridion","Toolbox","Red Mask","Omamori","Shovel","Tiny House","Bronze Scales","Ornamental Fan","Bottled Tornado"],"card_choices":[{"not_picked":["Hello World","Cold Snap"],"picked":"Ball Lightning","floor":1},{"not_picked":["Darkness","Doom and Gloom"],"picked":"Flux Capacitor","floor":6},{"not_picked":["Capacitor","Storm"],"picked":"Self Repair","floor":8},{"not_picked":["Cold Snap","Ball Lightning"],"picked":"Leap","floor":10},{"not_picked":["Amplify","Skim"],"picked":"Rip and Tear","floor":12},{"not_picked":["Machine Learning","Multi-Cast"],"picked":"Biased Cognition","floor":16},{"not_picked":["Gash","Skim"],"picked":"Genetic Algorithm","floor":18},{"not_picked":["Hello World","Coolheaded"],"picked":"Machine Learning","floor":25},{"not_picked":["Barrage","Chill"],"picked":"Sweeping Beam","floor":28},{"not_picked":["Axe Kick","Stack"],"picked":"Ball Lightning","floor":30},{"not_picked":["Multi-Cast","Reboot"],"picked":"Seek","floor":33},{"not_picked":["Rip and Tear","Impulse"],"picked":"Loop","floor":34},{"not_picked":["Melter","Barrage"],"picked":"Force Field","floor":35},{"not_picked":["Darkness","Ball Lightning"],"picked":"Force Field","floor":39}],"player_experience":521895,"potions_floor_usage":[31,35,39,41,41,50,50],"damage_taken":[{"damage":0,"enemies":"2 Louse","floor":1,"turns":1},{"damage":0,"enemies":"Cultist","floor":3,"turns":1},{"damage":0,"enemies":"Gremlin Nob","floor":6,"turns":1},{"damage":6,"enemies":"Jaw Worm","floor":8,"turns":4},{"damage":6,"enemies":"Large Slime","floor":10,"turns":6},{"damage":0,"enemies":"2 Fungi Beasts","floor":12,"turns":3},{"damage":14,"enemies":"3 Sentries","floor":13,"turns":6},{"damage":20,"enemies":"Slime Boss","floor":16,"turns":9},{"damage":23,"enemies":"Shell Parasite","floor":18,"turns":7},{"damage":7,"enemies":"Chosen","floor":19,"turns":5},{"damage":9,"enemies":"Masked Bandits","floor":25,"turns":3},{"damage":2,"enemies":"Centurion and Healer","floor":28,"turns":6},{"damage":2,"enemies":"Snake Plant","floor":30,"turns":2},{"damage":0,"enemies":"Gremlin Leader","floor":31,"turns":6},{"damage":68,"enemies":"Collector","floor":33,"turns":7},{"damage":23,"enemies":"Flame Bruiser 1 Orb","floor":35,"turns":4},{"damage":0,"enemies":"3 Shapes","floor":37,"turns":5},{"damage":14,"enemies":"Flame Bruiser 2 Orb","floor":39,"turns":5},{"damage":45,"enemies":"Giant Head","floor":41,"turns":9},{"damage":7,"enemies":"Sphere and 2 Shapes","floor":44,"turns":4},{"damage":9,"enemies":"Maw","floor":48,"turns":5},{"damage":78,"enemies":"Awakened One","floor":50,"turns":10}],"event_choices":[{"event_name":"Wheel of Change","player_choice":"Full Heal","floor":4,"damage_taken":0},{"event_name":"Shining Light","player_choice":"Entered Light","floor":5,"damage_taken":0},{"event_name":"Golden Idol","player_choice":"Lose Max HP","floor":14,"damage_taken":0},{"event_name":"Cursed Tome","player_choice":"Obtained Book","floor":20,"damage_taken":0},{"event_name":"Forgotten Altar","player_choice":"Gave Idol","floor":21,"damage_taken":0},{"event_name":"Golden Shrine","player_choice":"Pray","floor":22,"damage_taken":0},{"event_name":"Addict","player_choice":"Obtained Relic","floor":24,"damage_taken":0},{"event_name":"Masked Bandits","player_choice":"Fought over 353 gold","floor":25,"damage_taken":0},{"event_name":"Purifier","player_choice":"One Purge","floor":38,"damage_taken":0},{"event_name":"Golden Shrine","player_choice":"Pray","floor":45,"damage_taken":0}],"boss_relics":[{"not_picked":["Lizard Tail","Orrery"],"picked":"Astrolabe"},{"not_picked":["Runic Pyramid","Eternal Feather"],"picked":"Tiny House"}],"potions_floor_spawned":[3,12,13,16,25,28,33,37,41],"seed_played":"5099473874427231349","killed_by":"Awakened One","ascension_level":1,"is_trial":false}