{"gold_per_floor":[113,128,139,139,139,139,178,178,178,214,214,235,278,342,342,433,433,449,464,514,29,50,50,75,0,0,0,43,43,93,133,133,226,226,251,201,215,46,379,408,408,440,440,452,479,490,590,590,590,590,590,590,590,35,62,62],"floor_reached":56,"playtime":4665,"items_purged":["Strike_G"],"score":2103,"play_id":"94a42012-be17-4cd0-a0c8-6dfc77887963","local_time":"20190504023059","is_ascension_mode":true,"campfire_choices":[{"data":"Neutralize","floor":6.0,"key":"SMITH"},{"data":"Footwork","floor":8.0,"key":"SMITH"},{"data":"Dagger Spray","floor":11.0,"key":"SMITH"},{"data":"Crippling Poison","floor":15.0,"key":"SMITH"},{"data":"Noxious Fumes","floor":23.0,"key":"SMITH"},{"floor":27.0,"key":"REST"},{"data":"Well Laid Plans","floor":32.0,"key":"SMITH"},{"floor":41.0,"key":"RECALL"},{"floor":49.0,"key":"REST"},{"data":"Caltrops","floor":53.0,"key":"SMITH"}],"neow_cost":"NONE","seed_source_timestamp":976376780861248,"circlet_count":0,"master_deck":["AscendersBane","Defend_G","Defend_G+1","Defend_G","Defend_G","Defend_G","Strike_G","Strike_G","Survivor","Neutralize+1","Footwork+1","Backstab","Bouncing Flask+1","Dash+1","Dagger Spray+1","Crippling Poison+1","Backflip","Prepared+1","Noxious Fumes+1","Caltrops+1","Backflip","Catalyst+1","Well Laid Plans+1","Madness","Madness","Prepared+1","Tools of the Trade"],"special_seed":0,"relics":["Ring of the Snake","Mummified Hand","Vajra","Centennial Puzzle","Omamori","Cursed Key","Oddly Smooth Stone","Gremlin Horn","Paper Crane","Orichalcum","Dream Catcher","Empty Cage","Bag of Preparation","PreservedInsect","Torii","Meat on the Bone","Mango","Kunai","Medical Kit","Pocketwatch"],"potions_floor_usage":[],"damage_taken":[{"damage":5.0,"enemies":"Cultist","floor":1.0,"turns":5.0},{"damage":10.0,"enemies":"Small Slimes","floor":2.0,"turns":6.0},{"damage":5.0,"enemies":"Jaw Worm","floor":3.0,"turns":5.0},{"damage":0.0,"enemies":"Lagavulin","floor":7.0,"turns":6.0},{"damage":16.0,"enemies":"Gremlin Nob","floor":10.0,"turns":4.0},{"damage":0.0,"enemies":"Exordium Thugs","floor":12.0,"turns":4.0},{"damage":12.0,"enemies":"Lagavulin","floor":13.0,"turns":6.0},{"damage":6.0,"enemies":"Hexaghost","floor":16.0,"turns":9.0},{"damage":2.0,"enemies":"Chosen","floor":18.0,"turns":4.0},{"damage":3.0,"enemies":"2 Thieves","floor":19.0,"turns":2.0},{"damage":12.0,"enemies":"Snake Plant","floor":22.0,"turns":4.0},{"damage":4.0,"enemies":"Cultist and Chosen","floor":24.0,"turns":6.0},{"damage":2.0,"enemies":"Book of Stabbing","floor":28.0,"turns":3.0},{"damage":17.0,"enemies":"Slavers","floor":31.0,"turns":4.0},{"damage":13.0,"enemies":"Collector","floor":33.0,"turns":8.0},{"damage":0.0,"enemies":"3 Darklings","floor":35.0,"turns":4.0},{"damage":6.0,"enemies":"Orb Walker","floor":37.0,"turns":2.0},{"damage":0.0,"enemies":"Nemesis","floor":40.0,"turns":5.0},{"damage":18.0,"enemies":"Giant Head","floor":42.0,"turns":6.0},{"damage":0.0,"enemies":"Writhing Mass","floor":44.0,"turns":4.0},{"damage":2.0,"enemies":"Nemesis","floor":45.0,"turns":5.0},{"damage":0.0,"enemies":"3 Darklings","floor":46.0,"turns":4.0},{"damage":0.0,"enemies":"Mind Bloom Boss Battle","floor":47.0,"turns":6.0},{"damage":16.0,"enemies":"Donu and Deca","floor":50.0,"turns":9.0},{"damage":13.0,"enemies":"Time Eater","floor":51.0,"turns":15.0},{"damage":13.0,"enemies":"Shield and Spear","floor":55.0,"turns":6.0},{"damage":86,"enemies":"The Heart","floor":56,"turns":3}],"seed_played":"-3047053999105444215","potions_obtained":[{"floor":0.0,"key":"Fruit Juice"},{"floor":0.0,"key":"FairyPotion"},{"floor":0.0,"key":"SneckoOil"},{"floor":2.0,"key":"PowerPotion"},{"floor":7.0,"key":"SkillPotion"},{"floor":16.0,"key":"Ancient Potion"},{"floor":19.0,"key":"Poison Potion"},{"floor":24.0,"key":"SteroidPotion"},{"floor":33.0,"key":"AttackPotion"},{"floor":37.0,"key":"Regen Potion"},{"floor":44.0,"key":"GamblersBrew"},{"floor":46.0,"key":"Dexterity Potion"},{"floor":47.0,"key":"Swift Potion"}],"is_trial":false,"path_per_floor":["M","M","M","?","?","R","E","R","T","E","R","M","E","?","R","B",null,"M","M","?","$","M","R","M","$","T","R","E","?","?","E","R","B",null,"M","?","M","$","?","E","R","E","T","M","E","M","?","?","R","B","B",null,"R","$","E","B"],"character_chosen":"THE_SILENT","items_purchased":["Caltrops","Oddly Smooth Stone","Gremlin Horn","Bag of Preparation","Kunai","Medical Kit","Fire Potion"],"campfire_rested":2,"item_purchase_floors":[21,21,21,38,54,54,54],"current_hp_per_floor":[59,49,44,44,44,44,44,44,44,28,28,28,16,16,16,10,51,49,46,46,46,34,34,30,30,30,49,47,60,60,43,43,30,56,56,56,50,50,50,64,64,46,46,46,44,44,58,44,67,51,50,71,71,71,58,0],"gold":62,"neow_bonus":"THREE_SMALL_POTIONS","is_prod":false,"is_daily":false,"chose_seed":false,"campfire_upgraded":7,"win_rate":0,"timestamp":1556951459,"path_taken":["M","M","?","?","?","R","E","R","T","E","R","M","E","?","R","BOSS","M","M","?","$","M","R","M","?","T","R","E","?","?","E","R","BOSS","M","?","?","$","?","E","R","E","T","M","E","M","?","?","R","BOSS","BOSS","R","$","E","BOSS"],"build_version":"2019-01-23","purchased_purges":1,"victory":false,"max_hp_per_floor":[71,71,71,71,64,64,64,64,64,64,64,64,64,64,64,64,64,64,64,64,64,64,64,64,64,64,64,64,64,64,64,64,64,64,64,64,64,64,64,64,64,64,64,64,64,64,78,78,78,78,78,78,78,78,78,78],"card_choices":[{"not_picked":["Poisoned Stab","Underhanded Strike"],"picked":"Footwork","floor":1.0},{"not_picked":["Bane","Acrobatics"],"picked":"Backstab","floor":2.0},{"not_picked":["Phantasmal Killer","Acrobatics"],"picked":"Bouncing Flask","floor":3.0},{"not_picked":["Choke","Bane"],"picked":"Dash","floor":7.0},{"not_picked":["Skewer","PiercingWail"],"picked":"Dagger Spray","floor":10.0},{"not_picked":["Sucker Punch","Backflip"],"picked":"Crippling Poison","floor":12.0},{"not_picked":["Underhanded Strike","Outmaneuver"],"picked":"Backflip","floor":13.0},{"not_picked":["Deadly Poison","Slice"],"picked":"Prepared+1","floor":18.0},{"not_picked":["Poisoned Stab","Dagger Spray"],"picked":"Noxious Fumes","floor":19.0},{"not_picked":["Blade Dance+1","Tactician"],"picked":"Backflip","floor":22.0},{"not_picked":["Acrobatics","Tactician"],"picked":"Catalyst+1","floor":24.0},{"not_picked":["Choke","Sucker Punch","Quick Slash"],"picked":"SKIP","floor":28.0},{"not_picked":["Escape Plan+1","Eviscerate"],"picked":"Well Laid Plans","floor":31.0},{"not_picked":["Sucker Punch","Underhanded Strike","Outmaneuver"],"picked":"SKIP","floor":35.0},{"not_picked":["Underhanded Strike","Dodge and Roll","Bane"],"picked":"SKIP","floor":37.0},{"not_picked":["Slice","Blur","Reflex"],"picked":"SKIP","floor":40.0},{"not_picked":["Flechettes","Blur","Underhanded Strike+1"],"picked":"SKIP","floor":42.0},{"not_picked":["Blur","A Thousand Cuts","Calculated Gamble"],"picked":"SKIP","floor":44.0},{"not_picked":["Skewer+1","Deflect+1","Sucker Punch"],"picked":"SKIP","floor":45.0},{"not_picked":["Deflect","Masterful Stab","Prepared"],"picked":"SKIP","floor":46.0},{"not_picked":["Outmaneuver+1","Acrobatics"],"picked":"Prepared+1","floor":49.0},{"not_picked":["Accuracy+1","Distraction+1"],"picked":"Tools of the Trade","floor":55.0}],"player_experience":2328526,"relics_obtained":[{"floor":7.0,"key":"Mummified Hand"},{"floor":9.0,"key":"Vajra"},{"floor":10.0,"key":"Centennial Puzzle"},{"floor":13.0,"key":"Omamori"},{"floor":26.0,"key":"Paper Crane"},{"floor":28.0,"key":"Orichalcum"},{"floor":31.0,"key":"Dream Catcher"},{"floor":40.0,"key":"PreservedInsect"},{"floor":42.0,"key":"Torii"},{"floor":45.0,"key":"Meat on the Bone"},{"floor":47.0,"key":"Mango"},{"floor":55.0,"key":"Pocketwatch"}],"event_choices":[{"damage_healed":0.0,"max_hp_gain":0.0,"max_hp_loss":0.0,"gold_gain":0.0,"event_name":"Living Wall","player_choice":"Grow","floor":4.0,"gold_loss":0.0,"damage_taken":0.0,"cards_upgraded":["Bouncing Flask"]},{"damage_healed":0.0,"max_hp_gain":0.0,"max_hp_loss":7.0,"gold_gain":0.0,"event_name":"Golden Idol","player_choice":"Lose Max HP","floor":5.0,"gold_loss":0.0,"damage_taken":0.0,"relics_obtained":["Golden Idol"]},{"damage_healed":0.0,"max_hp_gain":0.0,"max_hp_loss":0.0,"gold_gain":64.0,"event_name":"Golden Wing","player_choice":"Gained Gold","floor":14.0,"gold_loss":0.0,"damage_taken":0.0},{"damage_healed":0.0,"max_hp_gain":0.0,"max_hp_loss":0.0,"gold_gain":100.0,"event_name":"The Joust","player_choice":"Bet on Murderer","floor":20.0,"gold_loss":50.0,"damage_taken":0.0},{"damage_healed":13.0,"max_hp_gain":0.0,"max_hp_loss":0.0,"gold_gain":0.0,"event_name":"The Library","player_choice":"Heal","floor":29.0,"gold_loss":0.0,"damage_taken":0.0},{"damage_healed":0.0,"max_hp_gain":0.0,"max_hp_loss":0.0,"gold_gain":50.0,"event_name":"Nest","player_choice":"Stole From Cult","floor":30.0,"gold_loss":0.0,"damage_taken":0.0},{"damage_healed":0.0,"max_hp_gain":0.0,"max_hp_loss":0.0,"gold_gain":0.0,"event_name":"Designer","player_choice":"Upgraded Two","floor":36.0,"gold_loss":50.0,"damage_taken":0.0,"cards_upgraded":["Dash","Defend_G"]},{"damage_healed":0.0,"max_hp_gain":0.0,"max_hp_loss":0.0,"gold_gain":333.0,"event_name":"The Moai Head","player_choice":"Gave Idol","floor":39.0,"relics_lost":["Golden Idol"],"gold_loss":0.0,"damage_taken":0.0},{"damage_healed":0.0,"max_hp_gain":0.0,"max_hp_loss":0.0,"gold_gain":0.0,"event_name":"MindBloom","player_choice":"Fight","floor":47.0,"gold_loss":0.0,"damage_taken":0.0},{"damage_healed":0.0,"max_hp_gain":0.0,"max_hp_loss":0.0,"gold_gain":0.0,"event_name":"Winding Halls","player_choice":"Embrace Madness","floor":48.0,"gold_loss":0.0,"damage_taken":14.0,"cards_obtained":["Madness","Madness"]}],"is_beta":false,"boss_relics":[{"not_picked":["Tiny House","Black Star"],"picked":"Cursed Key"},{"not_picked":["Orrery","Pandora\u0027s Box"],"picked":"Empty Cage"}],"items_purged_floors":[25],"is_endless":false,"potions_floor_spawned":[2,7,16,19,24,33,37,44,46,47],"killed_by":"The Heart","ascension_level":20}