{"gold_per_floor":[118,192,192,202,214,214,247,247,247,282,282,295,322,353,353,427,477,494,494,506,517,517],"floor_reached":22,"playtime":388,"items_purged":[],"score":357,"play_id":"cd71372e-2181-4ddb-bc8b-3a5f5f6c15c1","local_time":"20181026002739","is_ascension_mode":true,"campfire_choices":[{"data":"Bash","floor":6,"key":"SMITH"},{"data":"Defend_R","floor":8,"key":"SMITH"},{"data":"Searing Blow+1","floor":15,"key":"SMITH"}],"neow_cost":"NONE","seed_source_timestamp":432743427327830,"circlet_count":0,"master_deck":["Strike_R","Strike_R","Strike_R","Strike_R","Strike_R","Defend_R","Defend_R","Defend_R","Defend_R+1","Bash+1","AscendersBane","Cleave","Sword Boomerang","Clothesline+1","Perfected Strike+1","Twin Strike+1","Anger+1","Searing Blow+3","Twin Strike+1","Feed+1","Offering","Uppercut+1","Clash+1","Decay","Clothesline+1","True Grit"],"relics":["Burning Blood","Molten Egg 2","Happy Flower","Ancient Tea Set","Art of War","Odd Mushroom","Smiling Mask","Tiny House"],"potions_floor_usage":[7,16],"damage_taken":[{"damage":1,"enemies":"Cultist","floor":1,"turns":3},{"damage":12,"enemies":"Jaw Worm","floor":4,"turns":2},{"damage":0,"enemies":"Small Slimes","floor":5,"turns":3},{"damage":15,"enemies":"Lagavulin","floor":7,"turns":4},{"damage":6,"enemies":"Gremlin Nob","floor":10,"turns":3},{"damage":13,"enemies":"Blue Slaver","floor":12,"turns":2},{"damage":10,"enemies":"The Mushroom Lair","floor":13,"turns":4},{"damage":22,"enemies":"Lagavulin","floor":14,"turns":6},{"damage":25,"enemies":"Hexaghost","floor":16,"turns":6},{"damage":11,"enemies":"Spheric Guardian","floor":18,"turns":3},{"damage":18,"enemies":"Chosen","floor":20,"turns":3},{"damage":44,"enemies":"3 Cultists","floor":21,"turns":6},{"damage":19,"enemies":"Snake Plant","floor":22,"turns":1}],"seed_played":"7466923403132129060","potions_obtained":[{"floor":1,"key":"SneckoOil"},{"floor":4,"key":"EssenceOfSteel"},{"floor":13,"key":"Strength Potion"},{"floor":17,"key":"EssenceOfSteel"}],"is_trial":false,"path_per_floor":["M","T","?","M","M","R","E","R","T","E","?","M","?","E","R","B",null,"M","?","M","M"],"character_chosen":"IRONCLAD","items_purchased":[],"campfire_rested":0,"item_purchase_floors":[],"current_hp_per_floor":[73,73,73,67,73,73,64,64,64,64,69,62,58,42,42,23,71,66,66,54,16,0],"gold":517,"neow_bonus":"THREE_CARDS","is_prod":false,"is_daily":false,"chose_seed":false,"campfire_upgraded":3,"win_rate":0,"timestamp":1540538859,"path_taken":["M","?","?","?","M","R","E","R","T","E","?","?","?","E","R","BOSS","M","?","M","M","M"],"build_version":"2018-10-25v2","purchased_purges":0,"victory":false,"max_hp_per_floor":[75,75,75,75,75,75,75,75,75,75,80,80,80,80,80,80,85,85,85,85,85,85],"card_choices":[{"not_picked":["Thunderclap","Pummel"],"picked":"Cleave","floor":0},{"not_picked":["Entrench","Thunderclap"],"picked":"Sword Boomerang","floor":1},{"not_picked":["Thunderclap+1","Iron Wave+1"],"picked":"Clothesline+1","floor":4},{"not_picked":["Heavy Blade+1","Warcry"],"picked":"Perfected Strike+1","floor":5},{"not_picked":["Reaper+1","Anger+1"],"picked":"Twin Strike+1","floor":7},{"not_picked":["Headbutt+1","Whirlwind+1"],"picked":"Anger+1","floor":10},{"not_picked":["Hemokinesis+1","Wild Strike+1"],"picked":"Searing Blow+1","floor":12},{"not_picked":["Havoc","Heavy Blade+1"],"picked":"Twin Strike+1","floor":13},{"not_picked":["Rampage+1","Second Wind"],"picked":"Feed+1","floor":14},{"not_picked":["Impervious","Double Tap"],"picked":"Offering","floor":16},{"not_picked":["Headbutt+1","Body Slam+1"],"picked":"Uppercut+1","floor":17},{"not_picked":["Combust","Battle Trance"],"picked":"Clash+1","floor":18},{"not_picked":["Seeing Red","Combust"],"picked":"Clothesline+1","floor":20},{"not_picked":["Thunderclap+1","Rage"],"picked":"True Grit","floor":21}],"player_experience":939055,"relics_obtained":[{"floor":2,"key":"Molten Egg 2"},{"floor":7,"key":"Happy Flower"},{"floor":9,"key":"Ancient Tea Set"},{"floor":10,"key":"Art of War"},{"floor":13,"key":"Odd Mushroom"},{"floor":14,"key":"Smiling Mask"}],"event_choices":[{"damage_healed":0,"gold_gain":0,"player_choice":"Ignored","damage_taken":0,"max_hp_gain":0,"max_hp_loss":0,"event_name":"Liars Game","floor":3,"gold_loss":0},{"damage_healed":0,"gold_gain":0,"player_choice":"Donut","damage_taken":0,"max_hp_gain":5,"max_hp_loss":0,"event_name":"Big Fish","floor":11,"gold_loss":0},{"damage_healed":0,"gold_gain":0,"player_choice":"Fought Mushrooms","damage_taken":0,"max_hp_gain":0,"max_hp_loss":0,"event_name":"Mushrooms","floor":13,"gold_loss":0},{"damage_healed":0,"gold_gain":0,"player_choice":"Smashed Altar","damage_taken":0,"max_hp_gain":0,"max_hp_loss":0,"event_name":"Forgotten Altar","floor":19,"gold_loss":0,"cards_obtained":["Decay"]}],"is_beta":true,"boss_relics":[{"not_picked":["Lizard Tail","Empty Cage"],"picked":"Tiny House"}],"items_purged_floors":[],"is_endless":false,"potions_floor_spawned":[1,4,13,14],"killed_by":"Snake Plant","ascension_level":15}