{"gold_per_floor":[359,374,374,17,17,17,48,48,48,64,24,24,24,57,57,57],"floor_reached":16,"playtime":777,"items_purged":["Injury"],"score":255,"play_id":"a8314a99-b52b-45d6-be80-d774102dc708","local_time":"20190323000628","is_ascension_mode":true,"campfire_choices":[{"data":"Mayhem","floor":6,"key":"SMITH"},{"floor":8,"key":"REST"},{"data":"Footwork","floor":15,"key":"SMITH"}],"neow_cost":"TEN_PERCENT_HP_LOSS","seed_source_timestamp":512909638703272,"circlet_count":0,"master_deck":["AscendersBane","Defend_G","Defend_G","Defend_G","Defend_G","Defend_G","Strike_G","Strike_G","Strike_G","Strike_G","Survivor","Neutralize","Blur","Dagger Spray","Footwork+1","Mayhem+1","Leg Sweep+1","Blur+1","Backflip+1"],"relics":["Ring of the Snake","Golden Idol","Singing Bowl","Omamori","Toxic Egg 2","Ornamental Fan"],"potions_floor_usage":[7,14,14],"damage_taken":[{"damage":0,"enemies":"Small Slimes","floor":1,"turns":5},{"damage":0,"enemies":"2 Louse","floor":2,"turns":4},{"damage":26,"enemies":"3 Sentries","floor":7,"turns":8},{"damage":0,"enemies":"Jaw Worm","floor":10,"turns":6},{"damage":1,"enemies":"Looter","floor":11,"turns":4},{"damage":0,"enemies":"Lagavulin","floor":14,"turns":11},{"damage":26,"enemies":"Hexaghost","floor":16,"turns":14}],"seed_played":"6401789233197780312","potions_obtained":[{"floor":1,"key":"Strength Potion"},{"floor":7,"key":"PowerPotion"},{"floor":10,"key":"Strength Potion"},{"floor":14,"key":"Ancient Potion"}],"is_trial":false,"path_per_floor":["M","M","?","$","?","R","E","R","T","M","M","?","?","E","R","B"],"character_chosen":"THE_SILENT","items_purchased":["Footwork","Mayhem"],"campfire_rested":1,"item_purchase_floors":[4,4],"current_hp_per_floor":[59,59,59,59,33,33,9,27,27,27,26,19,24,24,24,0],"gold":57,"neow_bonus":"TWO_FIFTY_GOLD","is_prod":false,"is_daily":false,"chose_seed":false,"campfire_upgraded":2,"win_rate":0,"timestamp":1553313988,"path_taken":["M","M","?","$","?","R","E","R","T","?","M","?","?","E","R","BOSS"],"build_version":"2019-01-23","purchased_purges":1,"victory":false,"max_hp_per_floor":[60,60,60,60,60,60,62,62,62,62,62,62,67,67,67,67],"card_choices":[{"not_picked":["Choke","Outmaneuver"],"picked":"Blur","floor":1},{"not_picked":["Reflex","Tactician"],"picked":"Dagger Spray","floor":2},{"not_picked":["Bane","Eviscerate","Heel Hook"],"picked":"Singing Bowl","floor":7},{"not_picked":["Dagger Throw","Dagger Spray"],"picked":"Leg Sweep+1","floor":10},{"not_picked":["Outmaneuver+1","Terror+1"],"picked":"Blur+1","floor":11},{"not_picked":["Riddle With Holes","Sucker Punch"],"picked":"Backflip+1","floor":14}],"player_experience":1354528,"relics_obtained":[{"floor":7,"key":"Omamori"},{"floor":9,"key":"Toxic Egg 2"},{"floor":14,"key":"Ornamental Fan"}],"event_choices":[{"damage_healed":0,"gold_gain":0,"player_choice":"Take Wound","damage_taken":0,"relics_obtained":["Golden Idol"],"max_hp_gain":0,"max_hp_loss":0,"event_name":"Golden Idol","floor":3,"gold_loss":0,"cards_obtained":["Injury"]},{"damage_healed":0,"gold_gain":0,"player_choice":"Success","damage_taken":26,"relics_obtained":["Singing Bowl"],"max_hp_gain":0,"max_hp_loss":0,"event_name":"Scrap Ooze","floor":5,"gold_loss":0},{"cards_removed":["Strike_G"],"damage_healed":0,"gold_gain":0,"player_choice":"Card Removal","damage_taken":7,"max_hp_gain":0,"max_hp_loss":0,"event_name":"Golden Wing","floor":12,"gold_loss":0},{"damage_healed":0,"gold_gain":0,"player_choice":"Donut","damage_taken":0,"max_hp_gain":5,"max_hp_loss":0,"event_name":"Big Fish","floor":13,"gold_loss":0}],"is_beta":false,"boss_relics":[],"items_purged_floors":[4],"is_endless":false,"potions_floor_spawned":[1,7,10,14],"killed_by":"Hexaghost","ascension_level":19}