{"gold_per_floor":[110,124,199,199,214,214,243,243,266,17,52,70,103,116,116,116],"floor_reached":16,"playtime":914,"items_purged":[],"score":240,"play_id":"e2b906dd-7470-428b-938e-c7c0912fbe69","local_time":"20190405134020","is_ascension_mode":true,"campfire_choices":[{"data":"Bash","floor":6,"key":"SMITH"},{"data":"Feel No Pain","floor":8,"key":"SMITH"},{"data":"Inflame","floor":15,"key":"SMITH"}],"neow_cost":"NONE","seed_source_timestamp":357604099184148,"circlet_count":0,"master_deck":["AscendersBane","Strike_R","Strike_R","Strike_R","Strike_R","Strike_R","Defend_R","Defend_R","Defend_R","Defend_R","Bash+1","Disarm+1","Feel No Pain+1","Evolve","Rampage","Inflame+1","Corruption","Dual Wield","Reckless Charge"],"relics":["Burning Blood","Anchor","Art of War","Membership Card","Du-Vu Doll","Bag of Preparation"],"potions_floor_usage":[7,11,12],"damage_taken":[{"damage":4,"enemies":"2 Louse","floor":1,"turns":4},{"damage":17,"enemies":"Jaw Worm","floor":2,"turns":6},{"damage":3,"enemies":"Cultist","floor":5,"turns":4},{"damage":10,"enemies":"3 Sentries","floor":7,"turns":10},{"damage":29,"enemies":"Lagavulin","floor":11,"turns":7},{"damage":12,"enemies":"Large Slime","floor":12,"turns":5},{"damage":15,"enemies":"3 Sentries","floor":13,"turns":8},{"damage":3,"enemies":"Looter","floor":14,"turns":3},{"damage":19,"enemies":"The Guardian","floor":16,"turns":9}],"seed_played":"1356019160454166069","potions_obtained":[{"floor":5,"key":"Block Potion"},{"floor":7,"key":"Strength Potion"},{"floor":11,"key":"Swift Potion"},{"floor":14,"key":"LiquidBronze"}],"is_trial":false,"path_per_floor":["M","M","?","?","M","R","E","R","T","$","E","M","E","M","R","B"],"character_chosen":"IRONCLAD","items_purchased":["Membership Card","Inflame"],"campfire_rested":0,"item_purchase_floors":[10,10],"current_hp_per_floor":[77,66,55,55,58,58,54,54,54,54,31,25,16,19,19,0],"gold":116,"neow_bonus":"TEN_PERCENT_HP_BONUS","is_prod":false,"is_daily":false,"chose_seed":false,"campfire_upgraded":3,"win_rate":0,"timestamp":1554486020,"path_taken":["M","M","?","?","?","R","E","R","T","?","E","M","E","M","R","BOSS"],"build_version":"2019-01-23","purchased_purges":0,"victory":false,"max_hp_per_floor":[82,82,82,82,82,82,82,82,82,82,82,82,82,82,82,82],"card_choices":[{"not_picked":["Warcry","Heavy Blade"],"picked":"Disarm","floor":1},{"not_picked":["Twin Strike","Entrench"],"picked":"Feel No Pain","floor":2},{"not_picked":["Infernal Blade","Perfected Strike"],"picked":"Evolve","floor":5},{"not_picked":["Wild Strike","Twin Strike"],"picked":"Rampage","floor":7},{"not_picked":["True Grit","Dropkick"],"picked":"Corruption","floor":11},{"not_picked":["Flex","Thunderclap","Warcry"],"picked":"SKIP","floor":12},{"not_picked":["Intimidate","Bludgeon"],"picked":"Dual Wield","floor":13},{"not_picked":["Sword Boomerang","Iron Wave"],"picked":"Reckless Charge","floor":14}],"player_experience":1616936,"relics_obtained":[{"floor":7,"key":"Anchor"},{"floor":9,"key":"Art of War"},{"floor":11,"key":"Du-Vu Doll"},{"floor":13,"key":"Bag of Preparation"}],"event_choices":[{"damage_healed":0,"gold_gain":75,"player_choice":"Gather Gold","damage_taken":11,"max_hp_gain":0,"max_hp_loss":0,"event_name":"World of Goop","floor":3,"gold_loss":0},{"damage_healed":0,"gold_gain":0,"player_choice":"Grow","damage_taken":0,"max_hp_gain":0,"max_hp_loss":0,"event_name":"Living Wall","floor":4,"gold_loss":0,"cards_upgraded":["Disarm"]}],"is_beta":false,"boss_relics":[],"items_purged_floors":[],"is_endless":false,"potions_floor_spawned":[5,7,11,14],"killed_by":"The Guardian","ascension_level":20}