{"gold_per_floor":[116,128,22,22,22,47,47,75,129,2,20,45,45,63,63,63],"floor_reached":16,"playtime":438,"items_purged":[],"score":286,"play_id":"3a129f99-5891-4050-833c-1494665797fb","local_time":"20190408013020","is_ascension_mode":true,"campfire_choices":[{"data":"Bouncing Flask","floor":7,"key":"SMITH"},{"data":"Footwork","floor":13,"key":"SMITH"},{"data":"Neutralize","floor":15,"key":"SMITH"}],"neow_cost":"NONE","seed_source_timestamp":573533426662237,"circlet_count":0,"master_deck":["AscendersBane","Defend_G","Defend_G+1","Defend_G","Defend_G","Defend_G","Strike_G","Strike_G","Strike_G","Strike_G+1","Strike_G","Survivor","Neutralize+1","Bouncing Flask+1","Backstab","Caltrops","Deadly Poison","Footwork+1","Deflect+1","Crippling Poison+1","Well Laid Plans","Escape Plan+1","Footwork","Backflip+1"],"relics":["Ring of the Snake","NeowsBlessing","Bag of Marbles","Toxic Egg 2","Snake Skull","Pen Nib"],"potions_floor_usage":[12,16,16],"damage_taken":[{"damage":0,"enemies":"Cultist","floor":1,"turns":1},{"damage":0,"enemies":"Small Slimes","floor":2,"turns":1},{"damage":0,"enemies":"3 Sentries","floor":6,"turns":1},{"damage":8,"enemies":"Gremlin Nob","floor":8,"turns":3},{"damage":0,"enemies":"Jaw Worm","floor":11,"turns":1},{"damage":3,"enemies":"Lagavulin","floor":12,"turns":5},{"damage":0,"enemies":"Blue Slaver","floor":14,"turns":3},{"damage":37,"enemies":"Slime Boss","floor":16,"turns":8}],"seed_played":"-3688046040933687257","potions_obtained":[{"floor":1,"key":"Energy Potion"},{"floor":6,"key":"Dexterity Potion"},{"floor":14,"key":"SkillPotion"}],"is_trial":false,"path_per_floor":["M","M","$","?","?","E","R","E","T","$","M","E","R","M","R","B"],"character_chosen":"THE_SILENT","items_purchased":["Caltrops","Deadly Poison","Crippling Poison+1","Well Laid Plans"],"campfire_rested":0,"item_purchase_floors":[3,3,10,10],"current_hp_per_floor":[59,59,59,59,39,39,39,31,31,31,31,28,28,28,28,0],"gold":63,"neow_bonus":"THREE_ENEMY_KILL","is_prod":false,"is_daily":false,"chose_seed":false,"campfire_upgraded":3,"win_rate":0,"timestamp":1554701420,"path_taken":["M","?","$","?","?","E","R","E","T","$","M","E","R","?","R","BOSS"],"build_version":"2019-01-23","purchased_purges":0,"victory":false,"max_hp_per_floor":[66,66,66,66,66,66,66,66,66,66,66,66,66,66,66,66],"card_choices":[{"not_picked":["Outmaneuver","Deflect"],"picked":"Bouncing Flask","floor":1},{"not_picked":["Underhanded Strike","Dagger Spray"],"picked":"Backstab","floor":2},{"not_picked":["Calculated Gamble","Bullet Time"],"picked":"Footwork","floor":6},{"not_picked":["Bouncing Flask","Setup"],"picked":"Deflect","floor":8},{"not_picked":["Underhanded Strike","Deflect+1"],"picked":"Escape Plan+1","floor":11},{"not_picked":["Acrobatics+1","Heel Hook"],"picked":"Footwork","floor":12},{"not_picked":["Reflex+1","Distraction+1"],"picked":"Backflip+1","floor":14}],"player_experience":1718058,"relics_obtained":[{"floor":6,"key":"Bag of Marbles"},{"floor":8,"key":"Toxic Egg 2"},{"floor":9,"key":"Snake Skull"},{"floor":12,"key":"Pen Nib"}],"event_choices":[{"damage_healed":0,"gold_gain":0,"player_choice":"Leave","damage_taken":0,"max_hp_gain":0,"max_hp_loss":0,"event_name":"The Cleric","floor":4,"gold_loss":0},{"damage_healed":0,"gold_gain":0,"player_choice":"Entered Light","damage_taken":20,"max_hp_gain":0,"max_hp_loss":0,"event_name":"Shining Light","floor":5,"gold_loss":0,"cards_upgraded":["Defend_G","Strike_G"]}],"is_beta":false,"boss_relics":[],"items_purged_floors":[],"is_endless":false,"potions_floor_spawned":[1,6,14],"killed_by":"Slime Boss","ascension_level":20}