{"gold_per_floor":[112,37,37,51,51,51,64,98,124,141,176,191,191,202,202,202],"floor_reached":16,"playtime":651,"items_purged":[],"score":224,"play_id":"83caf1f6-83d3-48a7-8ccc-97fb1c8420d6","local_time":"20190427005000","is_ascension_mode":true,"campfire_choices":[{"data":"Bash","floor":6,"key":"SMITH"},{"data":"Clothesline","floor":13,"key":"SMITH"},{"data":"True Grit","floor":15,"key":"SMITH"}],"neow_cost":"NONE","seed_source_timestamp":370109428752535,"circlet_count":0,"master_deck":["AscendersBane","Strike_R","Strike_R","Strike_R","Defend_R","Defend_R","Defend_R","Defend_R","Bash+1","Feel No Pain","Cleave","Pommel Strike","Reckless Charge","True Grit+1","Clothesline+1","Reaper"],"relics":["Burning Blood","Potion Belt","Bronze Scales","Blood Vial","Peace Pipe"],"potions_floor_usage":[8,16],"damage_taken":[{"damage":9,"enemies":"2 Louse","floor":1,"turns":3},{"damage":2,"enemies":"Cultist","floor":4,"turns":4},{"damage":7,"enemies":"Small Slimes","floor":7,"turns":3},{"damage":25,"enemies":"3 Sentries","floor":8,"turns":10},{"damage":12,"enemies":"Looter","floor":10,"turns":3},{"damage":27,"enemies":"Lagavulin","floor":11,"turns":7},{"damage":8,"enemies":"Exordium Wildlife","floor":12,"turns":4},{"damage":9,"enemies":"Blue Slaver","floor":14,"turns":4},{"damage":34,"enemies":"Hexaghost","floor":16,"turns":9}],"seed_played":"7420146290633861913","potions_obtained":[{"floor":7,"key":"Swift Potion"},{"floor":10,"key":"Energy Potion"},{"floor":11,"key":"EssenceOfSteel"}],"is_trial":false,"path_per_floor":["M","?","$","M","?","R","M","E","T","M","E","M","R","M","R","B"],"character_chosen":"IRONCLAD","items_purchased":[],"campfire_rested":0,"item_purchase_floors":[],"current_hp_per_floor":[65,65,65,69,69,69,68,49,49,45,26,26,26,25,25,0],"gold":202,"neow_bonus":"RANDOM_COMMON_RELIC","is_prod":false,"is_daily":false,"chose_seed":false,"campfire_upgraded":3,"win_rate":0,"timestamp":1556340600,"path_taken":["M","?","$","M","?","R","?","E","T","M","E","?","R","M","R","BOSS"],"build_version":"2019-01-23","purchased_purges":0,"victory":false,"max_hp_per_floor":[75,75,75,75,75,75,75,75,75,75,75,75,75,75,75,75],"card_choices":[{"not_picked":["Cleave","Combust"],"picked":"Feel No Pain","floor":1},{"not_picked":["Thunderclap","Heavy Blade"],"picked":"Cleave","floor":4},{"not_picked":["Havoc","Headbutt"],"picked":"Pommel Strike","floor":7},{"not_picked":["Havoc","Fire Breathing"],"picked":"Reckless Charge","floor":8},{"not_picked":["Entrench","Heavy Blade"],"picked":"True Grit","floor":10},{"not_picked":["Warcry","Wild Strike"],"picked":"Clothesline","floor":11},{"not_picked":["Perfected Strike","Clothesline","Wild Strike"],"picked":"SKIP","floor":12},{"not_picked":["Perfected Strike","Clothesline","Wild Strike"],"picked":"SKIP","floor":12},{"not_picked":["Thunderclap","Warcry"],"picked":"Reaper","floor":14}],"player_experience":1985341,"relics_obtained":[{"floor":8,"key":"Bronze Scales"},{"floor":9,"key":"Blood Vial"},{"floor":11,"key":"Peace Pipe"}],"event_choices":[{"cards_removed":["Strike_R"],"damage_healed":0,"gold_gain":0,"player_choice":"Card Removal","damage_taken":0,"max_hp_gain":0,"max_hp_loss":0,"event_name":"The Cleric","floor":2,"gold_loss":75},{"cards_removed":["Strike_R"],"damage_healed":0,"gold_gain":0,"player_choice":"Card Removal","damage_taken":0,"max_hp_gain":0,"max_hp_loss":0,"event_name":"Wheel of Change","floor":5,"gold_loss":0}],"is_beta":false,"boss_relics":[],"items_purged_floors":[],"is_endless":false,"potions_floor_spawned":[7,10,11],"killed_by":"Hexaghost","ascension_level":20}