{"gold_per_floor":[113,130,130,145,145,145,179,179,179,206,260,280,291,305,305,305],"floor_reached":16,"playtime":582,"items_purged":[],"score":224,"play_id":"e8b6736a-e01e-4d63-8581-e21058a2d314","local_time":"20190403053536","is_ascension_mode":true,"campfire_choices":[{"data":"FTL","floor":6,"key":"SMITH"},{"data":"Zap","floor":8,"key":"SMITH"},{"data":"Dualcast","floor":15,"key":"SMITH"}],"neow_cost":"NONE","seed_source_timestamp":156035618966359,"circlet_count":0,"master_deck":["AscendersBane","Strike_B","Strike_B","Strike_B","Strike_B","Defend_B","Defend_B","Defend_B","Defend_B","Zap+1","Dualcast+1","Gash","FTL+1","FTL+1","Seek","Genetic Algorithm","Reinforced Body","Undo","Gash"],"relics":["Cracked Core","NeowsBlessing","Turnip","Kunai","Emotion Chip","Dodecahedron","Bag of Marbles"],"potions_floor_usage":[10,16,16],"damage_taken":[{"damage":0,"enemies":"Small Slimes","floor":1,"turns":1},{"damage":0,"enemies":"Cultist","floor":2,"turns":1},{"damage":0,"enemies":"Jaw Worm","floor":4,"turns":1},{"damage":32,"enemies":"Gremlin Nob","floor":7,"turns":4},{"damage":15,"enemies":"Lagavulin","floor":10,"turns":7},{"damage":10,"enemies":"Exordium Wildlife","floor":12,"turns":3},{"damage":0,"enemies":"Blue Slaver","floor":13,"turns":3},{"damage":1,"enemies":"Looter","floor":14,"turns":3},{"damage":8,"enemies":"Hexaghost","floor":16,"turns":9}],"seed_played":"4328637316376806553","potions_obtained":[{"floor":2,"key":"LiquidBronze"},{"floor":4,"key":"PowerPotion"},{"floor":12,"key":"SteroidPotion"},{"floor":13,"key":"Fruit Juice"}],"is_trial":false,"path_per_floor":["M","M","?","M","?","R","E","R","T","E","T","M","M","M","R","B"],"character_chosen":"DEFECT","items_purchased":[],"campfire_rested":0,"item_purchase_floors":[],"current_hp_per_floor":[64,64,64,64,59,59,27,27,27,12,12,2,2,1,1,0],"gold":305,"neow_bonus":"THREE_ENEMY_KILL","is_prod":false,"is_daily":false,"chose_seed":false,"campfire_upgraded":3,"win_rate":0,"timestamp":1554284136,"path_taken":["M","M","?","?","?","R","E","R","T","E","?","M","M","M","R","BOSS"],"build_version":"2019-01-23","purchased_purges":0,"victory":false,"max_hp_per_floor":[71,71,71,71,71,71,71,71,71,71,71,71,71,71,71,76],"card_choices":[{"not_picked":["Redo","Turbo"],"picked":"Gash","floor":1},{"not_picked":["Doom and Gloom","Compile Driver"],"picked":"FTL","floor":2},{"not_picked":["Fusion","Conserve Battery"],"picked":"FTL","floor":4},{"not_picked":["Go for the Eyes","Rebound"],"picked":"Seek","floor":7},{"not_picked":["Go for the Eyes","Rebound"],"picked":"Genetic Algorithm","floor":10},{"not_picked":["Skim","Rebound"],"picked":"Reinforced Body","floor":12},{"not_picked":["Recycle","Streamline"],"picked":"Undo","floor":13},{"not_picked":["Steam","Redo"],"picked":"Gash","floor":14}],"player_experience":1562129,"relics_obtained":[{"floor":7,"key":"Kunai"},{"floor":9,"key":"Emotion Chip"},{"floor":10,"key":"Dodecahedron"},{"floor":11,"key":"Bag of Marbles"}],"event_choices":[{"damage_healed":0,"gold_gain":0,"player_choice":"Upgraded","damage_taken":0,"max_hp_gain":0,"max_hp_loss":0,"event_name":"Upgrade Shrine","floor":3,"gold_loss":0,"cards_upgraded":["FTL"]},{"damage_healed":0,"gold_gain":0,"player_choice":"Success","damage_taken":5,"relics_obtained":["Turnip"],"max_hp_gain":0,"max_hp_loss":0,"event_name":"Scrap Ooze","floor":5,"gold_loss":0}],"is_beta":false,"boss_relics":[],"items_purged_floors":[],"is_endless":false,"potions_floor_spawned":[2,4,7,12,13],"killed_by":"Hexaghost","ascension_level":20}