{"path_per_floor":["M","?","?","$","M","E","$","R","T","M","?","M","M","M","R","B",null,"M","M","?","?","T","R","E","M","T"],"character_chosen":"THE_SILENT","items_purchased":["Distraction","Finisher"],"gold_per_floor":[113,113,113,0,15,43,7,7,7,20,20,35,52,63,63,140,140,125,142,142,142,142,142,170,182,182,182],"floor_reached":27,"campfire_rested":2,"playtime":1605,"current_hp_per_floor":[58,51,51,51,51,5,5,24,24,23,23,9,9,9,30,15,58,45,36,51,51,51,51,10,12,12,0],"items_purged":["Regret"],"gold":182,"score":408,"play_id":"98cb63b0-c1ec-437a-9c7d-b55ed15a0a35","local_time":"20180410234927","is_prod":false,"is_daily":false,"is_ascension_mode":true,"campfire_upgraded":1,"timestamp":1523418567,"path_taken":["M","?","?","$","M","E","?","R","T","M","?","?","M","M","R","BOSS","M","M","?","?","?","R","E","?","T","M"],"build_version":"2018-04-05v2","purchased_purges":1,"victory":false,"master_deck":["Defend_G+1","Defend_G+1","Defend_G+1","Defend_G+1","Defend_G+1","Strike_G+1","Strike_G+1","Strike_G+1","Strike_G+1","Survivor","Neutralize","AscendersBane","Cloak And Dagger","Distraction","Blur+1","Blade Dance+1","Finisher","Cloak And Dagger","Finisher"],"max_hp_per_floor":[66,66,66,66,66,66,66,66,66,66,66,68,70,70,70,72,72,74,76,76,76,76,76,78,80,80,80],"relics":["Runic Pyramid","Vajra","Singing Bowl","War Paint","White Beast Statue","Dead Branch","Mummified Hand","Gremlin Horn"],"card_choices":[{"not_picked":["Deflect","Dodge and Roll"],"picked":"Cloak And Dagger","floor":1},{"not_picked":["Dodge and Roll","Cloak And Dagger"],"picked":"Blur","floor":5},{"not_picked":["Flying Knee","Storm of Steel"],"picked":"Blade Dance","floor":6},{"not_picked":["Poisoned Stab","Dodge and Roll"],"picked":"Cloak And Dagger","floor":10},{"not_picked":["Bane","Reflex"],"picked":"Finisher","floor":14}],"player_experience":816157,"potions_floor_usage":[12,16,19,24,25,27,27],"damage_taken":[{"damage":1,"enemies":"Small Slimes","floor":1,"turns":5},{"damage":0,"enemies":"2 Louse","floor":5,"turns":5},{"damage":46,"enemies":"3 Sentries","floor":6,"turns":16},{"damage":1,"enemies":"Jaw Worm","floor":10,"turns":4},{"damage":16,"enemies":"3 Louse","floor":12,"turns":4},{"damage":2,"enemies":"Exordium Wildlife","floor":13,"turns":8},{"damage":0,"enemies":"2 Fungi Beasts","floor":14,"turns":3},{"damage":17,"enemies":"The Guardian","floor":16,"turns":13},{"damage":15,"enemies":"2 Thieves","floor":18,"turns":4},{"damage":11,"enemies":"Spheric Guardian","floor":19,"turns":3},{"damage":43,"enemies":"Slavers","floor":24,"turns":8},{"damage":0,"enemies":"Centurion and Healer","floor":25,"turns":5},{"damage":21,"enemies":"Sentry and Sphere","floor":27,"turns":5}],"event_choices":[{"event_name":"Golden Wing","player_choice":"Card Removal","floor":2,"damage_taken":0},{"event_name":"Big Fish","player_choice":"Box","floor":3,"damage_taken":0},{"event_name":"Liars Game","player_choice":"disagreed","floor":11,"damage_taken":0},{"event_name":"The Library","player_choice":"Heal","floor":20,"damage_taken":0},{"event_name":"Back to Basics","player_choice":"Simplicity","floor":21,"damage_taken":0}],"boss_relics":[{"not_picked":["Calling Bell","Velvet Choker"],"picked":"White Beast Statue"}],"potions_floor_spawned":[6,12,14,18,19,24,25],"seed_played":"-2729141928585548198","killed_by":"Sentry and Sphere","ascension_level":15,"is_trial":false}