{"gold_per_floor":[115,115,115,135,135,135,178,178,246,269,269,18,18,43,43,43],"floor_reached":16,"playtime":355,"items_purged":["Strike_G"],"score":191,"play_id":"62c2234e-d92b-4437-8d7f-e4b5ff4f5219","local_time":"20180903211635","is_ascension_mode":true,"campfire_choices":[{"data":"Wraith Form v2","floor":6,"key":"SMITH"},{"floor":8,"key":"REST"},{"data":"Dodge and Roll","floor":11,"key":"SMITH"},{"data":"Footwork","floor":15,"key":"SMITH"}],"neow_cost":"NONE","seed_source_timestamp":123685295782530,"circlet_count":0,"master_deck":["Defend_G","Defend_G","Defend_G","Defend_G","Defend_G","Strike_G","Strike_G","Survivor","Neutralize+1","AscendersBane","Sucker Punch","Escape Plan","Wraith Form v2+1","Poisoned Stab","Dodge and Roll+1","Dash","Footwork+1"],"relics":["Ring of the Snake","Golden Idol","Juzu Bracelet","Pantograph","Oddly Smooth Stone"],"potions_floor_usage":[16],"damage_taken":[{"damage":3,"enemies":"Jaw Worm","floor":1,"turns":6},{"damage":2,"enemies":"Small Slimes","floor":4,"turns":4},{"damage":38,"enemies":"Gremlin Nob","floor":7,"turns":6},{"damage":1,"enemies":"2 Louse","floor":10,"turns":3},{"damage":9,"enemies":"Large Slime","floor":14,"turns":10},{"damage":50,"enemies":"Hexaghost","floor":16,"turns":15}],"seed_played":"7133017537789131869","potions_obtained":[{"floor":7,"key":"LiquidBronze"},{"floor":10,"key":"Ancient Potion"}],"is_trial":false,"path_per_floor":["M","?","?","M","?","R","E","R","T","M","R","$","?","M","R"],"character_chosen":"THE_SILENT","items_purchased":["Oddly Smooth Stone"],"campfire_rested":1,"item_purchase_floors":[12],"current_hp_per_floor":[56,49,49,47,47,47,9,27,27,26,26,26,26,17,17,0],"gold":43,"neow_bonus":"UPGRADE_CARD","is_prod":false,"is_daily":false,"chose_seed":false,"campfire_upgraded":3,"win_rate":0,"timestamp":1536034595,"path_taken":["M","?","?","M","?","R","E","R","T","M","R","$","?","M","R","BOSS"],"build_version":"2018-08-30","purchased_purges":1,"victory":false,"max_hp_per_floor":[66,66,66,66,60,60,60,60,60,60,60,60,60,60,60,60],"card_choices":[{"not_picked":["Acrobatics","Riddle With Holes"],"picked":"Sucker Punch","floor":1},{"not_picked":["Sucker Punch","Outmaneuver"],"picked":"Poisoned Stab","floor":4},{"not_picked":["Deadly Poison","Choke"],"picked":"Dodge and Roll","floor":7},{"not_picked":["Cloak And Dagger","Slice"],"picked":"Dash","floor":10},{"not_picked":["Setup","Finisher"],"picked":"Footwork","floor":14}],"player_experience":911237,"relics_obtained":[{"floor":7,"key":"Juzu Bracelet"},{"floor":9,"key":"Pantograph"}],"event_choices":[{"event_name":"Golden Wing","player_choice":"Card Removal","floor":2,"damage_taken":0},{"event_name":"Match and Keep!","player_choice":"2 cards matched","floor":3,"damage_taken":0},{"event_name":"Golden Idol","player_choice":"Lose Max HP","floor":5,"damage_taken":0},{"event_name":"Living Wall","player_choice":"Forget","floor":13,"damage_taken":0}],"is_beta":true,"boss_relics":[],"items_purged_floors":[12],"is_endless":false,"potions_floor_spawned":[7,10],"killed_by":"Hexaghost","ascension_level":19}