{"path_per_floor":["M","M","$","M","?","$","T","R","T","M","?","M","R","$","R","B",null,"M","$","M","T","?","R","?"],"character_chosen":"THE_SILENT","items_purchased":["Accuracy","Orichalcum","Backflip","Well Laid Plans","Finisher","Accuracy","Strength Potion","Noxious Fumes"],"gold_per_floor":[360,371,53,67,67,28,96,96,96,113,142,162,162,1,1,102,102,113,32,49,97,97,97,12],"floor_reached":25,"campfire_rested":0,"playtime":1984,"current_hp_per_floor":[65,62,62,61,54,54,54,54,54,45,39,31,31,31,31,31,70,43,43,17,17,17,17,17],"items_purged":["Writhe"],"gold":12,"score":217,"play_id":"715725f9-246a-41e1-b373-34c2163eee17","is_prod":false,"is_daily":false,"is_ascension_mode":true,"campfire_upgraded":4,"path_taken":["M","M","$","M","?","?","?","R","T","M","?","M","R","$","R","BOSS","M","?","M","?","?","R","?","?"],"build_version":"2018-02-08-PROD1","purchased_purges":3,"victory":false,"master_deck":["Defend_G","Defend_G","Defend_G","Defend_G","Defend_G","Strike_G","Strike_G","Strike_G","Strike_G","Survivor","Neutralize","Blur","Cloak And Dagger+1","Accuracy+1","Backflip","Deadly Poison","Well Laid Plans+1","Escape Plan","Choke","Poisoned Stab","Finisher+1","Accuracy","Envenom+1","Bouncing Flask","Noxious Fumes","Accuracy"],"max_hp_per_floor":[70,70,70,70,70,70,70,70,70,70,70,70,70,70,70,70,70,70,70,70,70,70,70,70],"relics":["Ring of the Snake","Orichalcum","Letter Opener","Oddly Smooth Stone","Odd Mushroom","The Specimen","Snake Skull","Pen Nib"],"card_choices":[{"not_picked":["Sucker Punch","Backflip"],"picked":"Blur"},{"not_picked":["Prepared","Tools of the Trade"],"picked":"Cloak And Dagger"},{"not_picked":["Flying Knee","Sucker Punch"],"picked":"Deadly Poison"},{"not_picked":["Expertise","Bane"],"picked":"Escape Plan"},{"not_picked":["Quick Slash","Backflip"],"picked":"Choke"},{"not_picked":["Acrobatics","Flying Knee"],"picked":"Poisoned Stab"},{"not_picked":["After Image","Doppelganger"],"picked":"Envenom"},{"not_picked":["Escape Plan","Dodge and Roll"],"picked":"Bouncing Flask"},{"not_picked":["Dagger Throw","Flying Knee"],"picked":"Accuracy"}],"player_experience":171516,"potions_floor_usage":[11,16,16,18,20],"damage_taken":[{"damage":5,"enemies":"Jaw Worm","floor":1,"turns":7},{"damage":3,"enemies":"Small Slimes","floor":2,"turns":5},{"damage":1,"enemies":"Cultist","floor":4,"turns":5},{"damage":9,"enemies":"Exordium Thugs","floor":10,"turns":5},{"damage":6,"enemies":"The Mushroom Lair","floor":11,"turns":5},{"damage":8,"enemies":"Large Slime","floor":12,"turns":6},{"damage":15,"enemies":"The Guardian","floor":16,"turns":11},{"damage":27,"enemies":"Spheric Guardian","floor":18,"turns":6},{"damage":26,"enemies":"2 Thieves","floor":20,"turns":4},{"damage":22,"enemies":"Centurion and Healer","floor":25,"turns":4}],"event_choices":[{"event_name":"Golden Wing","player_choice":"Card Removal","floor":5,"damage_taken":0},{"event_name":"Mushrooms","player_choice":"Fought Mushrooms","floor":11,"damage_taken":0},{"event_name":"Upgrade Shrine","player_choice":"Upgraded","floor":22,"damage_taken":0},{"event_name":"Addict","player_choice":"Obtained Relic","floor":24,"damage_taken":0}],"boss_relics":[{"not_picked":["Velvet Choker","Tiny House"],"picked":"The Specimen"}],"potions_floor_spawned":[2,12,16,18],"seed_played":"5617245305757153366","killed_by":"Centurion and Healer","ascension_level":3,"is_trial":false}