{"path_per_floor":["M","M","?","M","?","R","E","M","T","R","M","$","M","E","R","B",null,"M","?","T","M","?","E","M","E","T","R","?","E","R","?","R","B",null,"M","?","M","?","$","E","R","E","T","M","$","R","?","M","R","B"],"character_chosen":"THE_SILENT","items_purchased":["Underhanded Strike","Singing Bowl","Venomology","Pen Nib","Bag of Marbles","Strength Potion","Flash of Steel"],"gold_per_floor":[118,136,311,330,330,330,362,375,426,426,439,131,145,173,173,271,271,288,188,188,200,200,232,246,279,306,306,231,263,263,263,263,364,364,375,375,388,388,234,268,268,298,298,316,20,20,72,90,90,90],"floor_reached":51,"campfire_rested":2,"playtime":4469,"current_hp_per_floor":[70,70,70,69,69,69,47,45,45,45,45,45,34,52,52,10,79,79,79,79,74,74,72,68,28,28,51,51,33,33,33,72,50,81,81,81,81,81,81,78,81,72,72,69,69,81,78,80,85,67],"items_purged":[],"gold":90,"score":595,"play_id":"57fee888-6cdd-4ee0-9118-918119dd7628","is_prod":false,"is_daily":false,"is_ascension_mode":false,"campfire_upgraded":7,"path_taken":["M","M","?","?","?","R","E","M","T","R","M","$","M","E","R","BOSS","M","?","?","M","?","E","?","E","T","R","?","E","R","?","R","BOSS","M","?","M","?","$","E","R","E","T","M","$","R","?","?","R","BOSS"],"build_version":"2018-02-15-PROD1","purchased_purges":1,"victory":true,"master_deck":["Defend_G","Defend_G","Defend_G","Defend_G","Defend_G","Strike_G","Strike_G","Strike_G","Survivor","Neutralize+1","Prepared+1","Well Laid Plans+1","Acrobatics","Dagger Spray","Sucker Punch+1","Acrobatics","Underhanded Strike","Escape Plan","Tactician+1","Backflip+1","J.A.X.+1","Eviscerate+1","Choke+1","Dagger Throw","Terror","Tactician+1","Die Die Die","Underhanded Strike+1","Reflex+1","Escape Plan","Calculated Gamble+1","Acrobatics+1","Flash of Steel"],"max_hp_per_floor":[70,70,70,70,70,70,70,70,70,70,70,70,70,79,79,79,79,79,79,79,79,79,79,79,79,79,79,79,81,81,81,81,81,81,81,81,81,81,81,81,81,81,81,81,81,81,83,85,85,85],"relics":["Ring of the Snake","Spirit Poop","Lantern","Bag of Preparation","Singing Bowl","Strawberry","Question Card","Calipers","Gremlin Horn","Mummified Hand","Oddly Smooth Stone","Regal Pillow","Eternal Feather","Pen Nib","Orichalcum","Omamori","Vajra","Bag of Marbles","Gambling Chip"],"card_choices":[{"not_picked":["Poisoned Stab","Flechettes"],"picked":"Prepared"},{"not_picked":["All Out Attack","Heel Hook"],"picked":"Well Laid Plans"},{"not_picked":["Dagger Spray","All Out Attack"],"picked":"Acrobatics"},{"not_picked":["Cloak And Dagger","Wraith Form"],"picked":"Dagger Spray"},{"not_picked":["Catalyst","PiercingWail"],"picked":"Sucker Punch"},{"not_picked":["Flechettes","Quick Slash"],"picked":"Acrobatics"},{"not_picked":["Dagger Spray","Poisoned Stab"],"picked":"Escape Plan"},{"not_picked":["Wraith Form","Tools of the Trade"],"picked":"Tactician"},{"not_picked":["Predator","Quick Slash","Outmaneuver"],"picked":"Backflip"},{"not_picked":["Slice","Backflip","Setup"],"picked":"Eviscerate"},{"not_picked":["Dash","Doppelganger","Expertise"],"picked":"Choke"},{"not_picked":["Poisoned Stab","Backstab","Prepared"],"picked":"Dagger Throw"},{"not_picked":["Infinite Blades","Acrobatics","Poisoned Stab"],"picked":"Terror"},{"not_picked":["Tactician","Storm of Steel","Venomology"],"picked":"Die Die Die"},{"not_picked":["Dodge and Roll","Blade Dance","Dagger Spray"],"picked":"Underhanded Strike"},{"not_picked":["Choke","Outmaneuver","Bane"],"picked":"Reflex"},{"not_picked":["Bane","Sucker Punch","Flying Knee"],"picked":"Escape Plan"},{"not_picked":["Dagger Throw","Slice","Flechettes"],"picked":"Calculated Gamble"},{"not_picked":["All Out Attack","Bane","Backflip"],"picked":"Acrobatics"}],"player_experience":313143,"potions_floor_usage":[7,13,14,14,16,21,21,23,23,23,24,25,29,29,33,35,40,44,50,50,50],"damage_taken":[{"damage":0,"enemies":"Small Slimes","floor":1,"turns":4},{"damage":0,"enemies":"2 Louse","floor":2,"turns":4},{"damage":1,"enemies":"Cultist","floor":4,"turns":4},{"damage":22,"enemies":"3 Sentries","floor":7,"turns":13},{"damage":2,"enemies":"Blue Slaver","floor":8,"turns":5},{"damage":0,"enemies":"Red Slaver","floor":11,"turns":3},{"damage":11,"enemies":"Exordium Wildlife","floor":13,"turns":4},{"damage":6,"enemies":"Lagavulin","floor":14,"turns":8},{"damage":42,"enemies":"Hexaghost","floor":16,"turns":12},{"damage":0,"enemies":"3 Byrds","floor":18,"turns":7},{"damage":5,"enemies":"Spheric Guardian","floor":21,"turns":4},{"damage":17,"enemies":"Slavers","floor":23,"turns":7},{"damage":4,"enemies":"Snecko","floor":24,"turns":4},{"damage":40,"enemies":"Book of Stabbing","floor":25,"turns":7},{"damage":20,"enemies":"Slavers","floor":29,"turns":4},{"damage":22,"enemies":"Collector","floor":33,"turns":6},{"damage":0,"enemies":"Orb Walker","floor":35,"turns":2},{"damage":0,"enemies":"3 Shapes","floor":37,"turns":3},{"damage":3,"enemies":"2 Orb Walkers","floor":40,"turns":3},{"damage":9,"enemies":"Nemesis","floor":42,"turns":3},{"damage":3,"enemies":"Sphere and 2 Shapes","floor":44,"turns":2},{"damage":5,"enemies":"Mysterious Sphere","floor":47,"turns":3},{"damage":0,"enemies":"4 Shapes","floor":48,"turns":1},{"damage":18,"enemies":"Time Eater","floor":50,"turns":3}],"event_choices":[{"event_name":"Liars Game","player_choice":"agreed","floor":3,"damage_taken":0},{"event_name":"Bonfire Elementals","player_choice":"CURSE","floor":5,"damage_taken":0},{"event_name":"Drug Dealer","player_choice":"Got JAXXED","floor":19,"damage_taken":0},{"event_name":"Purifier","player_choice":"One Purge","floor":22,"damage_taken":0},{"event_name":"Beggar","player_choice":"Gave Gold","floor":28,"damage_taken":0},{"event_name":"Duplicator","player_choice":"One dupe","floor":31,"damage_taken":0},{"event_name":"Tomb of Lord Red Mask","player_choice":"Ignored","floor":38,"damage_taken":0},{"event_name":"Mysterious Sphere","player_choice":"Fight","floor":47,"damage_taken":0}],"boss_relics":[{"not_picked":["Pandora\u0027s Box","White Beast Statue"],"picked":"Question Card"},{"not_picked":["Runic Dome","Runic Pyramid"],"picked":"Eternal Feather"}],"potions_floor_spawned":[2,7,8,13,21,23,29,33,44,47,48],"seed_played":"-1840045537160601580","ascension_level":0,"is_trial":false}