{"gold_per_floor":[119,34,48,8,8,35,54,73,100,128,143,143,156,168,168,245,245,265,129,141,141,56,56],"floor_reached":23,"playtime":869,"items_purged":["Strike_G"],"score":456,"play_id":"6a4ecb87-b004-46b5-b535-dc3290cdb412","local_time":"20190217210704","is_ascension_mode":true,"campfire_choices":[{"data":"Catalyst","floor":12,"key":"SMITH"},{"floor":15,"key":"REST"}],"neow_cost":"NONE","seed_source_timestamp":210323588753401,"circlet_count":0,"master_deck":["AscendersBane","Defend_G","Defend_G","Defend_G","Defend_G","Defend_G","Strike_G","Strike_G","Strike_G","Strike_G","Survivor","Neutralize","Well Laid Plans","Escape Plan","Infinite Blades","Flying Knee","Deadly Poison","Crippling Poison","Catalyst+1","PiercingWail","Tactician","Burst","Infinite Blades","Footwork","Ghostly","Ghostly","Ghostly"],"relics":["Ring of the Snake","NeowsBlessing","Orichalcum","Smiling Mask","Centennial Puzzle","Coffee Dripper","Bag of Marbles"],"potions_floor_usage":[16,16,23],"damage_taken":[{"damage":0,"enemies":"Cultist","floor":1,"turns":1},{"damage":0,"enemies":"Jaw Worm","floor":3,"turns":1},{"damage":0,"enemies":"Lagavulin","floor":6,"turns":1},{"damage":1,"enemies":"Small Slimes","floor":7,"turns":3},{"damage":2,"enemies":"Looter","floor":8,"turns":3},{"damage":25,"enemies":"3 Sentries","floor":10,"turns":11},{"damage":16,"enemies":"Large Slime","floor":11,"turns":9},{"damage":7,"enemies":"2 Fungi Beasts","floor":13,"turns":5},{"damage":0,"enemies":"Gremlin Gang","floor":14,"turns":5},{"damage":1,"enemies":"Hexaghost","floor":16,"turns":8},{"damage":6,"enemies":"Chosen","floor":18,"turns":4},{"damage":4,"enemies":"Spheric Guardian","floor":20,"turns":4},{"damage":38,"enemies":"Slavers","floor":23,"turns":6}],"seed_played":"792995299823220178","potions_obtained":[{"floor":5,"key":"EssenceOfSteel"},{"floor":5,"key":"PowerPotion"},{"floor":16,"key":"Block Potion"}],"is_trial":false,"path_per_floor":["M","$","M","$","?","E","M","M","T","E","M","R","M","M","R","B",null,"M","$","M","?","?","E"],"character_chosen":"THE_SILENT","items_purchased":["Well Laid Plans","Infinite Blades","Footwork"],"campfire_rested":1,"item_purchase_floors":[2,4,19],"current_hp_per_floor":[59,59,59,59,59,59,58,56,56,31,15,15,8,8,27,26,56,50,50,46,33,33,0],"gold":56,"neow_bonus":"THREE_ENEMY_KILL","is_prod":false,"is_daily":false,"chose_seed":false,"campfire_upgraded":1,"win_rate":0,"timestamp":1550462824,"path_taken":["M","$","M","?","?","E","M","M","T","E","M","R","M","?","R","BOSS","M","$","M","?","?","E"],"build_version":"2019-02-06","purchased_purges":1,"victory":false,"max_hp_per_floor":[66,66,66,66,66,66,66,66,66,66,66,66,66,66,66,66,66,66,66,66,33,33,33],"card_choices":[{"not_picked":["Bane","Reflex","Slice"],"picked":"SKIP","floor":1},{"not_picked":["Choke","Riddle With Holes"],"picked":"Escape Plan","floor":3},{"not_picked":["Slice","Underhanded Strike"],"picked":"Flying Knee","floor":6},{"not_picked":["Terror","Sucker Punch"],"picked":"Deadly Poison","floor":7},{"not_picked":["Endless Agony","Blade Dance"],"picked":"Crippling Poison","floor":8},{"not_picked":["Distraction","Masterful Stab"],"picked":"Catalyst","floor":10},{"not_picked":["Endless Agony","Outmaneuver"],"picked":"PiercingWail","floor":11},{"not_picked":["Prepared","Crippling Poison"],"picked":"Tactician","floor":13},{"not_picked":["Riddle With Holes","Prepared","Concentrate"],"picked":"SKIP","floor":14},{"not_picked":["Grand Finale","Tools of the Trade"],"picked":"Burst","floor":16},{"not_picked":["Blur","Quick Slash"],"picked":"Infinite Blades","floor":18},{"not_picked":["Quick Slash","Blade Dance","Deflect"],"picked":"SKIP","floor":20}],"player_experience":1113059,"relics_obtained":[{"floor":6,"key":"Orichalcum"},{"floor":9,"key":"Smiling Mask"},{"floor":10,"key":"Centennial Puzzle"}],"event_choices":[{"damage_healed":0,"gold_gain":0,"player_choice":"Got Potions","damage_taken":0,"max_hp_gain":0,"max_hp_loss":0,"event_name":"Lab","floor":5,"gold_loss":0},{"damage_healed":0,"gold_gain":0,"player_choice":"Became a Ghost","damage_taken":0,"max_hp_gain":0,"max_hp_loss":33,"event_name":"Ghosts","floor":21,"gold_loss":0,"cards_obtained":["Ghostly","Ghostly","Ghostly"]},{"damage_healed":0,"gold_gain":0,"player_choice":"Obtained Relic","damage_taken":0,"relics_obtained":["Bag of Marbles"],"max_hp_gain":0,"max_hp_loss":0,"event_name":"Addict","floor":22,"gold_loss":85}],"is_beta":true,"boss_relics":[{"not_picked":["Runic Dome","Fusion Hammer"],"picked":"Coffee Dripper"}],"items_purged_floors":[19],"is_endless":false,"potions_floor_spawned":[6,13,14,16],"killed_by":"Slavers","ascension_level":20}