{"gold_per_floor":[111,123,9,9,28,63,63,8,32,32,32,46,46,56,56,56],"floor_reached":16,"playtime":511,"items_purged":[],"score":200,"play_id":"aeffb77f-3798-417d-a3af-fd0fe02fe2c1","local_time":"20190404052013","is_ascension_mode":true,"campfire_choices":[{"data":"Bouncing Flask","floor":7,"key":"SMITH"},{"data":"Neutralize","floor":10,"key":"SMITH"},{"data":"Catalyst","floor":13,"key":"SMITH"},{"data":"Crippling Poison","floor":15,"key":"SMITH"}],"neow_cost":"CURSE","seed_source_timestamp":241585496062903,"circlet_count":0,"master_deck":["AscendersBane","Defend_G","Defend_G","Defend_G+1","Defend_G","Defend_G","Strike_G","Strike_G","Strike_G","Strike_G","Strike_G","Survivor+1","Neutralize+1","Clumsy","Poisoned Stab","Slice","Bouncing Flask+1","Deflect","Cloak And Dagger","Catalyst+1","PiercingWail","Crippling Poison+1","Dagger Spray"],"relics":["Ring of the Snake","Nunchaku","War Paint","Gambling Chip","Regal Pillow","Smiling Mask"],"potions_floor_usage":[6],"damage_taken":[{"damage":0,"enemies":"Cultist","floor":1,"turns":4},{"damage":2,"enemies":"Jaw Worm","floor":2,"turns":5},{"damage":0,"enemies":"Small Slimes","floor":5,"turns":3},{"damage":27,"enemies":"Lagavulin","floor":6,"turns":6},{"damage":3,"enemies":"Looter","floor":12,"turns":2},{"damage":1,"enemies":"Blue Slaver","floor":14,"turns":4},{"damage":33,"enemies":"Slime Boss","floor":16,"turns":3}],"seed_played":"-4227329879683705902","potions_obtained":[{"floor":5,"key":"SteroidPotion"},{"floor":12,"key":"Dexterity Potion"}],"is_trial":false,"path_per_floor":["M","M","$","T","M","E","R","$","T","R","?","M","R","M","R","B"],"character_chosen":"THE_SILENT","items_purchased":["Bouncing Flask","Deflect","PiercingWail"],"campfire_rested":0,"item_purchase_floors":[3,3,8],"current_hp_per_floor":[59,57,57,57,57,30,30,30,30,30,12,9,9,8,8,0],"gold":56,"neow_bonus":"ONE_RARE_RELIC","is_prod":false,"is_daily":false,"chose_seed":false,"campfire_upgraded":4,"win_rate":0,"timestamp":1554369613,"path_taken":["M","M","$","?","M","E","R","?","T","R","?","M","R","M","R","BOSS"],"build_version":"2019-01-23","purchased_purges":0,"victory":false,"max_hp_per_floor":[66,66,66,66,66,66,66,66,66,66,66,66,66,66,66,66],"card_choices":[{"not_picked":["Bane","Slice"],"picked":"Poisoned Stab","floor":1},{"not_picked":["Setup","Choke"],"picked":"Slice","floor":2},{"not_picked":["Distraction","Sucker Punch"],"picked":"Cloak And Dagger","floor":5},{"not_picked":["Poisoned Stab","Leg Sweep"],"picked":"Catalyst","floor":6},{"not_picked":["Cloak And Dagger","Acrobatics"],"picked":"Crippling Poison","floor":12},{"not_picked":["Deadly Poison","Infinite Blades"],"picked":"Dagger Spray","floor":14}],"player_experience":1590361,"relics_obtained":[{"floor":4,"key":"War Paint"},{"floor":6,"key":"Gambling Chip"},{"floor":9,"key":"Regal Pillow"}],"event_choices":[{"damage_healed":0,"gold_gain":0,"player_choice":"Success","damage_taken":18,"relics_obtained":["Smiling Mask"],"max_hp_gain":0,"max_hp_loss":0,"event_name":"Scrap Ooze","floor":11,"gold_loss":0}],"is_beta":false,"boss_relics":[],"items_purged_floors":[],"is_endless":false,"potions_floor_spawned":[5,12],"killed_by":"Slime Boss","ascension_level":20}