{"path_per_floor":["M","M","$","?","?","E","R","E","T","R","$","?","M","$","R","B",null,"M","M","?","?","M","R","?","R","T","?","M","T","R","E","R"],"character_chosen":"IRONCLAD","items_purchased":["Armaments","Ginger","Armaments"],"gold_per_floor":[210,230,206,206,206,237,237,266,347,347,30,94,106,106,106,177,177,189,206,206,206,219,219,219,219,219,144,162,185,185,220,220,220],"floor_reached":33,"campfire_rested":2,"playtime":1521,"current_hp_per_floor":[73,64,64,46,46,21,43,28,28,28,28,45,54,54,54,25,73,67,43,43,43,14,14,14,27,27,27,33,33,33,41,41,0],"items_purged":[],"gold":220,"score":540,"play_id":"b33c1295-bb48-4e53-ac8f-27424ff4d62f","local_time":"20180414171743","is_prod":false,"is_daily":false,"chose_seed":false,"is_ascension_mode":true,"campfire_upgraded":5,"timestamp":1523740663,"path_taken":["M","?","$","?","?","E","R","E","T","R","?","?","M","$","R","BOSS","M","M","?","?","?","R","?","R","T","?","M","?","R","E","R","BOSS"],"build_version":"2018-04-12","seed_source_timestamp":156308108510158,"purchased_purges":2,"victory":false,"master_deck":["Bash","AscendersBane","Uppercut","Flame Barrier","Armaments+1","Rampage","Feed","Inflame+1","Armaments+1","Headbutt","Double Tap","Pommel Strike","Anger","Twin Strike","Cleave","Shrug It Off+1","Inflame+1","Reckless Charge","Entrench","Shockwave","Ghostly","Ghostly","Ghostly","Ghostly","Ghostly","Body Slam+1","Offering+1"],"max_hp_per_floor":[75,75,75,75,75,75,75,75,75,75,75,86,89,89,89,89,89,89,89,89,89,89,89,44,44,44,44,47,47,47,47,47,47],"relics":["Burning Blood","Prayer Wheel","Anchor","Toolbox","Mummified Hand","Ginger","Strawberry","Pandora\u0027s Box","Art of War","Gambling Chip","Blood Vial","Omamori"],"card_choices":[{"not_picked":["Havoc","Shrug It Off"],"picked":"Uppercut","floor":1},{"not_picked":["Second Wind","Thunderclap"],"picked":"Flame Barrier","floor":2},{"not_picked":["Searing Blow","Power Through"],"picked":"Rampage","floor":6},{"not_picked":["Pommel Strike","Shrug It Off"],"picked":"Feed","floor":8},{"not_picked":["Warcry","Clothesline"],"picked":"Inflame","floor":9},{"not_picked":["Armaments","Entrench"],"picked":"Headbutt","floor":13},{"not_picked":["Impervious","Immolate"],"picked":"Double Tap","floor":16},{"not_picked":["True Grit","Rupture"],"picked":"Shockwave","floor":19},{"not_picked":["Shrug It Off","Infernal Blade"],"picked":"Body Slam","floor":26},{"not_picked":["Clash","Inflame"],"picked":"Offering","floor":31}],"player_experience":871120,"potions_floor_usage":[6,8,12,16,18,33],"damage_taken":[{"damage":1,"enemies":"Cultist","floor":1,"turns":4},{"damage":15,"enemies":"2 Louse","floor":2,"turns":2},{"damage":31,"enemies":"3 Sentries","floor":6,"turns":12},{"damage":33,"enemies":"Lagavulin","floor":8,"turns":9},{"damage":0,"enemies":"3 Sentries","floor":12,"turns":6},{"damage":0,"enemies":"Jaw Worm","floor":13,"turns":2},{"damage":35,"enemies":"The Guardian","floor":16,"turns":13},{"damage":12,"enemies":"Chosen","floor":18,"turns":3},{"damage":30,"enemies":"Spheric Guardian","floor":19,"turns":5},{"damage":35,"enemies":"Slaver and Parasite","floor":22,"turns":6},{"damage":3,"enemies":"3 Cultists","floor":28,"turns":7},{"damage":0,"enemies":"Gremlin Leader","floor":31,"turns":6},{"damage":61,"enemies":"Champ","floor":33,"turns":9}],"event_choices":[{"event_name":"Scrap Ooze","player_choice":"success","floor":4,"damage_taken":18},{"event_name":"Living Wall","player_choice":"Grow","floor":5,"damage_taken":0},{"event_name":"Dead Adventurer","player_choice":"Searched \u00272\u0027 times","floor":12,"damage_taken":0},{"event_name":"Back to Basics","player_choice":"Elegance","floor":20,"damage_taken":0},{"event_name":"The Mausoleum","player_choice":"Yes","floor":21,"damage_taken":0},{"event_name":"Ghosts","player_choice":"Became a Ghost","floor":24,"damage_taken":0},{"event_name":"Beggar","player_choice":"Gave Gold","floor":27,"damage_taken":0}],"boss_relics":[{"not_picked":["Lizard Tail","Eternal Feather"],"picked":"Pandora\u0027s Box"}],"potions_floor_spawned":[2,6,8,12,16,22],"seed_played":"-8509858726593649741","killed_by":"Champ","ascension_level":15,"is_trial":false}