{"gold_per_floor":[109,124,134,134,147,147,172,172,172,201,216,216,250,56,56,127,177,189,189,189,4,15,15,49,63,90,90,1,28,28,53,53,124,124,139,153,165,165,179,212,212,238,238,238,257,257,19,52,52,52],"floor_reached":51,"playtime":3821,"items_purged":["Strike_R","Bite"],"score":1757,"play_id":"d51e4362-4426-4540-849f-20044e7b119b","local_time":"20180804200749","is_ascension_mode":true,"campfire_choices":[{"data":"Anger","floor":6.0,"key":"SMITH"},{"data":"Thunderclap","floor":8.0,"key":"SMITH"},{"floor":15.0,"key":"REST"},{"data":"Corruption","floor":23.0,"key":"SMITH"},{"data":"Pummel","floor":30.0,"key":"SMITH"},{"data":"Bash","floor":32.0,"key":"SMITH"},{"data":"Pommel Strike","floor":41,"key":"SMITH"},{"data":"Sword Boomerang","floor":44,"key":"SMITH"},{"data":"Inflame","floor":49,"key":"SMITH"}],"neow_cost":"TEN_PERCENT_HP_LOSS","seed_source_timestamp":0,"circlet_count":0,"master_deck":["Defend_R","Defend_R+1","Defend_R","Defend_R","Bash+1","AscendersBane","Sword Boomerang+1","Armaments+1","Anger+1","Thunderclap+1","Pommel Strike+1","True Grit+1","Shrug It Off+1","Limit Break+1","Warcry+1","Warcry+1","Bite","Bite","Bite","Bite","Corruption+1","Ghostly Armor+1","Rage+1","True Grit+1","Pummel+1","Ghostly+1","Ghostly+1","Ghostly+1","Ghostly+1","Ghostly+1","Finesse+1","Sentinel+1","Double Tap+1","Sentinel+1","Pommel Strike+1","Entrench+1","Burning Pact+1","Flex+1","Havoc+1","Inflame+1","Panacea+1","Rampage","Havoc+1","Havoc+1"],"special_seed":0,"relics":["Burning Blood","Dead Branch","Smiling Mask","Matryoshka","Toxic Egg 2","Lantern","Omamori","Tiny House","Oddly Smooth Stone","Bag of Preparation","Dream Catcher","Happy Flower","Paper Frog","Vajra","Sozu","Blue Candle","Dodecahedron","Nunchaku","Anchor","Shuriken","Strawberry"],"potions_floor_usage":[],"damage_taken":[{"damage":0.0,"enemies":"Cultist","floor":1.0,"turns":2.0},{"damage":4.0,"enemies":"2 Louse","floor":2.0,"turns":3.0},{"damage":8.0,"enemies":"Small Slimes","floor":3.0,"turns":3.0},{"damage":10.0,"enemies":"Exordium Wildlife","floor":5.0,"turns":5.0},{"damage":22.0,"enemies":"Lagavulin","floor":7.0,"turns":7.0},{"damage":28.0,"enemies":"Gremlin Nob","floor":10.0,"turns":4.0},{"damage":6.0,"enemies":"Blue Slaver","floor":11.0,"turns":5.0},{"damage":26.0,"enemies":"Lagavulin","floor":13.0,"turns":7.0},{"damage":33.0,"enemies":"The Guardian","floor":16.0,"turns":9.0},{"damage":0.0,"enemies":"3 Byrds","floor":18.0,"turns":6.0},{"damage":3.0,"enemies":"Shell Parasite","floor":22.0,"turns":3.0},{"damage":35.0,"enemies":"Gremlin Leader","floor":24.0,"turns":9.0},{"damage":4.0,"enemies":"Snecko","floor":25.0,"turns":4.0},{"damage":0.0,"enemies":"Slavers","floor":29.0,"turns":3.0},{"damage":0.0,"enemies":"Gremlin Leader","floor":31.0,"turns":5.0},{"damage":0.0,"enemies":"Champ","floor":33.0,"turns":7.0},{"damage":0.0,"enemies":"3 Shapes","floor":35.0,"turns":4.0},{"damage":1,"enemies":"Flame Bruiser 1 Orb","floor":36,"turns":4},{"damage":3,"enemies":"Sphere and 2 Shapes","floor":37,"turns":5},{"damage":1,"enemies":"3 Darklings","floor":39,"turns":1},{"damage":3,"enemies":"2 Orb Walkers","floor":40,"turns":6},{"damage":0,"enemies":"Nemesis","floor":42,"turns":3},{"damage":1,"enemies":"Flame Bruiser 2 Orb","floor":45,"turns":4},{"damage":0,"enemies":"2 Orb Walkers","floor":48,"turns":3},{"damage":22,"enemies":"Awakened One","floor":50,"turns":8}],"seed_played":"-3831629808391353694","potions_obtained":[{"floor":10.0,"key":"Ancient Potion"},{"floor":11.0,"key":"Explosive Potion"},{"floor":13.0,"key":"Strength Potion"},{"floor":17.0,"key":"Swift Potion"},{"floor":18.0,"key":"Weak Potion"},{"floor":25.0,"key":"Ancient Potion"},{"floor":29.0,"key":"Fire Potion"},{"floor":31.0,"key":"SmokeBomb"}],"is_trial":false,"path_per_floor":["M","M","M","?","M","R","E","R","T","E","M","?","E","$","R","B",null,"M","?","?","$","M","R","E","M","T","?","$","E","R","E","R","B",null,"M","M","M","T","M","E","R","E","T","R","M","?","$","E","R","B"],"character_chosen":"IRONCLAD","items_purchased":["Omamori","Oddly Smooth Stone","Ghostly Armor+1","Finesse+1","Panacea+1","Rampage","Havoc+1"],"campfire_rested":1,"item_purchase_floors":[14,21,21,28,47,47,47],"current_hp_per_floor":[68,68,66,66,62,62,46,46,46,24,24,29,9,9,30,9,62,68,54,54,54,54,54,31,40,40,27,27,27,27,27,27,27,27,27,27,27,27,27,27,27,27,27,27,27,27,27,34,34,20],"gold":52,"neow_bonus":"ONE_RARE_RELIC","is_prod":false,"is_daily":false,"chose_seed":false,"campfire_upgraded":8,"win_rate":0,"timestamp":1533427669,"path_taken":["M","M","M","?","M","R","E","R","T","E","?","?","E","$","R","BOSS","M","?","?","$","?","R","E","M","T","?","$","E","R","E","R","BOSS","M","M","?","?","M","E","R","E","T","R","M","?","$","E","R","BOSS"],"build_version":"2018-08-02","purchased_purges":2,"victory":true,"max_hp_per_floor":[68,68,68,68,68,68,68,68,68,68,68,73,73,73,73,73,78,78,54,54,54,54,54,54,54,54,27,27,27,27,27,27,27,27,27,27,27,27,27,27,27,27,27,27,27,27,27,34,34,34],"card_choices":[{"not_picked":["Wild Strike","Iron Wave"],"picked":"Sword Boomerang","floor":1.0},{"not_picked":["Shockwave","Sword Boomerang"],"picked":"Armaments","floor":2.0},{"not_picked":["Pummel","Perfected Strike"],"picked":"Anger","floor":3.0},{"not_picked":["Clothesline","Flex"],"picked":"Thunderclap","floor":5.0},{"not_picked":["True Grit","Second Wind","Iron Wave"],"picked":"SKIP","floor":7.0},{"not_picked":["Sever Soul","Carnage"],"picked":"Pommel Strike","floor":10.0},{"not_picked":["Body Slam","Clothesline"],"picked":"True Grit+1","floor":11.0},{"not_picked":["Entrench+1","Twin Strike"],"picked":"Shrug It Off+1","floor":13.0},{"not_picked":["Berserk","Fiend Fire"],"picked":"Limit Break+1","floor":16.0},{"not_picked":["Sever Soul","Clothesline"],"picked":"Warcry+1","floor":17.0},{"not_picked":["Sword Boomerang","Carnage"],"picked":"Warcry+1","floor":18.0},{"not_picked":["Reckless Charge","Thunderclap"],"picked":"Rage+1","floor":22.0},{"not_picked":["Clash","Pommel Strike"],"picked":"True Grit+1","floor":24.0},{"not_picked":["Sword Boomerang","Headbutt"],"picked":"Pummel","floor":25.0},{"not_picked":["Evolve","Battle Trance+1"],"picked":"Sentinel+1","floor":29.0},{"not_picked":["Blood for Blood","Anger","Wild Strike"],"picked":"SKIP","floor":31.0},{"not_picked":["Exhume+1","Offering+1"],"picked":"Double Tap+1","floor":33.0},{"not_picked":["Heavy Blade","Clothesline"],"picked":"Sentinel+1","floor":35},{"not_picked":["True Grit+1","Sword Boomerang"],"picked":"Pommel Strike+1","floor":36},{"not_picked":["Body Slam","Shrug It Off+1"],"picked":"Entrench+1","floor":37},{"not_picked":["Cleave","Iron Wave"],"picked":"Burning Pact+1","floor":39},{"not_picked":["Burning Pact+1","Battle Trance+1"],"picked":"Flex+1","floor":40},{"not_picked":["Exhume+1","Perfected Strike+1"],"picked":"Havoc+1","floor":42},{"not_picked":["Anger+1","Headbutt"],"picked":"Inflame","floor":45},{"not_picked":["Entrench+1","Armaments+1"],"picked":"Havoc+1","floor":48}],"player_experience":954482,"relics_obtained":[{"floor":7.0,"key":"Smiling Mask"},{"floor":9.0,"key":"Matryoshka"},{"floor":10.0,"key":"Toxic Egg 2"},{"floor":13.0,"key":"Lantern"},{"floor":24.0,"key":"Bag of Preparation"},{"floor":26.0,"key":"Dream Catcher"},{"floor":26.0,"key":"Happy Flower"},{"floor":29.0,"key":"Paper Frog"},{"floor":31.0,"key":"Vajra"},{"floor":38,"key":"Blue Candle"},{"floor":38,"key":"Dodecahedron"},{"floor":40,"key":"Nunchaku"},{"floor":42,"key":"Anchor"},{"floor":43,"key":"Shuriken"},{"floor":48,"key":"Strawberry"}],"event_choices":[{"event_name":"Living Wall","player_choice":"Grow","floor":4.0,"damage_taken":0.0},{"event_name":"Big Fish","player_choice":"Donut","floor":12.0,"damage_taken":0.0},{"event_name":"Vampires","player_choice":"Became a vampire","floor":19.0,"damage_taken":0.0},{"event_name":"The Library","player_choice":"Read","floor":20.0,"damage_taken":0.0},{"event_name":"Ghosts","player_choice":"Became a Ghost","floor":27.0,"damage_taken":0.0},{"event_name":"Tomb of Lord Red Mask","player_choice":"Ignored","floor":46,"damage_taken":0}],"is_beta":false,"boss_relics":[{"not_picked":["Mark of Pain","Black Star"],"picked":"Tiny House"},{"not_picked":["Runic Cube","White Beast Statue"],"picked":"Sozu"}],"items_purged_floors":[14,47],"is_endless":false,"potions_floor_spawned":[10,11,13,18,25,29,31,35,37,48],"ascension_level":15}