{"path_per_floor":["M","?","?","M","M","R","E","M","T","E","R","M","M","M","R","B",null,"M","?","M","M","M","R"],"character_chosen":"THE_SILENT","items_purchased":[],"gold_per_floor":[99,65,15,15,15,15,15,15,15,15,15,15,15,0,0,0,0,0,0,0,0,0,0],"floor_reached":24,"campfire_rested":1,"playtime":2194,"current_hp_per_floor":[69,69,69,69,69,69,57,57,57,47,47,61,54,54,54,50,65,65,49,24,28,23,37],"items_purged":[],"gold":0,"score":291,"play_id":"076874af-23d4-4f18-a543-6a4c1e3dcc12","is_prod":false,"is_daily":false,"is_ascension_mode":true,"campfire_upgraded":3,"path_taken":["M","?","?","M","M","R","E","M","T","E","R","?","M","M","R","BOSS","M","?","?","M","M","R","E"],"build_version":"2018-02-15-PROD1","purchased_purges":0,"victory":false,"master_deck":["Defend_G","Defend_G","Defend_G","Defend_G","Defend_G","Survivor","Neutralize","Dagger Spray","Bouncing Flask+1","Blur+1","Tools of the Trade+1","Underhanded Strike","Backstab","Dagger Throw","Reflex","Tactician","Terror","Bite","Bite","Bite","Bite","Bite","Predator","Terror+1"],"max_hp_per_floor":[70,70,70,70,70,70,70,70,70,70,70,70,70,70,70,70,70,70,49,49,49,49,49],"relics":["Ectoplasm","Bottled Lightning","Meat on the Bone","Art of War","Lizard Tail"],"card_choices":[{"not_picked":["Backflip","Sucker Punch"],"picked":"Dagger Spray"},{"not_picked":["Outmaneuver","Deadly Poison"],"picked":"Bouncing Flask"},{"not_picked":["Deflect","Poisoned Stab"],"picked":"Blur"},{"not_picked":["Deadly Poison","Dodge and Roll"],"picked":"Tools of the Trade"},{"not_picked":["Blade Dance","Deflect"],"picked":"Underhanded Strike"},{"not_picked":["Backflip","Deflect"],"picked":"Backstab"},{"not_picked":["Underhanded Strike","Acrobatics"],"picked":"Dagger Throw"},{"not_picked":["Caltrops","Bane"],"picked":"Reflex"},{"not_picked":["Tools of the Trade","After Image"],"picked":"Tactician"},{"not_picked":["Cloak And Dagger","PiercingWail"],"picked":"Terror"},{"not_picked":["Outmaneuver","Cloak And Dagger"],"picked":"Predator"},{"not_picked":["Cloak And Dagger","Acrobatics"],"picked":"Terror"}],"player_experience":334212,"potions_floor_usage":[12,16,16,16,18,22,22,24],"damage_taken":[{"damage":1,"enemies":"2 Louse","floor":1,"turns":3},{"damage":0,"enemies":"Jaw Worm","floor":4,"turns":5},{"damage":0,"enemies":"Small Slimes","floor":5,"turns":3},{"damage":12,"enemies":"3 Sentries","floor":7,"turns":10},{"damage":0,"enemies":"3 Louse","floor":8,"turns":4},{"damage":10,"enemies":"Lagavulin","floor":10,"turns":6},{"damage":1,"enemies":"Large Slime","floor":12,"turns":7},{"damage":7,"enemies":"Lots of Slimes","floor":13,"turns":4},{"damage":0,"enemies":"Looter","floor":14,"turns":3},{"damage":4,"enemies":"Slime Boss","floor":16,"turns":8},{"damage":0,"enemies":"Spheric Guardian","floor":18,"turns":3},{"damage":39,"enemies":"Chosen","floor":20,"turns":5},{"damage":49,"enemies":"Sentry and Sphere","floor":21,"turns":8},{"damage":33,"enemies":"Centurion and Healer","floor":22,"turns":8},{"damage":47,"enemies":"Book of Stabbing","floor":24,"turns":5}],"event_choices":[{"event_name":"World of Goop","player_choice":"Left","floor":2,"damage_taken":0},{"event_name":"The Cleric","player_choice":"Card Removal","floor":3,"damage_taken":0},{"event_name":"Vampires","player_choice":"Became a vampire","floor":19,"damage_taken":0}],"boss_relics":[{"not_picked":["Black Star","Cursed Key"],"picked":"Lizard Tail"}],"potions_floor_spawned":[4,7,12,14,16,20,21,22],"seed_played":"-6408545185729080595","killed_by":"Book of Stabbing","ascension_level":5,"is_trial":false}