{"gold_per_floor":[113,126,51,63,63,63,91,91,91,91,48,78,78,96,96,173,173,190,190,207,41,41,41,75,75,75,75],"floor_reached":27,"playtime":855,"items_purged":[],"score":454,"play_id":"ebdad80f-0c85-45c2-b36b-1fdcfad75ef6","local_time":"20190405165430","is_ascension_mode":true,"campfire_choices":[{"data":"Zap","floor":6,"key":"SMITH"},{"data":"Barrage","floor":10,"key":"SMITH"},{"data":"Doom and Gloom","floor":13,"key":"SMITH"},{"floor":15,"key":"REST"},{"floor":23,"key":"REST"},{"floor":25,"key":"REST"}],"neow_cost":"NONE","seed_source_timestamp":369317060996414,"circlet_count":0,"master_deck":["AscendersBane","Strike_B","Strike_B","Strike_B","Defend_B","Defend_B","Defend_B+1","Defend_B+1","Zap+1","Dualcast","Compile Driver","Barrage+1","Melter","Go for the Eyes+1","Doom and Gloom+1","Ball Lightning","Core Surge","Undo"],"relics":["Cracked Core","Sundial","Oddly Smooth Stone","Busted Crown","Juzu Bracelet","Bronze Scales","Art of War","War Paint","Pocketwatch"],"potions_floor_usage":[7,16,27],"damage_taken":[{"damage":0,"enemies":"2 Louse","floor":1,"turns":3},{"damage":4,"enemies":"Jaw Worm","floor":2,"turns":4},{"damage":10,"enemies":"Small Slimes","floor":4,"turns":3},{"damage":55,"enemies":"3 Sentries","floor":7,"turns":9},{"damage":0,"enemies":"3 Louse","floor":14,"turns":2},{"damage":22,"enemies":"Hexaghost","floor":16,"turns":7},{"damage":15,"enemies":"3 Byrds","floor":18,"turns":4},{"damage":24,"enemies":"2 Thieves","floor":20,"turns":3},{"damage":48,"enemies":"Book of Stabbing","floor":24,"turns":5},{"damage":28,"enemies":"Slavers","floor":27,"turns":2}],"seed_played":"-817817472556810725","potions_obtained":[{"floor":2,"key":"Poison Potion"},{"floor":4,"key":"Swift Potion"},{"floor":18,"key":"Fire Potion"},{"floor":24,"key":"AttackPotion"}],"is_trial":false,"path_per_floor":["M","M","?","M","?","R","E","?","T","R","$","?","R","M","R","B",null,"M","?","M","$","?","R","E","R","T","E"],"character_chosen":"DEFECT","items_purchased":["Doom and Gloom","Bronze Scales"],"campfire_rested":3,"item_purchase_floors":[11,21],"current_hp_per_floor":[71,67,67,57,62,62,7,7,7,7,7,7,7,7,31,9,65,50,50,26,26,26,50,2,26,26,0],"gold":75,"neow_bonus":"TEN_PERCENT_HP_BONUS","is_prod":false,"is_daily":false,"chose_seed":false,"campfire_upgraded":3,"win_rate":0,"timestamp":1554497670,"path_taken":["M","M","?","M","?","R","E","?","T","R","$","?","R","M","R","BOSS","M","?","M","$","?","R","E","R","T","E"],"build_version":"2019-01-23","purchased_purges":0,"victory":false,"max_hp_per_floor":[78,78,78,78,83,83,83,83,83,83,83,83,83,83,83,83,83,83,83,83,83,83,83,83,83,83,83],"card_choices":[{"not_picked":["Double Energy","Storm"],"picked":"Compile Driver","floor":1},{"not_picked":["Sweeping Beam","Coolheaded"],"picked":"Barrage","floor":2},{"not_picked":["Blizzard","Beam Cell"],"picked":"Melter","floor":4},{"not_picked":["Rip and Tear","Redo"],"picked":"Go for the Eyes","floor":7},{"not_picked":["Coolheaded","Conserve Battery"],"picked":"Ball Lightning","floor":14},{"not_picked":["Multi-Cast","Hyperbeam"],"picked":"Core Surge","floor":16},{"not_picked":["Leap"],"picked":"SKIP","floor":18},{"not_picked":[],"picked":"Undo","floor":20},{"not_picked":["Ball Lightning"],"picked":"SKIP","floor":24}],"player_experience":1628141,"relics_obtained":[{"floor":7,"key":"Sundial"},{"floor":9,"key":"Oddly Smooth Stone"},{"floor":22,"key":"Art of War"},{"floor":24,"key":"War Paint"},{"floor":26,"key":"Pocketwatch"}],"event_choices":[{"cards_removed":["Strike_B"],"damage_healed":0,"gold_gain":0,"player_choice":"Card Removal","damage_taken":0,"max_hp_gain":0,"max_hp_loss":0,"event_name":"The Cleric","floor":3,"gold_loss":75},{"damage_healed":0,"gold_gain":0,"player_choice":"Donut","damage_taken":0,"max_hp_gain":5,"max_hp_loss":0,"event_name":"Big Fish","floor":5,"gold_loss":0},{"damage_healed":0,"gold_gain":0,"player_choice":"Grow","damage_taken":0,"max_hp_gain":0,"max_hp_loss":0,"event_name":"Living Wall","floor":8,"gold_loss":0,"cards_upgraded":["Go for the Eyes"]},{"damage_healed":0,"gold_gain":30,"player_choice":"Searched \u00271\u0027 times","damage_taken":0,"max_hp_gain":0,"max_hp_loss":0,"event_name":"Dead Adventurer","floor":12,"gold_loss":0},{"damage_healed":0,"gold_gain":0,"player_choice":"Gave Potion","damage_taken":0,"relics_obtained":["Juzu Bracelet"],"max_hp_gain":0,"max_hp_loss":0,"event_name":"WeMeetAgain","floor":19,"gold_loss":0},{"damage_healed":0,"gold_gain":0,"player_choice":"Relic","damage_taken":0,"max_hp_gain":0,"max_hp_loss":0,"event_name":"Wheel of Change","floor":22,"gold_loss":0}],"is_beta":false,"boss_relics":[{"not_picked":["FrozenCore","Coffee Dripper"],"picked":"Busted Crown"}],"items_purged_floors":[],"is_endless":false,"potions_floor_spawned":[2,4,18,24],"killed_by":"Slavers","ascension_level":20}