{"gold_per_floor":[113,188,188,36,50,75,75,103,133,168,14,14,30,30,30,128,128,141,157,171,95,95,95,95,95,121,149,166,177,177,177,177,274,274,288,51,51,61,84,84],"floor_reached":40,"playtime":2938,"items_purged":[],"score":467,"play_id":"8cce6dda-8374-40f4-aa41-4bd7cc934cc9","local_time":"20181122002333","is_ascension_mode":true,"campfire_choices":[{"data":"Bouncing Flask","floor":7.0,"key":"SMITH"},{"floor":15.0,"key":"REST"},{"data":"Noxious Fumes","floor":23.0,"key":"SMITH"},{"data":"RitualDagger","floor":25.0,"key":"SMITH"},{"data":"Deadly Poison","floor":30.0,"key":"SMITH"},{"floor":32.0,"key":"REST"}],"neow_cost":"NONE","seed_source_timestamp":0,"circlet_count":0,"master_deck":["Defend_G","Defend_G","Defend_G","Defend_G","Defend_G","Strike_G","Strike_G","Strike_G","Strike_G","Strike_G","Survivor+1","Neutralize","Backflip","Bouncing Flask+1","Tactician","Riddle With Holes","Prepared","Underhanded Strike+1","Blur","Dodge and Roll+1","Noxious Fumes+1","RitualDagger+1","Poisoned Stab","Tools of the Trade","Deadly Poison+1","Adrenaline","Bandage Up","Deadly Poison+1"],"special_seed":0,"relics":["Ring of the Snake","NeowsBlessing","Happy Flower","Paper Crane","Juzu Bracelet","Tiny Chest","Oddly Smooth Stone","Lantern","Sozu","Bronze Scales","Regal Pillow","Black Star","Blood Vial","Orichalcum"],"potions_floor_usage":[],"damage_taken":[{"damage":0.0,"enemies":"Cultist","floor":1.0,"turns":1.0},{"damage":0.0,"enemies":"2 Louse","floor":5.0,"turns":1.0},{"damage":0.0,"enemies":"Lagavulin","floor":6.0,"turns":1.0},{"damage":8.0,"enemies":"Gremlin Nob","floor":8.0,"turns":4.0},{"damage":39.0,"enemies":"3 Sentries","floor":10.0,"turns":10.0},{"damage":0.0,"enemies":"Jaw Worm","floor":13.0,"turns":4.0},{"damage":55.0,"enemies":"Slime Boss","floor":16.0,"turns":17.0},{"damage":0.0,"enemies":"Chosen","floor":18.0,"turns":4.0},{"damage":11.0,"enemies":"3 Byrds","floor":19.0,"turns":6.0},{"damage":0.0,"enemies":"Snake Plant","floor":20.0,"turns":4.0},{"damage":12.0,"enemies":"Book of Stabbing","floor":27.0,"turns":5.0},{"damage":7.0,"enemies":"Snecko","floor":28.0,"turns":5.0},{"damage":5.0,"enemies":"Centurion and Healer","floor":29.0,"turns":6.0},{"damage":2.0,"enemies":"Colosseum Slavers","floor":31.0,"turns":5.0},{"damage":51.0,"enemies":"Automaton","floor":33.0,"turns":10.0},{"damage":4.0,"enemies":"3 Shapes","floor":35.0,"turns":5.0},{"damage":31,"enemies":"3 Darklings","floor":38,"turns":5},{"damage":50,"enemies":"Nemesis","floor":40,"turns":6}],"seed_played":"178178440799886566","potions_obtained":[{"floor":1.0,"key":"Dexterity Potion"},{"floor":8.0,"key":"AttackPotion"},{"floor":13.0,"key":"Weak Potion"}],"is_trial":false,"path_per_floor":["M","?","?","$","M","E","R","E","T","E","$","?","M","?","R","B",null,"M","M","M","$","?","R","?","R","T","E","M","M","R","?","R","B",null,"M","$","?","M","T","E"],"character_chosen":"THE_SILENT","items_purchased":["Happy Flower","Lantern","Noxious Fumes","Blood Vial","Bandage Up"],"campfire_rested":2,"item_purchase_floors":[4,11,21,36,36],"current_hp_per_floor":[70,59,59,59,59,59,59,51,51,12,12,12,12,35,56,1,70,70,59,59,59,59,59,53,53,53,41,34,29,29,27,63,12,70,66,66,66,41,41,0],"gold":84,"neow_bonus":"THREE_ENEMY_KILL","is_prod":false,"is_daily":false,"chose_seed":false,"campfire_upgraded":4,"win_rate":0,"timestamp":1542864213,"path_taken":["M","?","?","$","M","E","R","E","T","E","$","?","M","?","R","BOSS","M","M","M","$","?","R","?","R","T","E","M","M","R","?","R","BOSS","M","$","?","M","?","E"],"build_version":"2018-11-15","purchased_purges":0,"victory":false,"max_hp_per_floor":[70,70,70,70,70,70,70,70,70,70,70,70,70,70,70,70,70,70,70,70,70,70,70,70,70,70,70,70,70,70,70,70,70,70,70,70,70,70,70,70],"card_choices":[{"not_picked":["Well Laid Plans","PiercingWail"],"picked":"Backflip","floor":1.0},{"not_picked":["Dodge and Roll","Flying Knee"],"picked":"Bouncing Flask","floor":5.0},{"not_picked":["Sucker Punch","Leg Sweep","PiercingWail"],"picked":"SKIP","floor":6.0},{"not_picked":["Flying Knee","Backflip"],"picked":"Tactician","floor":8.0},{"not_picked":["Well Laid Plans","Leg Sweep"],"picked":"Riddle With Holes","floor":10.0},{"not_picked":["Night Terror","Well Laid Plans"],"picked":"Prepared","floor":13.0},{"not_picked":["Eviscerate","Outmaneuver"],"picked":"Underhanded Strike+1","floor":18.0},{"not_picked":["Accuracy","Riddle With Holes+1"],"picked":"Blur","floor":19.0},{"not_picked":["Concentrate","Blade Dance"],"picked":"Dodge and Roll+1","floor":20.0},{"not_picked":["Blade Dance","Deflect+1"],"picked":"Poisoned Stab","floor":27.0},{"not_picked":["Endless Agony","Slice+1"],"picked":"Tools of the Trade","floor":28.0},{"not_picked":["Sucker Punch","Dagger Throw"],"picked":"Deadly Poison","floor":29.0},{"not_picked":["Malaise","After Image"],"picked":"Adrenaline","floor":33.0},{"not_picked":["Escape Plan","Sucker Punch","Backflip+1"],"picked":"SKIP","floor":35.0},{"not_picked":["Distraction","Backflip"],"picked":"Deadly Poison+1","floor":38}],"player_experience":336717,"relics_obtained":[{"floor":6.0,"key":"Paper Crane"},{"floor":8.0,"key":"Juzu Bracelet"},{"floor":9.0,"key":"Tiny Chest"},{"floor":10.0,"key":"Oddly Smooth Stone"},{"floor":26.0,"key":"Bronze Scales"},{"floor":27.0,"key":"Regal Pillow"},{"floor":39,"key":"Orichalcum"}],"event_choices":[{"damage_healed":0.0,"max_hp_gain":0.0,"max_hp_loss":0.0,"gold_gain":75.0,"event_name":"World of Goop","player_choice":"Gather Gold","floor":2.0,"gold_loss":0.0,"damage_taken":11.0},{"damage_healed":0.0,"max_hp_gain":0.0,"max_hp_loss":0.0,"gold_gain":0.0,"event_name":"Living Wall","player_choice":"Grow","floor":3.0,"gold_loss":0.0,"damage_taken":0.0,"cards_upgraded":["Survivor"]},{"damage_healed":0.0,"max_hp_gain":0.0,"max_hp_loss":0.0,"gold_gain":0.0,"event_name":"Shining Light","player_choice":"Ignored","floor":12.0,"gold_loss":0.0,"damage_taken":0.0},{"damage_healed":23.0,"max_hp_gain":0.0,"max_hp_loss":0.0,"gold_gain":0.0,"event_name":"Big Fish","player_choice":"Banana","floor":14.0,"gold_loss":0.0,"damage_taken":0.0},{"damage_healed":0.0,"max_hp_gain":0.0,"max_hp_loss":0.0,"gold_gain":0.0,"event_name":"Vampires","player_choice":"Ignored","floor":22.0,"gold_loss":0.0,"damage_taken":0.0},{"damage_healed":0.0,"max_hp_gain":0.0,"max_hp_loss":0.0,"gold_gain":0.0,"event_name":"Nest","player_choice":"Joined the Cult","floor":24.0,"gold_loss":0.0,"damage_taken":6.0,"cards_obtained":["RitualDagger"]},{"damage_healed":0.0,"max_hp_gain":0.0,"max_hp_loss":0.0,"gold_gain":0.0,"event_name":"Colosseum","player_choice":"Fight","floor":31.0,"gold_loss":0.0,"damage_taken":0.0},{"damage_healed":0.0,"max_hp_gain":0.0,"max_hp_loss":0.0,"gold_gain":0.0,"event_name":"Colosseum","player_choice":"Fled From Nobs","floor":31.0,"gold_loss":0.0,"damage_taken":0.0},{"damage_healed":0,"gold_gain":0,"player_choice":"Ignored","damage_taken":0,"max_hp_gain":0,"max_hp_loss":0,"event_name":"Mysterious Sphere","floor":37,"gold_loss":0}],"is_beta":false,"boss_relics":[{"not_picked":["Philosopher\u0027s Stone","WristBlade"],"picked":"Sozu"},{"not_picked":["White Beast Statue","Lizard Tail"],"picked":"Black Star"}],"items_purged_floors":[],"is_endless":false,"potions_floor_spawned":[1,8,13,18,29,35],"killed_by":"Nemesis","ascension_level":1}