{"path_per_floor":["M","M","$","?","?","R","E","R","T","M","R","M","R","M","R","B",null,"M","?","?","M","?","E","$","?","T","T","M"],"character_chosen":"IRONCLAD","items_purchased":["Armaments","Flash of Steel","Whetstone","Inflame"],"gold_per_floor":[110,121,1,0,30,30,57,57,107,122,122,137,137,157,157,232,232,248,248,248,263,188,221,5,5,56,124,135,135],"floor_reached":29,"campfire_rested":0,"playtime":1126,"current_hp_per_floor":[68,68,68,68,68,68,65,65,65,65,65,61,61,59,59,56,70,70,70,70,61,61,44,44,44,51,51,25,0],"items_purged":[],"gold":135,"score":495,"play_id":"d57cc20a-d7fa-4dd4-a316-544c4a737ce2","local_time":"20180403235027","is_prod":false,"is_daily":false,"is_ascension_mode":true,"campfire_upgraded":5,"timestamp":1522813827,"path_taken":["M","M","$","?","?","R","E","R","T","M","R","M","R","?","R","BOSS","M","?","?","M","?","E","?","?","T","?","M","M"],"build_version":"2018-03-29v2","purchased_purges":1,"victory":false,"master_deck":["Bash","AscendersBane","Pommel Strike","Anger","Iron Wave","Infernal Blade+1","Pommel Strike+1","Power Through","Clash","Ghostly Armor","Flex","Uppercut+1","Armaments+1","Flash of Steel+1","Immolate","Armaments+1","Carnage+1","Battle Trance","Offering","True Grit","Seeing Red","Infernal Blade","Demon Form","Inflame","Juggernaut","Evolve+1"],"max_hp_per_floor":[75,75,75,75,75,75,75,75,75,75,75,75,75,75,75,75,75,75,75,75,75,75,75,75,75,82,82,82,82],"relics":["Pandora\u0027s Box","Tiny Chest","Smiling Mask","Dream Catcher","Sozu","Singing Bowl","Whetstone","Strawberry","Meat on the Bone"],"card_choices":[{"not_picked":["Warcry","Clothesline"],"picked":"Uppercut","floor":1},{"not_picked":["Perfected Strike","Body Slam"],"picked":"Impervious","floor":2},{"not_picked":["Body Slam","Havoc"],"picked":"Immolate","floor":7},{"not_picked":["Burning Pact","Feel No Pain"],"picked":"Armaments","floor":10},{"not_picked":["Hemokinesis","Twin Strike"],"picked":"Carnage","floor":12},{"not_picked":["Power Through","Twin Strike"],"picked":"Battle Trance","floor":14},{"not_picked":["Limit Break","Fiend Fire"],"picked":"Offering","floor":16},{"not_picked":["Disarm","Anger"],"picked":"True Grit","floor":18},{"not_picked":["Ghostly Armor","Entrench"],"picked":"Infernal Blade","floor":21},{"not_picked":["Flex","Dropkick"],"picked":"Demon Form","floor":23},{"not_picked":["Combust","Pommel Strike"],"picked":"Evolve","floor":28}],"player_experience":659548,"potions_floor_usage":[7,21],"damage_taken":[{"damage":0,"enemies":"2 Louse","floor":1,"turns":4},{"damage":0,"enemies":"Jaw Worm","floor":2,"turns":3},{"damage":3,"enemies":"Gremlin Nob","floor":7,"turns":3},{"damage":0,"enemies":"Cultist","floor":10,"turns":2},{"damage":4,"enemies":"Large Slime","floor":12,"turns":5},{"damage":2,"enemies":"Exordium Thugs","floor":14,"turns":4},{"damage":3,"enemies":"Slime Boss","floor":16,"turns":5},{"damage":0,"enemies":"Spheric Guardian","floor":18,"turns":2},{"damage":9,"enemies":"Chosen","floor":21,"turns":4},{"damage":17,"enemies":"Gremlin Leader","floor":23,"turns":4},{"damage":38,"enemies":"Snake Plant","floor":28,"turns":4},{"damage":27,"enemies":"Centurion and Healer","floor":29,"turns":3}],"event_choices":[{"event_name":"World of Goop","player_choice":"Left","floor":4,"damage_taken":0},{"event_name":"Big Fish","player_choice":"Box","floor":5,"damage_taken":0},{"event_name":"Ghosts","player_choice":"Ignored","floor":19,"damage_taken":0},{"event_name":"The Library","player_choice":"Read","floor":20,"damage_taken":0},{"event_name":"Beggar","player_choice":"Gave Gold","floor":22,"damage_taken":0},{"event_name":"Transmorgrifier","player_choice":"Transform","floor":25,"damage_taken":0}],"boss_relics":[{"not_picked":["Runic Dome","Cursed Key"],"picked":"Sozu"}],"potions_floor_spawned":[2,10,21],"seed_played":"-6230700299882786276","killed_by":"Centurion and Healer","ascension_level":14,"is_trial":false}