{"gold_per_floor":[109,120,120,120,133,133,164,164,187,197,230,250,400,98,98,171,171,182,182,196,43,96,140,152,197,284,309,335,364,401,413,425,516,528,556,568,592,604,491,491,523,523,523,523,533,547,200,232,232,232,232,232,232,7,32,32],"floor_reached":57,"playtime":5593,"items_purged":["Doubt","Streamline","Writhe"],"score":2806,"play_id":"6d2dc230-2a89-4075-90d0-d029fae2abb4","local_time":"20190510152947","is_ascension_mode":true,"campfire_choices":[{"data":"Defragment","floor":6,"key":"SMITH"},{"data":"Steam","floor":8,"key":"SMITH"},{"data":"Electrodynamics","floor":15,"key":"SMITH"},{"data":"Doom and Gloom","floor":24,"key":"SMITH"},{"data":"Capacitor","floor":32,"key":"SMITH"},{"data":"Biased Cognition","floor":40,"key":"SMITH"},{"data":"Amplify","floor":42,"key":"SMITH"},{"data":"Reboot","floor":44,"key":"SMITH"},{"floor":49,"key":"RECALL"},{"data":"Biased Cognition","floor":53,"key":"SMITH"}],"neow_cost":"NONE","seed_source_timestamp":277657775673831,"circlet_count":0,"master_deck":["AscendersBane","Zap+1","Steam Power","Electrodynamics+1","Melter","Tempest","Doom and Gloom+1","Undo","Steam+1","Defragment+1","Cold Snap+1","Skim","Cold Snap","Core Surge","Amplify+1","Compile Driver+1","Skim","Static Discharge+1","Coolheaded","Capacitor+1","Thunder Strike+1","Fusion","Biased Cognition+1","Coolheaded","Capacitor+1","Reboot+1","BootSequence+1","White Noise","Master of Strategy","Biased Cognition+1","Panacea"],"relics":["Pandora\u0027s Box","Regal Pillow","Bird Faced Urn","Orichalcum","Darkstone Periapt","Frozen Eye","Coffee Dripper","MawBank","Molten Egg 2","Torii","Matryoshka","Potion Belt","Nuclear Battery","Dead Branch","Whetstone","Membership Card","Blood Vial","Pear","Sundial"],"potions_floor_usage":[11,23,55,56,56,56,56],"damage_taken":[{"damage":8,"enemies":"Small Slimes","floor":1,"turns":2},{"damage":0,"enemies":"2 Louse","floor":2,"turns":3},{"damage":0,"enemies":"Cultist","floor":5,"turns":3},{"damage":11,"enemies":"3 Sentries","floor":7,"turns":3},{"damage":7,"enemies":"3 Louse","floor":10,"turns":2},{"damage":1,"enemies":"Lagavulin","floor":11,"turns":6},{"damage":2,"enemies":"Gremlin Gang","floor":12,"turns":2},{"damage":13,"enemies":"Slime Boss","floor":16,"turns":6},{"damage":0,"enemies":"Spheric Guardian","floor":18,"turns":3},{"damage":3,"enemies":"Chosen","floor":20,"turns":4},{"damage":24,"enemies":"Book of Stabbing","floor":23,"turns":4},{"damage":10,"enemies":"Gremlin Leader","floor":25,"turns":4},{"damage":1,"enemies":"3 Cultists","floor":27,"turns":3},{"damage":3,"enemies":"Snake Plant","floor":28,"turns":3},{"damage":6,"enemies":"Centurion and Healer","floor":29,"turns":4},{"damage":15,"enemies":"Slavers","floor":30,"turns":4},{"damage":39,"enemies":"Collector","floor":33,"turns":8},{"damage":0,"enemies":"3 Darklings","floor":35,"turns":2},{"damage":0,"enemies":"Orb Walker","floor":37,"turns":3},{"damage":7,"enemies":"Nemesis","floor":41,"turns":5},{"damage":0,"enemies":"Maw","floor":45,"turns":5},{"damage":11,"enemies":"Spire Growth","floor":46,"turns":6},{"damage":0,"enemies":"Giant Head","floor":48,"turns":21},{"damage":44,"enemies":"Awakened One","floor":50,"turns":28},{"damage":25,"enemies":"Donu and Deca","floor":51,"turns":5},{"damage":22,"enemies":"Shield and Spear","floor":55,"turns":2},{"damage":87,"enemies":"The Heart","floor":56,"turns":8}],"seed_played":"6538155564994445552","potions_obtained":[{"floor":1,"key":"Weak Potion"},{"floor":2,"key":"FocusPotion"},{"floor":25,"key":"Regen Potion"},{"floor":30,"key":"SteroidPotion"},{"floor":35,"key":"SteroidPotion"},{"floor":45,"key":"AttackPotion"},{"floor":48,"key":"PowerPotion"},{"floor":55,"key":"EssenceOfSteel"}],"is_trial":false,"path_per_floor":["M","M","?","?","M","R","E","R","T","M","E","M","?","$","R","B",null,"M","?","M","$","T","E","R","E","T","M","M","M","E","?","R","B",null,"M","?","M","?","$","R","E","R","T","R","M","M","$","E","R","B","B",null,"R","$","E","B",null],"character_chosen":"DEFECT","items_purchased":["Frozen Eye","PowerPotion","Membership Card","Master of Strategy","Weak Potion","FocusPotion","Panacea","Pear"],"campfire_rested":0,"item_purchase_floors":[14,21,47,47,47,54,54,54],"current_hp_per_floor":[56,56,30,81,81,81,70,70,70,67,68,70,76,76,76,67,82,86,86,84,84,84,66,66,60,60,65,66,70,63,63,63,34,74,84,93,93,93,93,93,90,90,90,90,93,93,93,93,93,93,84,91,91,101,81,18],"gold":32,"neow_bonus":"BOSS_RELIC","is_prod":false,"is_daily":false,"chose_seed":false,"campfire_upgraded":9,"win_rate":0,"timestamp":1557527387,"path_taken":["M","M","?","?","M","R","E","R","T","M","E","?","?","$","R","BOSS","M","?","?","?","?","E","R","E","T","M","M","?","E","?","R","BOSS","M","?","M","?","$","R","E","R","T","R","M","?","$","E","R","BOSS","BOSS","R","$","E","BOSS"],"build_version":"2019-05-07","purchased_purges":3,"victory":true,"max_hp_per_floor":[71,71,71,81,81,81,81,81,81,81,81,81,87,87,87,87,87,87,87,87,87,87,87,87,87,87,87,87,87,87,87,87,87,87,87,93,93,93,93,93,93,93,93,93,93,93,93,93,93,93,93,93,93,103,103,103],"card_choices":[{"not_picked":["Hello World","Cold Snap"],"picked":"Undo","floor":1},{"not_picked":["Go for the Eyes","Blizzard"],"picked":"Steam","floor":2},{"not_picked":["BootSequence","Blizzard"],"picked":"Defragment","floor":5},{"not_picked":["Rebound","Sweeping Beam"],"picked":"Cold Snap","floor":7},{"not_picked":["Ball Lightning","Stack"],"picked":"Skim","floor":10},{"not_picked":["Scrape","Stack"],"picked":"Cold Snap","floor":11},{"not_picked":["Conserve Battery","White Noise"],"picked":"Core Surge","floor":12},{"not_picked":["Hyperbeam","Machine Learning"],"picked":"Amplify","floor":16},{"not_picked":["Sweeping Beam","Steam+1","Cold Snap"],"picked":"SKIP","floor":18},{"not_picked":["Chaos","BootSequence"],"picked":"Compile Driver","floor":20},{"not_picked":["Gash+1","Consume"],"picked":"Skim","floor":23},{"not_picked":["Conserve Battery","Tempest","Sunder+1"],"picked":"SKIP","floor":25},{"not_picked":["Beam Cell+1","Chill"],"picked":"Static Discharge+1","floor":27},{"not_picked":["Conserve Battery","Redo","Rebound+1"],"picked":"SKIP","floor":28},{"not_picked":["Steam","Leap"],"picked":"Coolheaded","floor":29},{"not_picked":["Multi-Cast","Auto Shields"],"picked":"Capacitor","floor":30},{"not_picked":["Fission","Buffer"],"picked":"Biased Cognition","floor":33},{"not_picked":["Redo","Ball Lightning+1"],"picked":"Coolheaded","floor":35},{"not_picked":["Blizzard+1","Streamline+1","Hello World"],"picked":"SKIP","floor":37},{"not_picked":["Doom and Gloom+1","Conserve Battery"],"picked":"Reboot","floor":41},{"not_picked":["Rebound+1","Ball Lightning+1"],"picked":"BootSequence+1","floor":45},{"not_picked":["Gash+1","Leap+1"],"picked":"White Noise","floor":46},{"not_picked":["Rebound+1","Ball Lightning+1"],"picked":"Biased Cognition","floor":48},{"not_picked":["Gash+1","White Noise","Turbo"],"picked":"SKIP","floor":55}],"player_experience":6335237,"relics_obtained":[{"floor":7,"key":"Bird Faced Urn"},{"floor":9,"key":"Orichalcum"},{"floor":11,"key":"Darkstone Periapt"},{"floor":22,"key":"MawBank"},{"floor":23,"key":"Molten Egg 2"},{"floor":25,"key":"Torii"},{"floor":26,"key":"Matryoshka"},{"floor":30,"key":"Potion Belt"},{"floor":41,"key":"Dead Branch"},{"floor":43,"key":"Whetstone"},{"floor":48,"key":"Blood Vial"},{"floor":55,"key":"Sundial"}],"event_choices":[{"damage_healed":0,"gold_gain":0,"player_choice":"Success","damage_taken":26,"relics_obtained":["Regal Pillow"],"max_hp_gain":0,"max_hp_loss":0,"event_name":"Scrap Ooze","floor":3,"gold_loss":0},{"cards_removed":["Creative AI"],"damage_healed":41,"gold_gain":0,"player_choice":"Offered Rare","damage_taken":0,"max_hp_gain":10,"max_hp_loss":0,"event_name":"Bonfire Elementals","floor":4,"gold_loss":0},{"damage_healed":0,"gold_gain":150,"player_choice":"AGREE","damage_taken":0,"max_hp_gain":0,"max_hp_loss":0,"event_name":"Liars Game","floor":13,"gold_loss":0,"cards_obtained":["Doubt"]},{"damage_healed":0,"gold_gain":0,"player_choice":"Upgraded","damage_taken":0,"max_hp_gain":0,"max_hp_loss":0,"event_name":"Upgrade Shrine","floor":19,"gold_loss":0,"cards_upgraded":["Zap"]},{"damage_healed":0,"gold_gain":0,"cards_transformed":["Dualcast","Chaos"],"player_choice":"Became Test Subject","damage_taken":0,"max_hp_gain":0,"max_hp_loss":0,"event_name":"Drug Dealer","floor":31,"gold_loss":0,"cards_obtained":["Thunder Strike","Fusion"]},{"damage_healed":17,"gold_gain":0,"player_choice":"Writhe","damage_taken":0,"max_hp_gain":0,"max_hp_loss":0,"event_name":"Winding Halls","floor":36,"gold_loss":0,"cards_obtained":["Writhe"]},{"damage_healed":0,"gold_gain":0,"player_choice":"Copied","damage_taken":0,"max_hp_gain":0,"max_hp_loss":0,"event_name":"Duplicator","floor":38,"gold_loss":0,"cards_obtained":["Capacitor"]}],"is_beta":true,"boss_relics":[{"not_picked":["Busted Crown","Inserter"],"picked":"Coffee Dripper"},{"not_picked":["Philosopher\u0027s Stone","Black Star"],"picked":"Nuclear Battery"}],"items_purged_floors":[14,21,39],"is_endless":false,"potions_floor_spawned":[1,2,10,25,27,28,30,35,45,48,55],"ascension_level":20}