{"gold_per_floor":[116,133,22,122,137,137,157,186,186,186,198,263,40,72,72,151,151,171,171,188,188,208,208,258,258,258,273,287,287,313,330,330,330],"floor_reached":33,"playtime":1096,"items_purged":[],"score":554,"play_id":"b2d92a24-d061-4071-8548-07386f3b4de7","local_time":"20190425110402","is_ascension_mode":true,"campfire_choices":[{"data":"Bash","floor":6.0,"key":"SMITH"},{"data":"Shockwave","floor":10.0,"key":"SMITH"},{"floor":15.0,"key":"REST"},{"data":"Fiend Fire","floor":23,"key":"SMITH"},{"data":"True Grit","floor":25,"key":"SMITH"},{"data":"Armaments","floor":29,"key":"SMITH"},{"data":"Metallicize","floor":32,"key":"SMITH"}],"neow_cost":"NONE","seed_source_timestamp":864697720929143,"circlet_count":0,"master_deck":["AscendersBane","Strike_R+1","Strike_R+1","Strike_R+1","Strike_R+1","Strike_R+1","Defend_R+1","Defend_R+1","Defend_R+1","Defend_R+1","Bash+1","Feel No Pain","Sword Boomerang","Flame Barrier","Warcry","Clothesline","Shockwave+1","Metallicize+1","Armaments+1","Fiend Fire+1","True Grit+1","Feel No Pain","Feel No Pain+1","Pommel Strike","Spot Weakness","Battle Trance","Immolate"],"special_seed":0,"relics":["Burning Blood","NeowsBlessing","Centennial Puzzle","Anchor","ClockworkSouvenir","Dodecahedron","Coffee Dripper","Mercury Hourglass"],"potions_floor_usage":[30,33],"damage_taken":[{"damage":0.0,"enemies":"Jaw Worm","floor":1.0,"turns":1.0},{"damage":0.0,"enemies":"Cultist","floor":2.0,"turns":1.0},{"damage":0.0,"enemies":"Small Slimes","floor":5.0,"turns":1.0},{"damage":23.0,"enemies":"3 Louse","floor":7.0,"turns":5.0},{"damage":18.0,"enemies":"Lagavulin","floor":8.0,"turns":7.0},{"damage":8.0,"enemies":"Looter","floor":11.0,"turns":4.0},{"damage":40.0,"enemies":"Gremlin Nob","floor":14.0,"turns":5.0},{"damage":29.0,"enemies":"Hexaghost","floor":16.0,"turns":10.0},{"damage":2.0,"enemies":"Shell Parasite","floor":18.0,"turns":8.0},{"damage":9,"enemies":"3 Byrds","floor":20,"turns":3},{"damage":14,"enemies":"Snecko","floor":22,"turns":7},{"damage":9,"enemies":"Chosen and Byrds","floor":27,"turns":3},{"damage":1,"enemies":"Snake Plant","floor":28,"turns":4},{"damage":51,"enemies":"Book of Stabbing","floor":30,"turns":6},{"damage":3,"enemies":"Snecko","floor":31,"turns":4},{"damage":17,"enemies":"Champ","floor":33,"turns":19}],"seed_played":"467786691791912074","potions_obtained":[{"floor":1.0,"key":"SkillPotion"},{"floor":7.0,"key":"AttackPotion"},{"floor":11.0,"key":"Strength Potion"},{"floor":28,"key":"FearPotion"},{"floor":30,"key":"SkillPotion"},{"floor":31,"key":"Explosive Potion"}],"is_trial":false,"path_per_floor":["M","M","$","?","M","R","M","E","T","R","M","?","$","E","R","B",null,"M","?","M","?","M","R","?","R","T","M","M","R","E","M","R","B"],"character_chosen":"IRONCLAD","items_purchased":["Flame Barrier","Warcry","ClockworkSouvenir"],"campfire_rested":1,"item_purchase_floors":[3,3,13],"current_hp_per_floor":[74,75,75,75,75,75,58,46,46,46,44,44,44,10,32,9,59,63,63,60,60,52,52,52,52,52,49,54,54,9,12,12,0],"gold":330,"neow_bonus":"THREE_ENEMY_KILL","is_prod":false,"is_daily":false,"chose_seed":false,"campfire_upgraded":6,"win_rate":0,"timestamp":1556215442,"path_taken":["M","M","$","?","M","R","M","E","T","R","?","?","$","E","R","BOSS","M","?","?","?","M","R","?","R","T","M","M","R","E","M","R","BOSS"],"build_version":"2019-04-23","purchased_purges":0,"victory":false,"max_hp_per_floor":[75,75,75,75,75,75,75,75,75,75,75,75,75,75,75,75,75,75,75,75,75,75,75,75,75,75,75,75,75,75,75,75,75],"card_choices":[{"not_picked":["Rupture","Cleave"],"picked":"Feel No Pain","floor":1.0},{"not_picked":["Entrench","Havoc"],"picked":"Sword Boomerang","floor":2.0},{"not_picked":["Entrench","Perfected Strike"],"picked":"Clothesline","floor":5.0},{"not_picked":["Warcry","Power Through"],"picked":"Shockwave","floor":7.0},{"not_picked":["Rampage","Dark Embrace"],"picked":"Metallicize","floor":8.0},{"not_picked":["Hemokinesis","Clothesline"],"picked":"Armaments","floor":11.0},{"not_picked":["Carnage","Uppercut","Shockwave"],"picked":"SKIP","floor":14.0},{"not_picked":["Impervious","Brutality"],"picked":"Fiend Fire","floor":16.0},{"not_picked":["Armaments","Warcry"],"picked":"True Grit","floor":18.0},{"not_picked":["Flame Barrier","Clash"],"picked":"Feel No Pain+1","floor":20},{"not_picked":["Sword Boomerang","Clash"],"picked":"Pommel Strike","floor":22},{"not_picked":["Sword Boomerang","Bludgeon"],"picked":"Spot Weakness","floor":27},{"not_picked":["Rage","Sword Boomerang","Anger"],"picked":"SKIP","floor":28},{"not_picked":["Searing Blow","Iron Wave+1"],"picked":"Battle Trance","floor":30},{"not_picked":["Clash","Wild Strike"],"picked":"Immolate","floor":31}],"player_experience":1193271,"relics_obtained":[{"floor":8.0,"key":"Centennial Puzzle"},{"floor":9.0,"key":"Anchor"},{"floor":14.0,"key":"Dodecahedron"},{"floor":30,"key":"Mercury Hourglass"}],"event_choices":[{"damage_healed":0.0,"max_hp_gain":0.0,"max_hp_loss":0.0,"gold_gain":100.0,"event_name":"Wheel of Change","player_choice":"Gold","floor":4.0,"gold_loss":0.0,"damage_taken":0.0},{"damage_healed":0.0,"max_hp_gain":0.0,"max_hp_loss":0.0,"gold_gain":65.0,"event_name":"Golden Wing","player_choice":"Gained Gold","floor":12.0,"gold_loss":0.0,"damage_taken":0.0},{"damage_healed":0.0,"max_hp_gain":0.0,"max_hp_loss":0.0,"gold_gain":0.0,"event_name":"Duplicator","player_choice":"Copied","floor":19.0,"gold_loss":0.0,"damage_taken":0.0,"cards_obtained":["Feel No Pain"]},{"damage_healed":0,"gold_gain":0,"player_choice":"Simplicity","damage_taken":0,"max_hp_gain":0,"max_hp_loss":0,"event_name":"Back to Basics","floor":21,"gold_loss":0,"cards_upgraded":["Strike_R","Strike_R","Strike_R","Strike_R","Strike_R","Defend_R","Defend_R","Defend_R","Defend_R"]},{"damage_healed":0,"gold_gain":100,"player_choice":"Bet on Murderer","damage_taken":0,"max_hp_gain":0,"max_hp_loss":0,"event_name":"The Joust","floor":24,"gold_loss":50}],"is_beta":true,"boss_relics":[{"not_picked":["Lizard Tail","Runic Dome"],"picked":"Coffee Dripper"}],"items_purged_floors":[],"is_endless":false,"potions_floor_spawned":[1,7,11,28,30,31],"killed_by":"Champ","ascension_level":20}