{"gold_per_floor":[113,38,38,38,52,52,68,82,106,118,118,118,137,168,168,246,246,263,277,81,91,106,106,120,120,120,35,35,35,35,53,53,53],"floor_reached":33,"playtime":1018,"items_purged":[],"score":436,"play_id":"5ce0cba6-c8d4-4b1f-8cd0-9be65b4d564d","local_time":"20180802223445","is_ascension_mode":true,"campfire_choices":[{"data":"Zap","floor":6.0,"key":"SMITH"},{"data":"Redo","floor":11.0,"key":"SMITH"},{"data":"Redo","floor":15.0,"key":"SMITH"},{"data":"Redo","floor":23,"key":"SMITH"},{"data":"Dualcast","floor":28,"key":"SMITH"},{"data":"Electrodynamics","floor":30,"key":"SMITH"},{"floor":32,"key":"REST"}],"neow_cost":"","seed_source_timestamp":48063699729007,"circlet_count":0,"master_deck":["Defend_B+1","Defend_B","Defend_B","Defend_B","Zap+1","Dualcast+1","AscendersBane","Redo+1","Coolheaded","Coolheaded","Conserve Battery","Reinforced Body","Redo+1","Electrodynamics+1","All For One","Buffer+1","Sunder+1","Self Repair+1","Glacier+1","Go for the Eyes","Conserve Battery","Redo+1","Conserve Battery+1"],"special_seed":0,"relics":["Cracked Core","Whetstone","Mango","Ancient Tea Set","Astrolabe","War Paint","Happy Flower","Bag of Preparation"],"potions_floor_usage":[24,33],"damage_taken":[{"damage":0.0,"enemies":"Cultist","floor":1.0,"turns":3.0},{"damage":2.0,"enemies":"Jaw Worm","floor":5.0,"turns":3.0},{"damage":2.0,"enemies":"Small Slimes","floor":7.0,"turns":3.0},{"damage":6.0,"enemies":"Looter","floor":8.0,"turns":4.0},{"damage":11.0,"enemies":"3 Louse","floor":10.0,"turns":3.0},{"damage":11.0,"enemies":"Exordium Wildlife","floor":13.0,"turns":3.0},{"damage":2.0,"enemies":"3 Sentries","floor":14.0,"turns":13.0},{"damage":22.0,"enemies":"The Guardian","floor":16.0,"turns":18.0},{"damage":3.0,"enemies":"Spheric Guardian","floor":18.0,"turns":5.0},{"damage":11.0,"enemies":"3 Byrds","floor":19.0,"turns":4.0},{"damage":7,"enemies":"Centurion and Healer","floor":21,"turns":7},{"damage":11,"enemies":"Sentry and Sphere","floor":22,"turns":6},{"damage":38,"enemies":"Chosen and Byrds","floor":24,"turns":6},{"damage":0,"enemies":"3 Cultists","floor":31,"turns":5},{"damage":109,"enemies":"Automaton","floor":33,"turns":18}],"seed_played":"6911270526941495531","potions_obtained":[{"floor":1.0,"key":"SteroidPotion"},{"floor":7.0,"key":"Ancient Potion"},{"floor":18.0,"key":"Dexterity Potion"},{"floor":24,"key":"FairyPotion"}],"is_trial":false,"path_per_floor":["M","?","?","$","M","R","M","M","T","M","R","T","M","E","R","B",null,"M","M","$","M","M","R","M","?","T","?","R","?","R","M","R"],"character_chosen":"DEFECT","items_purchased":["Conserve Battery","War Paint"],"campfire_rested":1,"item_purchase_floors":[20,20],"current_hp_per_floor":[64,64,64,64,62,62,60,54,54,43,43,57,46,44,44,22,69,76,75,75,78,77,77,49,49,49,49,49,49,49,49,74,0],"gold":53,"neow_bonus":"","is_prod":false,"is_daily":false,"chose_seed":false,"campfire_upgraded":6,"win_rate":0,"timestamp":1533274485,"path_taken":["M","?","?","?","M","R","M","M","T","?","R","?","M","E","R","BOSS","M","M","$","M","M","R","M","?","T","?","R","?","R","M","R","BOSS"],"build_version":"2018-08-01","purchased_purges":0,"victory":false,"max_hp_per_floor":[71,71,71,71,71,71,71,71,71,71,71,85,85,85,85,85,85,85,85,85,85,85,85,85,85,85,85,85,85,85,85,85,85],"card_choices":[{"not_picked":["Doom and Gloom","Darkness"],"picked":"Redo","floor":1.0},{"not_picked":["Gash","Skim"],"picked":"Coolheaded","floor":5.0},{"not_picked":["Melter","Genetic Algorithm"],"picked":"Coolheaded","floor":7.0},{"not_picked":["Storm","Steam Power"],"picked":"Conserve Battery","floor":8.0},{"not_picked":["Stack","Turbo"],"picked":"Reinforced Body","floor":10.0},{"not_picked":["Beam Cell","Compile Driver"],"picked":"Redo","floor":13.0},{"not_picked":["Rainbow","Fusion"],"picked":"Electrodynamics","floor":14.0},{"not_picked":["Fission","Machine Learning"],"picked":"All For One","floor":16.0},{"not_picked":["Barrage","Cold Snap"],"picked":"Glacier","floor":18.0},{"not_picked":["Leap+1","Double Energy+1"],"picked":"Go for the Eyes","floor":19},{"not_picked":["Compile Driver","Barrage","Reprogram"],"picked":"SKIP","floor":21},{"not_picked":["Rip and Tear","Barrage"],"picked":"Redo","floor":22},{"not_picked":["Stack","Leap"],"picked":"Conserve Battery+1","floor":24},{"not_picked":["Barrage","Lockon","Rebound+1"],"picked":"SKIP","floor":31}],"player_experience":824726,"relics_obtained":[{"floor":9.0,"key":"Whetstone"},{"floor":12.0,"key":"Mango"},{"floor":14.0,"key":"Ancient Tea Set"},{"floor":26,"key":"Happy Flower"}],"event_choices":[{"event_name":"The Cleric","player_choice":"Card Removal","floor":2.0,"damage_taken":0.0},{"event_name":"Shining Light","player_choice":"Ignored","floor":3.0,"damage_taken":0.0},{"event_name":"Drug Dealer","player_choice":"Ignored","floor":25,"damage_taken":0},{"event_name":"Addict","player_choice":"Obtained Relic","floor":27,"damage_taken":0},{"event_name":"Vampires","player_choice":"Ignored","floor":29,"damage_taken":0}],"is_beta":true,"boss_relics":[{"not_picked":["Tiny House","Empty Cage"],"picked":"Astrolabe"}],"items_purged_floors":[],"is_endless":false,"potions_floor_spawned":[1,7,16,18,22,24],"killed_by":"Automaton","ascension_level":15}