{"gold_per_floor":[117,117,117,117,128,153,169,182,182,199,226,226,226,307,307,403,403,423,441,462,64,85,85,85,85,137,158,181,181,219,250,250,349,349,367,367,700,700,1100,1100,1111,816,816,816],"floor_reached":44,"playtime":2990,"items_purged":["Clumsy"],"score":996,"play_id":"c7b70e02-0dee-433b-b0a1-06db4053e214","local_time":"20190319043755","is_ascension_mode":true,"campfire_choices":[{"data":"Whirlwind","floor":12,"key":"SMITH"},{"data":"Feel No Pain","floor":15,"key":"SMITH"},{"floor":23,"key":"REST"},{"data":"Seeing Red","floor":25,"key":"SMITH"},{"floor":32,"key":"REST"},{"floor":40,"key":"REST"}],"neow_cost":"NONE","seed_source_timestamp":181354181273687,"circlet_count":0,"master_deck":["AscendersBane","Strike_R+1","Strike_R","Strike_R","Strike_R","Strike_R+1","Defend_R","Defend_R","Defend_R","Defend_R","Bash+1","Ghostly Armor","Clothesline","Shrug It Off","Feel No Pain+1","Headbutt","Whirlwind+1","Limit Break","Offering","Shrug It Off","Seeing Red+1","Disarm","Clothesline","Body Slam","Warcry+1","Shrug It Off","Armaments","Demon Form","Purity","Normality"],"relics":["Burning Blood","NeowsBlessing","Mango","Regal Pillow","Strawberry","Bronze Scales","Happy Flower","Cursed Key","WingedGreaves","Spirit Poop","Red Skull","MutagenicStrength","Letter Opener","Red Mask","Busted Crown","Old Coin","Vajra","Potion Belt"],"potions_floor_usage":[11,14,16,16,28,30,33,41,41,44,44],"damage_taken":[{"damage":0,"enemies":"Small Slimes","floor":1,"turns":1},{"damage":0,"enemies":"Jaw Worm","floor":5,"turns":1},{"damage":0,"enemies":"Gremlin Nob","floor":6,"turns":1},{"damage":0,"enemies":"Cultist","floor":7,"turns":3},{"damage":27,"enemies":"Gremlin Gang","floor":8,"turns":7},{"damage":9,"enemies":"Blue Slaver","floor":10,"turns":5},{"damage":20,"enemies":"Lagavulin","floor":11,"turns":7},{"damage":15,"enemies":"3 Sentries","floor":14,"turns":6},{"damage":26,"enemies":"Slime Boss","floor":16,"turns":8},{"damage":0,"enemies":"3 Byrds","floor":18,"turns":2},{"damage":15,"enemies":"Chosen","floor":19,"turns":5},{"damage":18,"enemies":"Snake Plant","floor":20,"turns":3},{"damage":41,"enemies":"Snecko","floor":22,"turns":5},{"damage":6,"enemies":"Centurion and Healer","floor":27,"turns":5},{"damage":15,"enemies":"Sentry and Sphere","floor":28,"turns":5},{"damage":7,"enemies":"Slavers","floor":30,"turns":2},{"damage":10,"enemies":"Masked Bandits","floor":31,"turns":3},{"damage":92,"enemies":"Collector","floor":33,"turns":13},{"damage":9,"enemies":"3 Shapes","floor":35,"turns":5},{"damage":15,"enemies":"Mind Bloom Boss Battle","floor":39,"turns":7},{"damage":12,"enemies":"3 Darklings","floor":41,"turns":3},{"damage":90,"enemies":"Giant Head","floor":44,"turns":7}],"seed_played":"-3496306600164022280","potions_obtained":[{"floor":7,"key":"SpeedPotion"},{"floor":8,"key":"SteroidPotion"},{"floor":11,"key":"Fire Potion"},{"floor":14,"key":"Poison Potion"},{"floor":22,"key":"SkillPotion"},{"floor":28,"key":"Explosive Potion"},{"floor":30,"key":"BloodPotion"},{"floor":33,"key":"Weak Potion"},{"floor":35,"key":"Explosive Potion"},{"floor":41,"key":"Swift Potion"}],"is_trial":false,"path_per_floor":["M","?","?","T","M","E","M","M","T","M","E","R","?","?","R","B",null,"M","M","M","$","M","R","?","R","T","M","M","?","E","?","R","B",null,"M","?","?","?","?","R","M","$","T","E"],"character_chosen":"IRONCLAD","items_purchased":["WingedGreaves","Fire Potion","Vajra","AttackPotion"],"campfire_rested":3,"item_purchase_floors":[21,21,42,42],"current_hp_per_floor":[74,74,51,65,71,77,83,62,69,66,52,52,52,43,43,23,78,84,75,63,63,28,71,71,71,71,71,62,62,61,57,96,19,77,74,74,74,74,65,96,90,90,90,0],"gold":816,"neow_bonus":"THREE_ENEMY_KILL","is_prod":false,"is_daily":false,"chose_seed":false,"campfire_upgraded":3,"win_rate":0,"timestamp":1552984675,"path_taken":["M","?","?","?","M","E","?","?","T","M","E","R","?","?","R","BOSS","M","M","M","$","M","R","?","R","T","?","?","?","E","?","R","BOSS","M","?","?","?","?","R","M","$","T","E"],"build_version":"2019-01-23","purchased_purges":1,"victory":false,"max_hp_per_floor":[75,75,75,89,89,89,89,89,96,96,96,96,96,96,96,96,96,96,96,96,96,96,96,96,96,96,96,96,96,96,96,96,96,96,96,96,96,96,96,96,96,96,96,96],"card_choices":[{"not_picked":["Pommel Strike","Sword Boomerang"],"picked":"Ghostly Armor","floor":1},{"not_picked":["Second Wind","Combust"],"picked":"Clothesline","floor":5},{"not_picked":["Twin Strike","Iron Wave"],"picked":"Shrug It Off","floor":6},{"not_picked":["Clash","Brutality"],"picked":"Feel No Pain","floor":7},{"not_picked":["Heavy Blade","Thunderclap","Entrench"],"picked":"SKIP","floor":8},{"not_picked":["Body Slam","Heavy Blade"],"picked":"Headbutt","floor":10},{"not_picked":["Dual Wield","Wild Strike"],"picked":"Whirlwind","floor":11},{"not_picked":["Clothesline","Reckless Charge"],"picked":"Limit Break","floor":14},{"not_picked":["Impervious","Bludgeon"],"picked":"Offering","floor":16},{"not_picked":["Headbutt","Twin Strike+1"],"picked":"Shrug It Off","floor":18},{"not_picked":["Whirlwind+1","Twin Strike"],"picked":"Seeing Red","floor":19},{"not_picked":["Ghostly Armor","Entrench+1"],"picked":"Disarm","floor":20},{"not_picked":["Twin Strike","Anger"],"picked":"Clothesline","floor":22},{"not_picked":["Anger+1","Infernal Blade"],"picked":"Body Slam","floor":27},{"not_picked":["Clothesline","Perfected Strike"],"picked":"Warcry+1","floor":28},{"not_picked":["Iron Wave","Bludgeon"],"picked":"Shrug It Off","floor":30},{"not_picked":["Havoc","Thunderclap"],"picked":"Armaments","floor":31},{"not_picked":["Double Tap","Limit Break"],"picked":"Demon Form","floor":33},{"not_picked":["Warcry"],"picked":"SKIP","floor":35},{"not_picked":[],"picked":"Purity","floor":38},{"not_picked":["Headbutt"],"picked":"SKIP","floor":41}],"player_experience":1253151,"relics_obtained":[{"floor":4,"key":"Mango"},{"floor":6,"key":"Regal Pillow"},{"floor":9,"key":"Strawberry"},{"floor":11,"key":"Bronze Scales"},{"floor":14,"key":"Happy Flower"},{"floor":26,"key":"Red Skull"},{"floor":30,"key":"Letter Opener"},{"floor":31,"key":"Red Mask"},{"floor":39,"key":"Old Coin"},{"floor":43,"key":"Potion Belt"}],"event_choices":[{"damage_healed":0,"gold_gain":0,"player_choice":"Grow","damage_taken":0,"max_hp_gain":0,"max_hp_loss":0,"event_name":"Living Wall","floor":2,"gold_loss":0,"cards_upgraded":["Bash"]},{"damage_healed":0,"gold_gain":0,"player_choice":"Entered Light","damage_taken":23,"max_hp_gain":0,"max_hp_loss":0,"event_name":"Shining Light","floor":3,"gold_loss":0,"cards_upgraded":["Strike_R","Strike_R"]},{"damage_healed":0,"gold_gain":0,"player_choice":"Take Wound","damage_taken":0,"relics_obtained":["Golden Idol"],"max_hp_gain":0,"max_hp_loss":0,"event_name":"Golden Idol","floor":13,"gold_loss":0,"cards_obtained":["Injury"]},{"damage_healed":0,"gold_gain":0,"player_choice":"Searched \u00271\u0027 times","damage_taken":0,"max_hp_gain":0,"max_hp_loss":0,"event_name":"Dead Adventurer","floor":14,"gold_loss":0},{"cards_removed":["Injury"],"damage_healed":0,"gold_gain":0,"player_choice":"Offered Curse","damage_taken":0,"relics_obtained":["Spirit Poop"],"max_hp_gain":0,"max_hp_loss":0,"event_name":"Bonfire Elementals","floor":24,"gold_loss":0},{"damage_healed":0,"gold_gain":0,"player_choice":"Inject Mutagens","damage_taken":0,"relics_obtained":["MutagenicStrength"],"max_hp_gain":0,"max_hp_loss":0,"event_name":"Drug Dealer","floor":29,"gold_loss":0},{"damage_healed":0,"gold_gain":0,"player_choice":"Fought Bandits","damage_taken":0,"max_hp_gain":0,"max_hp_loss":0,"event_name":"Masked Bandits","floor":31,"gold_loss":0},{"damage_healed":0,"gold_gain":0,"player_choice":"Ignored","damage_taken":0,"max_hp_gain":0,"max_hp_loss":0,"event_name":"Tomb of Lord Red Mask","floor":36,"gold_loss":0},{"damage_healed":0,"gold_gain":333,"player_choice":"Gave Idol","damage_taken":0,"max_hp_gain":0,"max_hp_loss":0,"event_name":"The Moai Head","floor":37,"relics_lost":["Golden Idol"],"gold_loss":0},{"damage_healed":0,"gold_gain":0,"player_choice":"Memory 1","damage_taken":0,"max_hp_gain":0,"max_hp_loss":0,"event_name":"SensoryStone","floor":38,"gold_loss":0},{"damage_healed":0,"gold_gain":0,"player_choice":"Fight","damage_taken":0,"max_hp_gain":0,"max_hp_loss":0,"event_name":"MindBloom","floor":39,"gold_loss":0}],"is_beta":false,"boss_relics":[{"not_picked":["Sozu","White Beast Statue"],"picked":"Cursed Key"},{"not_picked":["Runic Cube","Empty Cage"],"picked":"Busted Crown"}],"items_purged_floors":[42],"is_endless":false,"potions_floor_spawned":[7,8,11,14,22,28,30,33,35,41],"killed_by":"Giant Head","ascension_level":20}