{"gold_per_floor":[113,113,129,54,73,108,108,108,108,108,123,123,203,240,252,354,366,396,408,472,137,155,155,170,185,211,211,336,371,387,387,387,387],"floor_reached":33,"playtime":1257,"items_purged":["Injury","Shame"],"score":551,"play_id":"42a6cba1-0263-4525-9181-f0822074ab27","local_time":"20190403015010","is_ascension_mode":true,"campfire_choices":[{"data":"Hyperbeam","floor":7,"key":"SMITH"},{"data":"Zap","floor":10,"key":"SMITH"},{"data":"Coolheaded","floor":12,"key":"SMITH"},{"data":"Static Discharge","floor":15,"key":"SMITH"},{"data":"Creative AI","floor":23,"key":"SMITH"},{"data":"1","floor":32,"key":"LIFT"}],"neow_cost":"NONE","seed_source_timestamp":141833845306164,"circlet_count":0,"master_deck":["AscendersBane","Strike_B+1","Strike_B+1","Strike_B+1","Strike_B+1","Defend_B+1","Defend_B+1","Defend_B+1","Defend_B+1","Zap+1","Dualcast","Melter","Chill","Hyperbeam+1","Coolheaded+1","Ball Lightning","Static Discharge+1","Creative AI+1","Go for the Eyes","Leap","Rebound+1","Sweeping Beam+1"],"relics":["Cracked Core","NeowsBlessing","Golden Idol","Meat on the Bone","PreservedInsect","MawBank","Odd Mushroom","Coffee Dripper","Oddly Smooth Stone","Strawberry","Bag of Marbles","Centennial Puzzle","Girya","Singing Bowl","Pear"],"potions_floor_usage":[6,13,16,18,22,25,28,29],"damage_taken":[{"damage":0,"enemies":"2 Louse","floor":1,"turns":1},{"damage":0,"enemies":"Cultist","floor":3,"turns":1},{"damage":0,"enemies":"Small Slimes","floor":5,"turns":1},{"damage":10,"enemies":"Lagavulin","floor":6,"turns":6},{"damage":2,"enemies":"Exordium Wildlife","floor":11,"turns":2},{"damage":8,"enemies":"3 Sentries","floor":13,"turns":3},{"damage":11,"enemies":"The Mushroom Lair","floor":14,"turns":3},{"damage":31,"enemies":"Hexaghost","floor":16,"turns":9},{"damage":16,"enemies":"Shell Parasite","floor":18,"turns":4},{"damage":13,"enemies":"2 Thieves","floor":22,"turns":2},{"damage":15,"enemies":"Cultist and Chosen","floor":24,"turns":5},{"damage":10,"enemies":"Centurion and Healer","floor":25,"turns":2},{"damage":0,"enemies":"Colosseum Slavers","floor":28,"turns":1},{"damage":0,"enemies":"Colosseum Nobs","floor":28,"turns":3},{"damage":8,"enemies":"Slavers","floor":29,"turns":3},{"damage":7,"enemies":"Snecko","floor":30,"turns":5},{"damage":69,"enemies":"Champ","floor":33,"turns":10}],"seed_played":"5741770320933127067","potions_obtained":[{"floor":1,"key":"SkillPotion"},{"floor":6,"key":"Swift Potion"},{"floor":11,"key":"PowerPotion"},{"floor":13,"key":"SteroidPotion"},{"floor":16,"key":"Weak Potion"},{"floor":24,"key":"SteroidPotion"},{"floor":25,"key":"Block Potion"},{"floor":30,"key":"SteroidPotion"}],"is_trial":false,"path_per_floor":["M","?","M","$","M","E","R","?","T","R","M","R","?","?","R","B",null,"M","?","T","$","M","R","M","M","T","?","?","E","M","?","R","B"],"character_chosen":"DEFECT","items_purchased":["Bag of Marbles","Fire Potion","Leap"],"campfire_rested":0,"item_purchase_floors":[21,21,21],"current_hp_per_floor":[64,64,64,64,64,54,54,54,54,54,52,52,44,45,45,26,60,44,44,51,51,50,50,47,49,49,49,51,55,50,50,50,0],"gold":387,"neow_bonus":"THREE_ENEMY_KILL","is_prod":false,"is_daily":false,"chose_seed":false,"campfire_upgraded":5,"win_rate":0,"timestamp":1554270610,"path_taken":["M","?","M","$","M","E","R","?","T","R","?","R","?","?","R","BOSS","M","?","?","$","M","R","M","M","T","?","?","E","?","?","R","BOSS"],"build_version":"2019-01-23","purchased_purges":2,"victory":false,"max_hp_per_floor":[71,71,71,71,71,71,71,71,71,71,71,71,71,71,71,71,71,71,71,78,78,78,78,78,78,78,78,80,92,94,94,94,94],"card_choices":[{"not_picked":["Conserve Battery","Force Field"],"picked":"Melter","floor":1},{"not_picked":["Blizzard","Beam Cell"],"picked":"Chill","floor":3},{"not_picked":["Double Energy","Scrape","Rebound"],"picked":"SKIP","floor":5},{"not_picked":["Stack","Auto Shields"],"picked":"Hyperbeam","floor":6},{"not_picked":["Double Energy","Steam Power"],"picked":"Coolheaded","floor":11},{"not_picked":["Barrage","Beam Cell"],"picked":"Ball Lightning","floor":13},{"not_picked":["Sweeping Beam","Stack"],"picked":"Static Discharge","floor":14},{"not_picked":["All For One","Fission"],"picked":"Creative AI","floor":16},{"not_picked":["Stack","Barrage"],"picked":"Go for the Eyes","floor":18},{"not_picked":["Cold Snap","Hologram"],"picked":"Rebound+1","floor":22},{"not_picked":["Skim","Reboot"],"picked":"Sweeping Beam+1","floor":24},{"not_picked":["Turbo","Steam","Coolheaded"],"picked":"SKIP","floor":25},{"not_picked":["Barrage","Heatsinks","Streamline"],"picked":"Singing Bowl","floor":28},{"not_picked":["Ball Lightning","Hologram","Cold Snap"],"picked":"Singing Bowl","floor":29},{"not_picked":["Recycle","Steam","Sweeping Beam"],"picked":"Singing Bowl","floor":30}],"player_experience":1548163,"relics_obtained":[{"floor":6,"key":"Meat on the Bone"},{"floor":9,"key":"PreservedInsect"},{"floor":13,"key":"MawBank"},{"floor":14,"key":"Odd Mushroom"},{"floor":20,"key":"Strawberry"},{"floor":26,"key":"Centennial Puzzle"},{"floor":28,"key":"Girya"},{"floor":28,"key":"Singing Bowl"},{"floor":29,"key":"Pear"}],"event_choices":[{"damage_healed":0,"gold_gain":0,"player_choice":"Take Wound","damage_taken":0,"relics_obtained":["Golden Idol"],"max_hp_gain":0,"max_hp_loss":0,"event_name":"Golden Idol","floor":2,"gold_loss":0,"cards_obtained":["Injury"]},{"damage_healed":0,"gold_gain":0,"player_choice":"0 cards matched","damage_taken":0,"max_hp_gain":0,"max_hp_loss":0,"event_name":"Match and Keep!","floor":8,"gold_loss":0,"cards_obtained":[]},{"damage_healed":0,"gold_gain":0,"player_choice":"Searched \u00272\u0027 times","damage_taken":0,"max_hp_gain":0,"max_hp_loss":0,"event_name":"Dead Adventurer","floor":13,"gold_loss":0},{"damage_healed":0,"gold_gain":0,"player_choice":"Fought Mushrooms","damage_taken":0,"max_hp_gain":0,"max_hp_loss":0,"event_name":"Mushrooms","floor":14,"gold_loss":0},{"damage_healed":0,"gold_gain":0,"player_choice":"Stole Relic","damage_taken":0,"relics_obtained":["Oddly Smooth Stone"],"max_hp_gain":0,"max_hp_loss":0,"event_name":"Addict","floor":19,"gold_loss":0,"cards_obtained":["Shame"]},{"damage_healed":0,"gold_gain":0,"player_choice":"Simplicity","damage_taken":0,"max_hp_gain":0,"max_hp_loss":0,"event_name":"Back to Basics","floor":27,"gold_loss":0,"cards_upgraded":["Strike_B","Strike_B","Strike_B","Strike_B","Defend_B","Defend_B","Defend_B","Defend_B"]},{"damage_healed":0,"gold_gain":0,"player_choice":"Fight","damage_taken":0,"max_hp_gain":0,"max_hp_loss":0,"event_name":"Colosseum","floor":28,"gold_loss":0},{"damage_healed":0,"gold_gain":0,"player_choice":"Fought Nobs","damage_taken":0,"max_hp_gain":0,"max_hp_loss":0,"event_name":"Colosseum","floor":28,"gold_loss":0},{"damage_healed":0,"gold_gain":0,"player_choice":"Ignored","damage_taken":0,"max_hp_gain":0,"max_hp_loss":0,"event_name":"The Mausoleum","floor":31,"gold_loss":0}],"is_beta":false,"boss_relics":[{"not_picked":["Tiny House","Pandora\u0027s Box"],"picked":"Coffee Dripper"}],"items_purged_floors":[4,21],"is_endless":false,"potions_floor_spawned":[1,6,11,13,16,24,25,30],"killed_by":"Champ","ascension_level":20}