{"gold_per_floor":[114,133,146,158,170,204,204,82,82,82,97,123,141,141,141,218,218,201,221,221,39,58,58,71,106,106,156,156,431,188,188],"floor_reached":31,"playtime":918,"items_purged":["Strike_R","Strike_R","Regret"],"score":467,"play_id":"fbea48ad-65de-4d12-942a-ab64986f5b2d","local_time":"20190323135257","is_ascension_mode":true,"campfire_choices":[{"data":"Bash","floor":7.0,"key":"SMITH"},{"data":"Inflame","floor":10.0,"key":"SMITH"},{"data":"Barricade","floor":15.0,"key":"SMITH"},{"data":"Entrench","floor":23.0,"key":"SMITH"},{"data":"Corruption","floor":28.0,"key":"SMITH"}],"neow_cost":"NONE","seed_source_timestamp":873332248078042,"circlet_count":0,"master_deck":["AscendersBane","Strike_R","Strike_R","Defend_R","Defend_R","Defend_R","Defend_R","Bash+1","Clothesline","Inflame+1","Spot Weakness","Shrug It Off","Twin Strike","Barricade+1","Shrug It Off","Disarm","Entrench+1","Offering","Uppercut","Corruption+1","Shrug It Off","Demon Form"],"special_seed":0,"relics":["Burning Blood","Shuriken","Unceasing Top","Sundial","Busted Crown","Prayer Wheel"],"potions_floor_usage":[31],"damage_taken":[{"damage":1.0,"enemies":"Cultist","floor":1.0,"turns":3.0},{"damage":2.0,"enemies":"Jaw Worm","floor":2.0,"turns":5.0},{"damage":5.0,"enemies":"Small Slimes","floor":3.0,"turns":4.0},{"damage":10.0,"enemies":"2 Fungi Beasts","floor":4.0,"turns":4.0},{"damage":0.0,"enemies":"Lots of Slimes","floor":5.0,"turns":1.0},{"damage":22.0,"enemies":"3 Sentries","floor":6.0,"turns":8.0},{"damage":14.0,"enemies":"3 Louse","floor":11.0,"turns":3.0},{"damage":31.0,"enemies":"Gremlin Nob","floor":12.0,"turns":5.0},{"damage":12.0,"enemies":"Looter","floor":13.0,"turns":3.0},{"damage":19.0,"enemies":"Hexaghost","floor":16.0,"turns":14.0},{"damage":23.0,"enemies":"2 Thieves","floor":18.0,"turns":4.0},{"damage":2.0,"enemies":"Shell Parasite","floor":19.0,"turns":8.0},{"damage":17.0,"enemies":"Shelled Parasite and Fungi","floor":22.0,"turns":4.0},{"damage":7.0,"enemies":"Centurion and Healer","floor":24.0,"turns":7.0},{"damage":20.0,"enemies":"Book of Stabbing","floor":25.0,"turns":5.0},{"damage":28,"enemies":"Sentry and Sphere","floor":31,"turns":4}],"seed_played":"8700790829449383922","potions_obtained":[{"floor":2.0,"key":"PowerPotion"},{"floor":4.0,"key":"AttackPotion"},{"floor":5.0,"key":"SkillPotion"},{"floor":13.0,"key":"Swift Potion"},{"floor":18.0,"key":"Energy Potion"},{"floor":19.0,"key":"Fire Potion"},{"floor":20.0,"key":"SkillPotion"}],"is_trial":false,"path_per_floor":["M","M","M","M","M","E","R","$","T","R","M","E","M","?","R","B",null,"M","M","?","$","M","R","M","E","T","?","R","?","$","M"],"character_chosen":"IRONCLAD","items_purchased":["Shrug It Off","Corruption","Shrug It Off","Demon Form"],"campfire_rested":0,"item_purchase_floors":[8,21,30,30],"current_hp_per_floor":[80,82,82,78,82,66,66,66,66,66,58,33,27,27,27,14,65,48,52,52,52,41,41,40,26,26,26,26,26,26,0],"gold":188,"neow_bonus":"TEN_PERCENT_HP_BONUS","is_prod":false,"is_daily":false,"chose_seed":false,"campfire_upgraded":5,"win_rate":0,"timestamp":1553363577,"path_taken":["M","M","?","M","M","E","R","$","T","R","M","E","M","?","R","BOSS","M","M","?","$","?","R","?","E","T","?","R","?","$","M"],"build_version":"2019-03-15","purchased_purges":3,"victory":false,"max_hp_per_floor":[82,82,82,82,82,82,82,82,82,82,82,82,82,82,82,82,82,82,82,82,82,82,82,82,82,82,82,82,82,82,82],"card_choices":[{"not_picked":["Shrug It Off","Sever Soul"],"picked":"Clothesline","floor":1.0},{"not_picked":["Clash","Whirlwind"],"picked":"Inflame","floor":2.0},{"not_picked":["Sword Boomerang","Havoc"],"picked":"Spot Weakness","floor":3.0},{"not_picked":["Thunderclap","Power Through"],"picked":"Shrug It Off","floor":4.0},{"not_picked":["Seeing Red","Perfected Strike"],"picked":"Twin Strike","floor":5.0},{"not_picked":["Heavy Blade","Searing Blow"],"picked":"Barricade","floor":6.0},{"not_picked":["Anger","Power Through"],"picked":"Disarm","floor":11.0},{"not_picked":["Wild Strike","Twin Strike","Bloodletting"],"picked":"SKIP","floor":12.0},{"not_picked":["Sword Boomerang","Perfected Strike"],"picked":"Entrench","floor":13.0},{"not_picked":["Impervious","Juggernaut"],"picked":"Offering","floor":16.0},{"not_picked":["Warcry"],"picked":"SKIP","floor":18.0},{"not_picked":[],"picked":"Uppercut","floor":19.0},{"not_picked":["Sword Boomerang"],"picked":"SKIP","floor":22.0},{"not_picked":["Wild Strike"],"picked":"SKIP","floor":24.0},{"not_picked":["Clothesline"],"picked":"SKIP","floor":25.0}],"player_experience":2269219,"relics_obtained":[{"floor":6.0,"key":"Shuriken"},{"floor":9.0,"key":"Unceasing Top"},{"floor":12.0,"key":"Sundial"},{"floor":25.0,"key":"Prayer Wheel"}],"event_choices":[{"cards_removed":["Strike_R"],"damage_healed":0.0,"max_hp_gain":0.0,"max_hp_loss":0.0,"gold_gain":0.0,"event_name":"Purifier","player_choice":"Purged","floor":14.0,"gold_loss":0.0,"damage_taken":0.0},{"damage_healed":0.0,"max_hp_gain":0.0,"max_hp_loss":0.0,"gold_gain":0.0,"event_name":"Lab","player_choice":"Got Potions","floor":20.0,"gold_loss":0.0,"damage_taken":0.0},{"damage_healed":0.0,"max_hp_gain":0.0,"max_hp_loss":0.0,"gold_gain":50.0,"event_name":"Nest","player_choice":"Stole From Cult","floor":27.0,"gold_loss":0.0,"damage_taken":0.0},{"damage_healed":0.0,"max_hp_gain":0.0,"max_hp_loss":0.0,"gold_gain":275.0,"event_name":"Golden Shrine","player_choice":"Desecrate","floor":29.0,"gold_loss":0.0,"damage_taken":0.0,"cards_obtained":["Regret"]}],"is_beta":true,"boss_relics":[{"not_picked":["Black Star","Orrery"],"picked":"Busted Crown"}],"items_purged_floors":[8,21,30],"is_endless":false,"potions_floor_spawned":[2,4,5,13,18,19,22],"killed_by":"Sentry and Sphere","ascension_level":15}