{"gold_per_floor":[117,48,59,78,89,89,123,123,149,177,190,190,190,173,173,173],"floor_reached":16,"playtime":665,"items_purged":[],"score":196,"play_id":"67234a37-cd83-4a07-b893-b9ea00c4125e","local_time":"20181225135554","is_ascension_mode":true,"campfire_choices":[{"data":"Bash","floor":6,"key":"SMITH"},{"data":"True Grit","floor":8,"key":"SMITH"},{"data":"Metallicize","floor":12,"key":"SMITH"},{"floor":15,"key":"REST"}],"neow_cost":"NONE","seed_source_timestamp":184221108894015,"circlet_count":0,"master_deck":["AscendersBane","Strike_R","Strike_R","Strike_R","Strike_R","Defend_R","Defend_R","Defend_R+1","Defend_R","Bash+1","Shockwave","Metallicize+1","Ghostly Armor","Ghostly Armor+1","Feel No Pain","True Grit+1","Shrug It Off","Cleave","Shrug It Off"],"relics":["Burning Blood","Blood Vial","Smiling Mask","War Paint","Potion Belt"],"potions_floor_usage":[10,10],"damage_taken":[{"damage":6,"enemies":"Cultist","floor":1,"turns":4},{"damage":0,"enemies":"2 Louse","floor":3,"turns":3},{"damage":0,"enemies":"Jaw Worm","floor":4,"turns":5},{"damage":20,"enemies":"Large Slime","floor":5,"turns":12},{"damage":17,"enemies":"3 Sentries","floor":7,"turns":17},{"damage":24,"enemies":"Lagavulin","floor":10,"turns":11},{"damage":0,"enemies":"3 Louse","floor":11,"turns":8},{"damage":14,"enemies":"Exordium Thugs","floor":14,"turns":5},{"damage":44,"enemies":"Slime Boss","floor":16,"turns":18}],"seed_played":"1056712587617713474","potions_obtained":[{"floor":1,"key":"AttackPotion"},{"floor":4,"key":"SteroidPotion"}],"is_trial":false,"path_per_floor":["M","$","M","M","M","R","E","R","T","E","M","R","?","M","R","B"],"character_chosen":"IRONCLAD","items_purchased":["Metallicize"],"campfire_rested":1,"item_purchase_floors":[2],"current_hp_per_floor":[70,70,75,75,61,61,52,52,52,36,44,44,44,38,60,18],"gold":173,"neow_bonus":"RANDOM_COMMON_RELIC","is_prod":false,"is_daily":false,"chose_seed":false,"campfire_upgraded":3,"win_rate":0,"timestamp":1545771354,"path_taken":["M","$","M","?","?","R","E","R","T","E","M","R","?","M","R","BOSS"],"build_version":"2018-12-20","purchased_purges":0,"victory":false,"max_hp_per_floor":[75,75,75,75,75,75,75,75,75,75,75,75,75,75,75,75],"card_choices":[{"not_picked":["Uppercut","Iron Wave"],"picked":"Shockwave","floor":1},{"not_picked":["Clash","Sever Soul"],"picked":"Ghostly Armor","floor":3},{"not_picked":["Flex","Sword Boomerang"],"picked":"Ghostly Armor","floor":4},{"not_picked":["Pommel Strike","Whirlwind"],"picked":"Feel No Pain","floor":5},{"not_picked":["Rampage","Dropkick"],"picked":"True Grit","floor":7},{"not_picked":["Infernal Blade","Seeing Red","Carnage"],"picked":"SKIP","floor":10},{"not_picked":["Searing Blow","Pommel Strike"],"picked":"Shrug It Off","floor":11},{"not_picked":["Twin Strike","Headbutt"],"picked":"Shrug It Off","floor":14}],"player_experience":994245,"relics_obtained":[{"floor":7,"key":"Smiling Mask"},{"floor":9,"key":"War Paint"},{"floor":10,"key":"Potion Belt"}],"event_choices":[{"damage_healed":0,"gold_gain":0,"cards_transformed":["Strike_R"],"player_choice":"Transformed","damage_taken":0,"max_hp_gain":0,"max_hp_loss":0,"event_name":"Transmorgrifier","floor":13,"gold_loss":0,"cards_obtained":["Cleave"]}],"is_beta":true,"boss_relics":[],"items_purged_floors":[],"is_endless":false,"potions_floor_spawned":[1,4,7],"killed_by":"Slime Boss","ascension_level":15}