{"gold_per_floor":[10,30,45,61,61,61,91,111,111,111],"floor_reached":10,"playtime":445,"items_purged":[],"score":130,"play_id":"3f3b54d3-d0ca-4d97-87c6-130e1ed853c7","local_time":"20190112224842","is_ascension_mode":true,"campfire_choices":[{"data":"Bash","floor":6,"key":"SMITH"}],"neow_cost":"NO_GOLD","seed_source_timestamp":308803683908339,"circlet_count":0,"master_deck":["AscendersBane","Strike_R","Strike_R","Strike_R","Strike_R","Defend_R","Defend_R","Defend_R","Defend_R","Bash+1","Shrug It Off","Armaments","Offering","Clothesline","Feed","Iron Wave"],"relics":["Burning Blood","Turnip","PreservedInsect","Self Forming Clay"],"potions_floor_usage":[7,8],"damage_taken":[{"damage":21,"enemies":"Jaw Worm","floor":1,"turns":5},{"damage":7,"enemies":"Cultist","floor":2,"turns":4},{"damage":6,"enemies":"2 Louse","floor":3,"turns":2},{"damage":8,"enemies":"Blue Slaver","floor":4,"turns":7},{"damage":33,"enemies":"3 Sentries","floor":7,"turns":9},{"damage":24,"enemies":"Exordium Thugs","floor":8,"turns":9},{"damage":11,"enemies":"Large Slime","floor":10,"turns":4}],"seed_played":"-2054717583861764237","potions_obtained":[{"floor":3,"key":"Block Potion"},{"floor":4,"key":"LiquidBronze"},{"floor":7,"key":"Swift Potion"}],"is_trial":false,"path_per_floor":["M","M","M","M","?","R","E","M","T","M"],"character_chosen":"IRONCLAD","items_purchased":[],"campfire_rested":0,"item_purchase_floors":[],"current_hp_per_floor":[53,52,52,50,50,50,23,8,8,0],"gold":111,"neow_bonus":"ONE_RARE_RELIC","is_prod":false,"is_daily":false,"chose_seed":false,"campfire_upgraded":1,"win_rate":0,"timestamp":1547358522,"path_taken":["M","M","M","M","?","R","E","?","T","M"],"build_version":"2019-01-10","purchased_purges":0,"victory":false,"max_hp_per_floor":[75,75,75,75,75,75,75,78,78,78],"card_choices":[{"not_picked":["Thunderclap","Battle Trance"],"picked":"Shrug It Off","floor":1},{"not_picked":["Heavy Blade","Flex"],"picked":"Armaments","floor":2},{"not_picked":["Combust","Anger"],"picked":"Offering","floor":3},{"not_picked":["Wild Strike","Shrug It Off"],"picked":"Clothesline","floor":4},{"not_picked":["Flex","Carnage"],"picked":"Feed","floor":7},{"not_picked":["Fire Breathing","Pommel Strike"],"picked":"Iron Wave","floor":8}],"player_experience":1037880,"relics_obtained":[{"floor":7,"key":"PreservedInsect"},{"floor":9,"key":"Self Forming Clay"}],"event_choices":[{"cards_removed":["Strike_R"],"damage_healed":0,"gold_gain":0,"player_choice":"Card Removal","damage_taken":0,"max_hp_gain":0,"max_hp_loss":0,"event_name":"Wheel of Change","floor":5,"gold_loss":0}],"is_beta":true,"boss_relics":[],"items_purged_floors":[],"is_endless":false,"potions_floor_spawned":[3,4,7],"killed_by":"Large Slime","ascension_level":17}