{"gold_per_floor":[113,132,182,193,211,211,239,239,294,326,326,11,28,28,28,28],"floor_reached":16,"playtime":706,"items_purged":["Strike_R"],"score":220,"play_id":"9f7c0d50-9a34-4f34-9b30-a20e4f0e40dd","local_time":"20190504151110","is_ascension_mode":true,"campfire_choices":[{"data":"Bash","floor":6,"key":"SMITH"},{"floor":8,"key":"REST"},{"data":"Cleave","floor":11,"key":"SMITH"},{"floor":15,"key":"REST"}],"neow_cost":"NONE","seed_source_timestamp":366047000487317,"circlet_count":0,"master_deck":["AscendersBane","Strike_R","Strike_R","Strike_R","Strike_R","Defend_R","Defend_R","Defend_R","Defend_R","Bash+1","Battle Trance","Pommel Strike","Cleave+1","Power Through","Juggernaut","Reaper"],"relics":["Burning Blood","Paper Frog","Vajra","Juzu Bracelet","Bag of Marbles","Golden Idol"],"potions_floor_usage":[7,10,16],"damage_taken":[{"damage":7,"enemies":"Cultist","floor":1,"turns":4},{"damage":4,"enemies":"Small Slimes","floor":2,"turns":4},{"damage":4,"enemies":"Jaw Worm","floor":4,"turns":4},{"damage":12,"enemies":"Blue Slaver","floor":5,"turns":6},{"damage":39,"enemies":"3 Sentries","floor":7,"turns":9},{"damage":32,"enemies":"Gremlin Nob","floor":10,"turns":4},{"damage":10,"enemies":"Looter","floor":13,"turns":4},{"damage":66,"enemies":"Slime Boss","floor":16,"turns":7}],"seed_played":"-8238507715980305346","potions_obtained":[{"floor":1,"key":"Dexterity Potion"},{"floor":7,"key":"Poison Potion"},{"floor":10,"key":"BloodPotion"}],"is_trial":false,"path_per_floor":["M","M","?","M","M","R","E","R","T","E","R","$","M","?","R","B"],"character_chosen":"IRONCLAD","items_purchased":["Bag of Marbles","Reaper"],"campfire_rested":2,"item_purchase_floors":[12,12],"current_hp_per_floor":[74,76,68,70,64,64,31,55,55,29,29,29,33,33,55,0],"gold":28,"neow_bonus":"TEN_PERCENT_HP_BONUS","is_prod":false,"is_daily":false,"chose_seed":false,"campfire_upgraded":2,"win_rate":0,"timestamp":1557007870,"path_taken":["M","?","?","M","M","R","E","R","T","E","R","$","M","?","R","BOSS"],"build_version":"2019-04-23","purchased_purges":1,"victory":false,"max_hp_per_floor":[82,82,82,82,82,82,82,82,82,82,82,82,82,74,74,74],"card_choices":[{"not_picked":["Clash","Headbutt"],"picked":"Battle Trance","floor":1},{"not_picked":["Second Wind","True Grit"],"picked":"Pommel Strike","floor":2},{"not_picked":["Corruption","Flex"],"picked":"Cleave","floor":4},{"not_picked":["Burning Pact","Barricade"],"picked":"Power Through","floor":5},{"not_picked":["Dual Wield","Body Slam"],"picked":"Juggernaut","floor":7},{"not_picked":["Flex","Bloodletting","Blood for Blood"],"picked":"SKIP","floor":10},{"not_picked":["Perfected Strike","Second Wind","Infernal Blade"],"picked":"SKIP","floor":13}],"player_experience":6131641,"relics_obtained":[{"floor":7,"key":"Paper Frog"},{"floor":9,"key":"Vajra"},{"floor":10,"key":"Juzu Bracelet"}],"event_choices":[{"damage_healed":0,"gold_gain":50,"player_choice":"Touch","damage_taken":8,"max_hp_gain":0,"max_hp_loss":0,"event_name":"FaceTrader","floor":3,"gold_loss":0},{"damage_healed":0,"gold_gain":0,"player_choice":"Lose Max HP","damage_taken":0,"relics_obtained":["Golden Idol"],"max_hp_gain":0,"max_hp_loss":8,"event_name":"Golden Idol","floor":14,"gold_loss":0}],"is_beta":true,"boss_relics":[],"items_purged_floors":[12],"is_endless":false,"potions_floor_spawned":[1,7,10],"killed_by":"Slime Boss","ascension_level":20}