{"gold_per_floor":[118,193,219,219,219,251,251,261,308,308,24,40,74,33,33,107,107,122,132,145,162,172,172,188,188,188,200,200,200,234,250,250,250],"floor_reached":33,"playtime":1710,"items_purged":[],"score":629,"play_id":"ce23aa7c-8833-4f6e-a941-00141e9755ba","local_time":"20190318151946","is_ascension_mode":true,"campfire_choices":[{"data":"Wild Strike","floor":7,"key":"SMITH"},{"data":"Disarm","floor":10,"key":"SMITH"},{"data":"Inflame","floor":15,"key":"SMITH"},{"floor":23,"key":"REST"},{"data":"Armaments","floor":28,"key":"SMITH"},{"data":"Demon Form","floor":32,"key":"SMITH"}],"neow_cost":"NONE","seed_source_timestamp":134745062581279,"circlet_count":0,"master_deck":["AscendersBane","Strike_R","Strike_R","Strike_R","Strike_R","Defend_R+1","Defend_R","Defend_R","Defend_R","Bash+1","Disarm+1","Wild Strike+1","Shockwave","Flame Barrier","Inflame+1","Feed","Armaments+1","Flame Barrier","Clothesline+1","Shrug It Off","Shrug It Off","Writhe","Warcry+1","Demon Form+1"],"relics":["Burning Blood","NeowsBlessing","Happy Flower","Strawberry","Orichalcum","Matryoshka","Bottled Lightning","Mark of Pain","Bag of Preparation","Pen Nib","Red Skull","Meat on the Bone","Ice Cream","Toxic Egg 2"],"potions_floor_usage":[13,16,16,16,20,22,27,31],"damage_taken":[{"damage":0,"enemies":"Small Slimes","floor":1,"turns":1},{"damage":0,"enemies":"Lagavulin","floor":6,"turns":1},{"damage":0,"enemies":"Jaw Worm","floor":8,"turns":1},{"damage":1,"enemies":"2 Louse","floor":12,"turns":3},{"damage":7,"enemies":"3 Sentries","floor":13,"turns":6},{"damage":58,"enemies":"Slime Boss","floor":16,"turns":13},{"damage":34,"enemies":"Spheric Guardian","floor":18,"turns":6},{"damage":2,"enemies":"3 Byrds","floor":19,"turns":6},{"damage":17,"enemies":"Shelled Parasite and Fungi","floor":20,"turns":9},{"damage":21,"enemies":"Snecko","floor":21,"turns":7},{"damage":26,"enemies":"Centurion and Healer","floor":22,"turns":8},{"damage":36,"enemies":"3 Cultists","floor":24,"turns":7},{"damage":0,"enemies":"Cultist and Chosen","floor":27,"turns":5},{"damage":17,"enemies":"Book of Stabbing","floor":30,"turns":6},{"damage":0,"enemies":"Centurion and Healer","floor":31,"turns":6},{"damage":58,"enemies":"Automaton","floor":33,"turns":8}],"seed_played":"-7884444736520630389","potions_obtained":[{"floor":6,"key":"Fire Potion"},{"floor":8,"key":"SpeedPotion"},{"floor":13,"key":"EntropicBrew"},{"floor":21,"key":"PowerPotion"},{"floor":24,"key":"Energy Potion"},{"floor":30,"key":"FearPotion"}],"is_trial":false,"path_per_floor":["M","?","T","?","?","E","R","M","T","R","$","M","E","$","R","B",null,"M","M","M","M","M","R","M","T","T","M","R","?","E","M","R","B"],"character_chosen":"IRONCLAD","items_purchased":["Matryoshka","Inflame"],"campfire_rested":1,"item_purchase_floors":[11,14],"current_hp_per_floor":[74,63,63,40,40,53,53,59,59,59,59,64,63,63,63,11,64,39,46,39,28,12,42,15,15,15,36,36,36,37,58,58,0],"gold":250,"neow_bonus":"THREE_ENEMY_KILL","is_prod":false,"is_daily":false,"chose_seed":false,"campfire_upgraded":5,"win_rate":0,"timestamp":1552936786,"path_taken":["M","?","?","?","?","E","R","?","T","R","?","M","E","$","R","BOSS","M","?","M","M","?","R","M","?","T","M","R","?","E","M","R","BOSS"],"build_version":"2019-01-23","purchased_purges":0,"victory":false,"max_hp_per_floor":[75,75,75,75,75,82,82,82,82,82,82,82,82,82,82,82,82,85,88,92,96,100,100,103,103,103,106,106,106,106,109,109,109],"card_choices":[{"not_picked":["Anger","Combust"],"picked":"Disarm","floor":1},{"not_picked":["Iron Wave","Intimidate"],"picked":"Wild Strike","floor":6},{"not_picked":["Havoc","Clash"],"picked":"Shockwave","floor":8},{"not_picked":["Flex","Wild Strike","Twin Strike"],"picked":"SKIP","floor":12},{"not_picked":["Entrench","Double Tap"],"picked":"Flame Barrier","floor":13},{"not_picked":["Impervious","Juggernaut"],"picked":"Feed","floor":16},{"not_picked":["Flex","Sever Soul"],"picked":"Armaments","floor":18},{"not_picked":["True Grit","Havoc+1"],"picked":"Flame Barrier","floor":19},{"not_picked":["Pommel Strike","Body Slam","Power Through"],"picked":"SKIP","floor":20},{"not_picked":["Metallicize","Shrug It Off"],"picked":"Clothesline+1","floor":21},{"not_picked":["Iron Wave","Headbutt","Clothesline"],"picked":"SKIP","floor":22},{"not_picked":["Twin Strike+1","Hemokinesis"],"picked":"Shrug It Off","floor":24},{"not_picked":["Armaments","True Grit"],"picked":"Shrug It Off","floor":27},{"not_picked":["Havoc","Burning Pact"],"picked":"Warcry","floor":30},{"not_picked":["Warcry+1","Infernal Blade+1"],"picked":"Demon Form","floor":31}],"player_experience":1215158,"relics_obtained":[{"floor":3,"key":"Happy Flower"},{"floor":6,"key":"Strawberry"},{"floor":9,"key":"Orichalcum"},{"floor":13,"key":"Bottled Lightning"},{"floor":25,"key":"Bag of Preparation"},{"floor":25,"key":"Pen Nib"},{"floor":26,"key":"Red Skull"},{"floor":26,"key":"Meat on the Bone"},{"floor":30,"key":"Toxic Egg 2"}],"event_choices":[{"damage_healed":0,"gold_gain":75,"player_choice":"Gather Gold","damage_taken":11,"max_hp_gain":0,"max_hp_loss":0,"event_name":"World of Goop","floor":2,"gold_loss":0},{"damage_healed":0,"gold_gain":0,"player_choice":"Entered Light","damage_taken":23,"max_hp_gain":0,"max_hp_loss":0,"event_name":"Shining Light","floor":4,"gold_loss":0,"cards_upgraded":["Bash","Defend_R"]},{"cards_removed":["Strike_R"],"damage_healed":0,"gold_gain":0,"player_choice":"Offered Basic","damage_taken":0,"max_hp_gain":0,"max_hp_loss":0,"event_name":"Bonfire Elementals","floor":5,"gold_loss":0},{"damage_healed":0,"gold_gain":0,"player_choice":"Opened","damage_taken":0,"relics_obtained":["Ice Cream"],"max_hp_gain":0,"max_hp_loss":0,"event_name":"The Mausoleum","floor":29,"gold_loss":0,"cards_obtained":["Writhe"]}],"is_beta":false,"boss_relics":[{"not_picked":["White Beast Statue","Runic Dome"],"picked":"Mark of Pain"}],"items_purged_floors":[],"is_endless":false,"potions_floor_spawned":[6,8,13,21,24,30],"killed_by":"Automaton","ascension_level":20}