{"gold_per_floor":[19,35,50,64,114,114,146,146,216,216,229,243,243,278,278,356,356,369,383,220,270,288,288,321,321,321,321,336,18,33,59,59,59],"floor_reached":33,"playtime":2716,"items_purged":["Strike_B"],"score":844,"play_id":"7918af2a-880c-49df-ae3d-f8c0e3a5e7ce","local_time":"20190509230615","is_ascension_mode":true,"campfire_choices":[{"data":"Buffer","floor":6,"key":"SMITH"},{"data":"Undo","floor":8,"key":"SMITH"},{"data":"Zap","floor":10,"key":"SMITH"},{"data":"Lockon","floor":15,"key":"SMITH"},{"data":"Buffer","floor":23,"key":"SMITH"},{"data":"1","floor":27,"key":"LIFT"},{"data":"2","floor":32,"key":"LIFT"}],"neow_cost":"NO_GOLD","seed_source_timestamp":1485153877398707,"circlet_count":0,"master_deck":["AscendersBane","Strike_B","Strike_B","Strike_B","Defend_B","Defend_B","Defend_B","Defend_B","Zap+1","Dualcast","Steam","Lockon+1","Ball Lightning","Buffer+1","Undo+1","Leap","Genetic Algorithm","Cold Snap","Darkness","Buffer+1","Sweeping Beam","Conserve Battery","Compile Driver","Loop","Static Discharge","Go for the Eyes","Hologram","Seek","Cold Snap","Defragment","Compile Driver","FTL","BootSequence"],"relics":["Cracked Core","Prayer Wheel","Bottled Tornado","GremlinMask","PreservedInsect","Velvet Choker","Incense Burner","Girya","Anchor","Bag of Preparation"],"potions_floor_usage":[19,24,33,33],"damage_taken":[{"damage":3,"enemies":"2 Louse","floor":1,"turns":2},{"damage":0,"enemies":"Cultist","floor":2,"turns":3},{"damage":1,"enemies":"Small Slimes","floor":3,"turns":3},{"damage":4,"enemies":"Red Slaver","floor":4,"turns":3},{"damage":0,"enemies":"Gremlin Nob","floor":7,"turns":4},{"damage":22,"enemies":"Lots of Slimes","floor":11,"turns":4},{"damage":0,"enemies":"3 Louse","floor":12,"turns":3},{"damage":0,"enemies":"Lagavulin","floor":14,"turns":8},{"damage":0,"enemies":"Slime Boss","floor":16,"turns":6},{"damage":2,"enemies":"3 Byrds","floor":18,"turns":7},{"damage":0,"enemies":"Chosen","floor":19,"turns":5},{"damage":13,"enemies":"Centurion and Healer","floor":22,"turns":6},{"damage":27,"enemies":"Gremlin Leader","floor":24,"turns":9},{"damage":0,"enemies":"Cultist and Chosen","floor":28,"turns":9},{"damage":7,"enemies":"Sentry and Sphere","floor":30,"turns":6},{"damage":0,"enemies":"Book of Stabbing","floor":31,"turns":7},{"damage":112,"enemies":"Collector","floor":33,"turns":12}],"seed_played":"-8339192714983285207","potions_obtained":[{"floor":2,"key":"GamblersBrew"},{"floor":4,"key":"GamblersBrew"},{"floor":11,"key":"Block Potion"},{"floor":16,"key":"Fire Potion"},{"floor":30,"key":"SmokeBomb"},{"floor":31,"key":"Poison Potion"}],"is_trial":false,"path_per_floor":["M","M","M","M","?","R","E","R","T","R","M","M","?","E","R","B",null,"M","M","$","?","M","R","E","?","T","R","M","$","M","E","R","B"],"character_chosen":"DEFECT","items_purchased":["Loop","Cold Snap","Defragment","PowerPotion","Anchor"],"campfire_rested":0,"item_purchase_floors":[20,29,29,29,29],"current_hp_per_floor":[75,75,74,70,70,70,70,70,70,70,48,48,48,48,48,48,76,74,74,74,74,61,61,34,85,85,85,85,85,78,78,78,0],"gold":59,"neow_bonus":"TWENTY_PERCENT_HP_BONUS","is_prod":false,"is_daily":false,"chose_seed":false,"campfire_upgraded":5,"win_rate":0,"timestamp":1557457575,"path_taken":["M","M","M","M","?","R","E","R","T","R","M","?","?","E","R","BOSS","M","?","$","?","M","R","E","?","T","R","?","?","M","E","R","BOSS"],"build_version":"2019-01-23","purchased_purges":1,"victory":false,"max_hp_per_floor":[85,85,85,85,85,85,85,85,85,85,85,85,85,85,85,85,85,85,85,85,85,85,85,85,85,85,85,85,85,85,85,85,85],"card_choices":[{"not_picked":["Stack","Leap"],"picked":"Steam","floor":1},{"not_picked":["Barrage","Gash"],"picked":"Lockon","floor":2},{"not_picked":["Streamline","Heatsinks"],"picked":"Ball Lightning","floor":3},{"not_picked":["Rebound","Reprogram"],"picked":"Buffer","floor":4},{"not_picked":["Sweeping Beam","Tempest"],"picked":"Undo","floor":7},{"not_picked":["White Noise","Hello World"],"picked":"Leap","floor":11},{"not_picked":["Ball Lightning","Leap"],"picked":"Genetic Algorithm","floor":11},{"not_picked":["Streamline","Conserve Battery"],"picked":"Cold Snap","floor":12},{"not_picked":["Rebound","Barrage","Chaos"],"picked":"SKIP","floor":12},{"not_picked":["Consume","White Noise"],"picked":"Darkness","floor":14},{"not_picked":["Creative AI","Rainbow"],"picked":"Buffer","floor":16},{"not_picked":["Recycle","Redo"],"picked":"Sweeping Beam","floor":18},{"not_picked":["Steam","Lockon"],"picked":"Conserve Battery","floor":18},{"not_picked":["Gash","Lockon"],"picked":"Compile Driver","floor":19},{"not_picked":["Consume","Ball Lightning","Turbo"],"picked":"SKIP","floor":19},{"not_picked":["Leap","Rebound"],"picked":"Static Discharge","floor":22},{"not_picked":["Self Repair","Recycle"],"picked":"Go for the Eyes","floor":22},{"not_picked":["Turbo","Undo"],"picked":"Hologram","floor":24},{"not_picked":["Chill","Gash"],"picked":"Seek","floor":28},{"not_picked":["Ball Lightning","Scrape","Coolheaded"],"picked":"SKIP","floor":28},{"not_picked":["Stack","Steam Power"],"picked":"Compile Driver","floor":30},{"not_picked":["Coolheaded","Rip and Tear"],"picked":"FTL","floor":30},{"not_picked":["Sweeping Beam","Conserve Battery"],"picked":"BootSequence","floor":31}],"player_experience":2528122,"relics_obtained":[{"floor":7,"key":"Prayer Wheel"},{"floor":9,"key":"Bottled Tornado"},{"floor":14,"key":"PreservedInsect"},{"floor":24,"key":"Incense Burner"},{"floor":26,"key":"Girya"},{"floor":31,"key":"Bag of Preparation"}],"event_choices":[{"damage_healed":0,"gold_gain":50,"player_choice":"Pray","damage_taken":0,"max_hp_gain":0,"max_hp_loss":0,"event_name":"Golden Shrine","floor":5,"gold_loss":0},{"damage_healed":0,"gold_gain":0,"player_choice":"Trade","damage_taken":0,"relics_obtained":["GremlinMask"],"max_hp_gain":0,"max_hp_loss":0,"event_name":"FaceTrader","floor":13,"gold_loss":0},{"damage_healed":0,"gold_gain":50,"player_choice":"Stole From Cult","damage_taken":0,"max_hp_gain":0,"max_hp_loss":0,"event_name":"Nest","floor":21,"gold_loss":0},{"damage_healed":51,"gold_gain":0,"player_choice":"Full Heal","damage_taken":0,"max_hp_gain":0,"max_hp_loss":0,"event_name":"Wheel of Change","floor":25,"gold_loss":0}],"is_beta":false,"boss_relics":[{"not_picked":["Empty Cage","Philosopher\u0027s Stone"],"picked":"Velvet Choker"}],"items_purged_floors":[20],"is_endless":false,"potions_floor_spawned":[2,4,11,14,16,18,30,31],"killed_by":"Collector","ascension_level":20}