{"path_per_floor":["M","?","?","M","$","E","R","T","T","R","M","E","M","M","R","B",null,"M","?","M","?","$","R","M","R","T","R","M","M","$","E","R","B",null,"M","M","M","$","?","R","?","T","T","$","M","R","T","M","R","B"],"character_chosen":"THE_SILENT","items_purchased":["Shuriken"],"gold_per_floor":[113,113,113,128,53,97,97,97,97,97,121,189,214,230,230,355,355,280,280,280,280,31,31,31,31,31,31,31,31,31,31,31,31,31,31,31,31,31,31,31,31,31,31,31,31,31,31,31,31,31],"floor_reached":51,"campfire_rested":0,"playtime":2933,"current_hp_per_floor":[60,70,53,47,47,35,35,35,35,35,35,22,21,21,21,17,57,55,55,54,54,54,54,52,52,52,52,40,40,40,37,37,11,55,55,49,42,42,42,42,61,61,61,61,60,60,60,60,60,23],"items_purged":["Strike_G"],"gold":31,"score":894,"play_id":"26bd7545-0ec2-4a4a-8460-5e0ca5b2810c","local_time":"20180311132625","is_prod":false,"is_daily":false,"is_ascension_mode":true,"campfire_upgraded":7,"timestamp":1520789185,"path_taken":["M","?","?","M","?","E","R","?","T","R","M","E","?","M","R","BOSS","M","?","M","?","$","R","?","R","T","R","M","M","?","E","R","BOSS","M","M","?","$","?","R","?","?","T","?","M","R","?","M","R","BOSS"],"build_version":"2018-03-09","purchased_purges":4,"victory":true,"master_deck":["Defend_G","Defend_G","Survivor","Neutralize+1","Bouncing Flask+1","Backflip+1","Malaise+1","Blade Dance+1","Cloak And Dagger+1","Venomology","Escape Plan","Storm of Steel+1","Heel Hook+1","Accuracy+1","Flechettes+1","Doppelganger+1","Blade Dance+1"],"max_hp_per_floor":[70,70,70,70,70,70,70,70,70,70,70,70,70,70,70,70,70,70,70,70,70,70,70,70,70,70,70,70,70,70,70,70,70,70,70,70,70,70,70,70,61,61,61,61,61,61,61,61,61,61],"relics":["Ring of the Snake","Golden Idol","Art of War","Torii","Peace Pipe","Tiny Chest","Ectoplasm","Bag of Marbles","Shuriken","Oddly Smooth Stone","Happy Flower","Astrolabe","Pen Nib","Vajra","Dream Catcher"],"card_choices":[{"not_picked":["Flechettes","Cloak And Dagger"],"picked":"Bouncing Flask"},{"not_picked":["PiercingWail","Reflex"],"picked":"Backflip"},{"not_picked":["Storm of Steel","Cloak And Dagger"],"picked":"Malaise"},{"not_picked":["Calculated Gamble","Night Terror"],"picked":"Blade Dance"},{"not_picked":["Doppelganger","Venomology"],"picked":"Tools of the Trade"},{"not_picked":["Slice","Well Laid Plans"],"picked":"Cloak And Dagger"},{"not_picked":["Backflip","Eviscerate"],"picked":"Venomology"},{"not_picked":["Outmaneuver","PiercingWail"],"picked":"Escape Plan"},{"not_picked":["Bullet Time","Phantasmal Killer"],"picked":"Storm of Steel"},{"not_picked":["Outmaneuver","Deadly Poison"],"picked":"Doppelganger"},{"not_picked":["Poisoned Stab","Acrobatics"],"picked":"Blade Dance"}],"player_experience":459466,"potions_floor_usage":[6,11,12,18,29,31,33,33,33,33,36,36,37,45,48,48,50,50,50,50],"damage_taken":[{"damage":3,"enemies":"Jaw Worm","floor":1,"turns":6},{"damage":6,"enemies":"Cultist","floor":4,"turns":4},{"damage":12,"enemies":"Lagavulin","floor":6,"turns":6},{"damage":0,"enemies":"2 Louse","floor":11,"turns":2},{"damage":13,"enemies":"3 Sentries","floor":12,"turns":8},{"damage":1,"enemies":"Looter","floor":13,"turns":3},{"damage":0,"enemies":"Blue Slaver","floor":14,"turns":3},{"damage":4,"enemies":"Hexaghost","floor":16,"turns":9},{"damage":2,"enemies":"2 Thieves","floor":18,"turns":5},{"damage":1,"enemies":"Shell Parasite","floor":20,"turns":6},{"damage":2,"enemies":"Snake Plant","floor":24,"turns":5},{"damage":12,"enemies":"Centurion and Healer","floor":28,"turns":6},{"damage":0,"enemies":"Snecko","floor":29,"turns":5},{"damage":3,"enemies":"Book of Stabbing","floor":31,"turns":6},{"damage":26,"enemies":"Champ","floor":33,"turns":10},{"damage":0,"enemies":"Orb Walker","floor":35,"turns":3},{"damage":6,"enemies":"3 Shapes","floor":36,"turns":5},{"damage":7,"enemies":"Sphere and 2 Shapes","floor":37,"turns":5},{"damage":1,"enemies":"Maw","floor":45,"turns":5},{"damage":0,"enemies":"4 Shapes","floor":48,"turns":3},{"damage":37,"enemies":"Awakened One","floor":50,"turns":6}],"event_choices":[{"event_name":"Wheel of Change","player_choice":"Full Heal","floor":2,"damage_taken":0},{"event_name":"Golden Idol","player_choice":"Take Damage","floor":3,"damage_taken":0},{"event_name":"Back to Basics","player_choice":"Elegance","floor":19,"damage_taken":0},{"event_name":"The Mausoleum","player_choice":"Yes","floor":21,"damage_taken":0},{"event_name":"The Moai Head","player_choice":"Heal","floor":41,"damage_taken":0}],"boss_relics":[{"not_picked":["Eternal Feather","Orrery"],"picked":"Ectoplasm"},{"not_picked":["Cursed Key","Black Star"],"picked":"Astrolabe"}],"potions_floor_spawned":[1,6,13,18,24,28,33,35,37,48],"seed_played":"-6939109345269952786","ascension_level":7,"is_trial":false}