{"gold_per_floor":[114,4,4,24,24,59,10,45,119,119,138,138,172,182,182,258,258,269,269,369,369,269,269,300,310,310,343,343,343,362,393,393,468,468,487,487,497,509,523,551,551,577,631,656,656,397,416,416,416,416,416,416,24,50,50],"floor_reached":56,"playtime":2323,"items_purged":["Strike_R","Strike_R","Strike_R+1"],"score":2241,"play_id":"1c588bfe-cb1e-476a-b09c-f8fa25c86d6c","local_time":"20190330001442","is_ascension_mode":true,"campfire_choices":[{"data":"Uppercut","floor":10,"key":"SMITH"},{"data":"Disarm","floor":12,"key":"SMITH"},{"data":"Carnage","floor":15,"key":"SMITH"},{"floor":23,"key":"REST"},{"data":"True Grit","floor":28,"key":"SMITH"},{"data":"Juggernaut","floor":32,"key":"SMITH"},{"floor":41,"key":"RECALL"},{"data":"Bash","floor":49,"key":"PURGE"},{"data":"Demon Form","floor":52,"key":"SMITH"}],"neow_cost":"NONE","seed_source_timestamp":1427747310831827,"circlet_count":0,"master_deck":["AscendersBane","Defend_R+1","Defend_R+1","Defend_R","Defend_R+1","Disarm+1","Carnage+1","Headbutt","Uppercut+1","Evolve","Juggernaut+1","Shrug It Off","True Grit+1","Shockwave","Reaper","Power Through+1","Shockwave+1","Demon Form+1","Armaments+1","True Grit+1","True Grit+1","Barricade","Sword Boomerang","Heavy Blade","Corruption"],"relics":["Burning Blood","NeowsBlessing","Anchor","Bronze Scales","Question Card","War Paint","Snecko Eye","Ginger","Paper Frog","Bag of Marbles","Dodecahedron","Omamori","Toxic Egg 2","Smiling Mask","Busted Crown","Ornamental Fan","Peace Pipe","Singing Bowl","Pen Nib","Ice Cream","Orichalcum"],"potions_floor_usage":[16,20,24,33,40,40,44,55,55],"damage_taken":[{"damage":0,"enemies":"Cultist","floor":1,"turns":1},{"damage":0,"enemies":"Small Slimes","floor":4,"turns":1},{"damage":0,"enemies":"Lagavulin","floor":6,"turns":1},{"damage":17,"enemies":"3 Sentries","floor":8,"turns":11},{"damage":0,"enemies":"Jaw Worm","floor":11,"turns":2},{"damage":14,"enemies":"Gremlin Nob","floor":13,"turns":4},{"damage":1,"enemies":"Looter","floor":14,"turns":3},{"damage":0,"enemies":"The Guardian","floor":16,"turns":10},{"damage":0,"enemies":"3 Byrds","floor":18,"turns":3},{"damage":23,"enemies":"Colosseum Slavers","floor":20,"turns":4},{"damage":21,"enemies":"Colosseum Nobs","floor":20,"turns":7},{"damage":7,"enemies":"Slavers","floor":24,"turns":4},{"damage":0,"enemies":"2 Thieves","floor":25,"turns":2},{"damage":0,"enemies":"Book of Stabbing","floor":27,"turns":6},{"damage":12,"enemies":"Shelled Parasite and Fungi","floor":30,"turns":6},{"damage":3,"enemies":"Slavers","floor":31,"turns":4},{"damage":93,"enemies":"Collector","floor":33,"turns":14},{"damage":0,"enemies":"3 Shapes","floor":35,"turns":3},{"damage":0,"enemies":"3 Darklings","floor":37,"turns":4},{"damage":0,"enemies":"4 Shapes","floor":38,"turns":6},{"damage":12,"enemies":"Sphere and 2 Shapes","floor":39,"turns":6},{"damage":27,"enemies":"Giant Head","floor":40,"turns":9},{"damage":10,"enemies":"Nemesis","floor":42,"turns":9},{"damage":20,"enemies":"Reptomancer","floor":44,"turns":7},{"damage":6,"enemies":"Writhing Mass","floor":47,"turns":6},{"damage":17,"enemies":"Awakened One","floor":50,"turns":10},{"damage":25,"enemies":"Shield and Spear","floor":54,"turns":6},{"damage":28,"enemies":"The Heart","floor":55,"turns":9}],"seed_played":"6359501418194434369","potions_obtained":[{"floor":8,"key":"PowerPotion"},{"floor":13,"key":"LiquidBronze"},{"floor":16,"key":"SkillPotion"},{"floor":21,"key":"Weak Potion"},{"floor":21,"key":"Regen Potion"},{"floor":25,"key":"Regen Potion"},{"floor":27,"key":"Fire Potion"},{"floor":37,"key":"EntropicBrew"},{"floor":42,"key":"PowerPotion"}],"is_trial":false,"path_per_floor":["M","$","?","M","?","E","$","E","T","R","M","R","E","M","R","B",null,"M","?","?","?","$","R","E","M","T","E","R","?","M","E","R","B",null,"M","?","M","M","M","E","R","E","T","E","?","$","M","?","R","B",null,"R","$","E","B",null],"character_chosen":"IRONCLAD","items_purchased":["Carnage","Headbutt","Pen Nib","Swift Potion","Corruption","Ice Cream"],"campfire_rested":1,"item_purchase_floors":[2,7,46,46,53,53],"current_hp_per_floor":[74,74,51,57,50,56,56,45,45,45,51,51,43,48,48,54,70,75,75,43,43,43,65,75,75,75,75,75,75,75,75,75,12,59,75,75,75,75,75,63,63,66,66,77,76,76,76,76,76,81,81,81,81,83,61],"gold":50,"neow_bonus":"THREE_ENEMY_KILL","is_prod":false,"is_daily":false,"chose_seed":false,"campfire_upgraded":6,"win_rate":0,"timestamp":1553919282,"path_taken":["M","$","?","M","?","E","$","E","T","R","M","R","E","M","R","BOSS","M","?","?","?","$","R","E","?","T","E","R","?","M","E","R","BOSS","M","?","M","M","M","E","R","E","T","E","?","$","M","?","R","BOSS","R","$","E","BOSS"],"build_version":"2019-03-15","purchased_purges":3,"victory":true,"max_hp_per_floor":[75,75,75,75,75,75,75,75,75,75,75,75,75,75,75,75,75,75,75,75,75,75,75,75,75,75,75,75,75,75,75,75,75,75,75,75,75,75,75,75,75,75,75,77,81,81,81,81,81,81,81,81,81,83,83],"card_choices":[{"not_picked":["Clash","Flex"],"picked":"Disarm","floor":1},{"not_picked":["Dual Wield","Wild Strike","Rampage"],"picked":"SKIP","floor":4},{"not_picked":["Dual Wield","Infernal Blade","Thunderclap"],"picked":"SKIP","floor":6},{"not_picked":["Shrug It Off","Sever Soul"],"picked":"Uppercut","floor":8},{"not_picked":["Clothesline","Wild Strike","Clash","Intimidate"],"picked":"SKIP","floor":11},{"not_picked":["Reckless Charge","Thunderclap","Uppercut"],"picked":"Evolve","floor":13},{"not_picked":["Twin Strike","Flex","Armaments","Hemokinesis"],"picked":"SKIP","floor":14},{"not_picked":["Berserk","Impervious","Bludgeon"],"picked":"Juggernaut","floor":16},{"not_picked":["Clash","Flex+1","Sever Soul","Wild Strike"],"picked":"SKIP","floor":18},{"not_picked":["Berserk","Perfected Strike","Thunderclap"],"picked":"True Grit","floor":24},{"not_picked":["Metallicize","Body Slam","Spot Weakness"],"picked":"Shockwave","floor":25},{"not_picked":["Perfected Strike","Spot Weakness","Rupture"],"picked":"Reaper","floor":27},{"not_picked":["Twin Strike","Wild Strike","True Grit+1"],"picked":"Power Through+1","floor":30},{"not_picked":["Cleave","Carnage","Brutality"],"picked":"Shockwave+1","floor":31},{"not_picked":["Juggernaut","Impervious+1","Dark Embrace"],"picked":"Demon Form","floor":33},{"not_picked":["Sword Boomerang"],"picked":"Armaments+1","floor":35},{"not_picked":["Warcry+1"],"picked":"True Grit+1","floor":37},{"not_picked":["Shockwave+1","Body Slam"],"picked":"SKIP","floor":38},{"not_picked":["Carnage+1"],"picked":"True Grit+1","floor":39},{"not_picked":["Heavy Blade"],"picked":"Barricade","floor":40},{"not_picked":["Clothesline"],"picked":"Sword Boomerang","floor":42},{"not_picked":["True Grit+1","Wild Strike"],"picked":"Singing Bowl","floor":44},{"not_picked":["Blind+1","Impatience+1"],"picked":"Singing Bowl","floor":45},{"not_picked":["Madness+1","Jack Of All Trades+1"],"picked":"Singing Bowl","floor":45},{"not_picked":["Juggernaut"],"picked":"Heavy Blade","floor":47},{"not_picked":["Heavy Blade+1","Warcry+1"],"picked":"Singing Bowl","floor":54}],"player_experience":2313561,"relics_obtained":[{"floor":6,"key":"Anchor"},{"floor":8,"key":"Bronze Scales"},{"floor":9,"key":"Question Card"},{"floor":13,"key":"War Paint"},{"floor":20,"key":"Ginger"},{"floor":20,"key":"Paper Frog"},{"floor":24,"key":"Bag of Marbles"},{"floor":26,"key":"Dodecahedron"},{"floor":27,"key":"Omamori"},{"floor":31,"key":"Smiling Mask"},{"floor":40,"key":"Ornamental Fan"},{"floor":42,"key":"Peace Pipe"},{"floor":44,"key":"Singing Bowl"},{"floor":54,"key":"Orichalcum"}],"event_choices":[{"damage_healed":0,"gold_gain":0,"player_choice":"Entered Light","damage_taken":23,"max_hp_gain":0,"max_hp_loss":0,"event_name":"Shining Light","floor":3,"gold_loss":0,"cards_upgraded":["Strike_R","Defend_R"]},{"cards_removed":["Strike_R"],"damage_healed":0,"gold_gain":0,"player_choice":"Card Removal","damage_taken":7,"max_hp_gain":0,"max_hp_loss":0,"event_name":"Golden Wing","floor":5,"gold_loss":0},{"damage_healed":0,"gold_gain":0,"player_choice":"Read","damage_taken":0,"max_hp_gain":0,"max_hp_loss":0,"event_name":"The Library","floor":19,"gold_loss":0,"cards_obtained":["Shrug It Off"]},{"damage_healed":0,"gold_gain":0,"player_choice":"Fight","damage_taken":0,"max_hp_gain":0,"max_hp_loss":0,"event_name":"Colosseum","floor":20,"gold_loss":0},{"damage_healed":0,"gold_gain":0,"player_choice":"Fought Nobs","damage_taken":0,"max_hp_gain":0,"max_hp_loss":0,"event_name":"Colosseum","floor":20,"gold_loss":0},{"damage_healed":0,"gold_gain":0,"player_choice":"Got Potions","damage_taken":0,"max_hp_gain":0,"max_hp_loss":0,"event_name":"Lab","floor":21,"gold_loss":0},{"damage_healed":0,"gold_gain":0,"player_choice":"Opened","damage_taken":0,"relics_obtained":["Toxic Egg 2"],"max_hp_gain":0,"max_hp_loss":0,"event_name":"The Mausoleum","floor":29,"gold_loss":0,"cards_obtained":["Writhe"]},{"cards_removed":["Strike_R"],"damage_healed":0,"gold_gain":0,"player_choice":"Removed Attack","damage_taken":0,"max_hp_gain":0,"max_hp_loss":0,"event_name":"Falling","floor":36,"gold_loss":0},{"damage_healed":0,"gold_gain":0,"player_choice":"Memory 2","damage_taken":5,"max_hp_gain":0,"max_hp_loss":0,"event_name":"SensoryStone","floor":45,"gold_loss":0},{"damage_healed":0,"gold_gain":0,"player_choice":"Ignored","damage_taken":0,"max_hp_gain":0,"max_hp_loss":0,"event_name":"SecretPortal","floor":48,"gold_loss":0}],"is_beta":true,"boss_relics":[{"not_picked":["Runic Cube","Astrolabe"],"picked":"Snecko Eye"},{"not_picked":["Sozu","Runic Dome"],"picked":"Busted Crown"}],"items_purged_floors":[2,22,46],"is_endless":false,"potions_floor_spawned":[8,13,14,16,25,27,30,37,38,40,42,54],"ascension_level":15}