{"gold_per_floor":[115,115,115,139,155,198,198,91,91,91,115,115,136,149,149,245,245,259,259,279,303,4,4,19,19,94,125,125,125],"floor_reached":29,"playtime":1294,"items_purged":[],"score":515,"play_id":"ccd59a0b-f4a6-4471-921b-9bf5003d4bd0","local_time":"20190503210206","is_ascension_mode":true,"campfire_choices":[{"data":"Neutralize","floor":7,"key":"SMITH"},{"data":"Dagger Spray","floor":10,"key":"SMITH"},{"data":"Deadly Poison","floor":15,"key":"SMITH"},{"floor":23,"key":"REST"},{"floor":25,"key":"REST"}],"neow_cost":"NONE","seed_source_timestamp":960647335165339,"circlet_count":0,"master_deck":["AscendersBane","Defend_G","Defend_G","Defend_G","Defend_G","Defend_G+1","Survivor+1","Neutralize+1","Dagger Spray+1","Poisoned Stab","Deadly Poison+1","Dagger Throw","Cloak And Dagger","Poisoned Stab","Corpse Explosion","Dash","Distraction+1","Dodge and Roll","Noxious Fumes","Poisoned Stab+1","Backflip","Bite","Bite","Bite","Bite","Bite"],"relics":["Ring of the Snake","NeowsBlessing","Golden Idol","Anchor","Mummified Hand","Fusion Hammer","OrangePellets","Bottled Flame","Meat on the Bone"],"potions_floor_usage":[6,16,21,27,29],"damage_taken":[{"damage":0,"enemies":"Cultist","floor":1,"turns":1},{"damage":0,"enemies":"2 Louse","floor":4,"turns":1},{"damage":0,"enemies":"Jaw Worm","floor":5,"turns":1},{"damage":34,"enemies":"3 Sentries","floor":6,"turns":15},{"damage":0,"enemies":"Lots of Slimes","floor":11,"turns":1},{"damage":7,"enemies":"3 Louse","floor":13,"turns":3},{"damage":0,"enemies":"Red Slaver","floor":14,"turns":3},{"damage":49,"enemies":"Slime Boss","floor":16,"turns":11},{"damage":2,"enemies":"Spheric Guardian","floor":18,"turns":4},{"damage":3,"enemies":"Chosen","floor":20,"turns":4},{"damage":20,"enemies":"Sentry and Sphere","floor":21,"turns":8},{"damage":0,"enemies":"3 Cultists","floor":24,"turns":3},{"damage":40,"enemies":"Book of Stabbing","floor":27,"turns":5},{"damage":29,"enemies":"Slavers","floor":29,"turns":3}],"seed_played":"3980986406696480385","potions_obtained":[{"floor":1,"key":"Fire Potion"},{"floor":13,"key":"SpeedPotion"},{"floor":18,"key":"SteroidPotion"},{"floor":19,"key":"EssenceOfSteel"},{"floor":27,"key":"EssenceOfSteel"}],"is_trial":false,"path_per_floor":["M","?","?","M","M","E","R","$","T","R","M","?","M","M","R","B",null,"M","?","M","M","$","R","M","R","T","E","?","E"],"character_chosen":"THE_SILENT","items_purchased":["Deadly Poison","AttackPotion","Noxious Fumes","OrangePellets"],"campfire_rested":2,"item_purchase_floors":[8,8,22,22],"current_hp_per_floor":[59,39,39,39,39,5,5,5,5,5,5,60,53,53,53,4,46,44,44,41,21,21,39,39,57,57,17,17,0],"gold":125,"neow_bonus":"THREE_ENEMY_KILL","is_prod":false,"is_daily":false,"chose_seed":false,"campfire_upgraded":3,"win_rate":0,"timestamp":1556931726,"path_taken":["M","?","?","?","?","E","R","$","T","R","M","?","M","M","R","BOSS","M","?","?","M","?","R","M","R","T","E","?","E"],"build_version":"2019-01-23","purchased_purges":0,"victory":false,"max_hp_per_floor":[66,66,60,60,60,60,60,60,60,60,60,60,60,60,60,60,60,60,60,60,60,60,60,60,60,60,60,42,42],"card_choices":[{"not_picked":["All Out Attack","Deflect","Slice"],"picked":"SKIP","floor":1},{"not_picked":["Sucker Punch","Escape Plan"],"picked":"Dagger Spray","floor":4},{"not_picked":["Choke","Tactician"],"picked":"Poisoned Stab","floor":5},{"not_picked":["Dodge and Roll","Dagger Spray"],"picked":"Dash","floor":6},{"not_picked":["Slice","Prepared","Dagger Throw"],"picked":"SKIP","floor":11},{"not_picked":["Slice","Prepared"],"picked":"Dagger Throw","floor":11},{"not_picked":["Flying Knee","Blade Dance"],"picked":"Cloak And Dagger","floor":13},{"not_picked":["Underhanded Strike","Dagger Throw"],"picked":"Poisoned Stab","floor":14},{"not_picked":["Phantasmal Killer","Tools of the Trade"],"picked":"Corpse Explosion","floor":16},{"not_picked":["Deflect","Slice"],"picked":"Dash","floor":18},{"not_picked":["Dagger Spray","Prepared"],"picked":"Distraction+1","floor":20},{"not_picked":["Blur","Sucker Punch"],"picked":"Dodge and Roll","floor":21},{"not_picked":["Phantasmal Killer","Deadly Poison"],"picked":"Poisoned Stab+1","floor":24},{"not_picked":["Poisoned Stab","Eviscerate"],"picked":"Backflip","floor":27}],"player_experience":2314651,"relics_obtained":[{"floor":6,"key":"Anchor"},{"floor":9,"key":"Mummified Hand"},{"floor":26,"key":"Bottled Flame"},{"floor":27,"key":"Meat on the Bone"}],"event_choices":[{"damage_healed":0,"gold_gain":0,"player_choice":"Entered Light","damage_taken":20,"max_hp_gain":0,"max_hp_loss":0,"event_name":"Shining Light","floor":2,"gold_loss":0,"cards_upgraded":["Defend_G","Survivor"]},{"damage_healed":0,"gold_gain":0,"player_choice":"Lose Max HP","damage_taken":0,"relics_obtained":["Golden Idol"],"max_hp_gain":0,"max_hp_loss":6,"event_name":"Golden Idol","floor":3,"gold_loss":0},{"cards_removed":["Dash"],"damage_healed":55,"gold_gain":0,"player_choice":"Offered Uncommon","damage_taken":0,"max_hp_gain":0,"max_hp_loss":0,"event_name":"Bonfire Elementals","floor":12,"gold_loss":0},{"damage_healed":0,"gold_gain":0,"player_choice":"Got Potions","damage_taken":0,"max_hp_gain":0,"max_hp_loss":0,"event_name":"Lab","floor":19,"gold_loss":0},{"damage_healed":0,"gold_gain":0,"player_choice":"Became a vampire","damage_taken":0,"max_hp_gain":0,"max_hp_loss":18,"event_name":"Vampires","floor":28,"gold_loss":0,"cards_obtained":["Bite","Bite","Bite","Bite","Bite"]}],"is_beta":false,"boss_relics":[{"not_picked":["WristBlade","HoveringKite"],"picked":"Fusion Hammer"}],"items_purged_floors":[],"is_endless":false,"potions_floor_spawned":[1,13,18,27],"killed_by":"Slavers","ascension_level":20}