{"gold_per_floor":[115,265,265,53,67,67,99,112,112,130,165,6,17,50,50,124,124,124,49,49,0,0,0,0,0,0,0,0,0,0,0,0,0],"floor_reached":33,"playtime":1651,"items_purged":["Strike_G"],"score":624,"play_id":"b9bd089f-3122-4033-8e14-5eee4b66ce35","local_time":"20190305130509","is_ascension_mode":true,"campfire_choices":[{"data":"Neutralize","floor":6.0,"key":"SMITH"},{"data":"Caltrops","floor":15.0,"key":"SMITH"},{"data":"Malaise","floor":23.0,"key":"SMITH"},{"data":"Noxious Fumes","floor":27,"key":"SMITH"},{"floor":30,"key":"REST"},{"floor":32,"key":"REST"}],"neow_cost":"NONE","seed_source_timestamp":0,"circlet_count":0,"master_deck":["AscendersBane","Defend_G","Defend_G","Defend_G","Defend_G","Defend_G","Strike_G","Strike_G","Strike_G","Strike_G","Survivor","Neutralize+1","Deadly Poison","Well Laid Plans","Cloak And Dagger","Sucker Punch","Caltrops+1","Adrenaline","Dash","Die Die Die","Malaise+1","Cloak And Dagger","Backstab","Dodge and Roll","Noxious Fumes+1"],"special_seed":0,"relics":["Ring of the Snake","NeowsBlessing","Sling","Mercury Hourglass","Bag of Preparation","Snake Skull","StoneCalendar","Ectoplasm","Bottled Flame"],"potions_floor_usage":[33,33],"damage_taken":[{"damage":0.0,"enemies":"Cultist","floor":1.0,"turns":1.0},{"damage":0.0,"enemies":"2 Louse","floor":5.0,"turns":1.0},{"damage":0.0,"enemies":"Lagavulin","floor":7.0,"turns":1.0},{"damage":2.0,"enemies":"Jaw Worm","floor":8.0,"turns":4.0},{"damage":1.0,"enemies":"Red Slaver","floor":10.0,"turns":3.0},{"damage":6.0,"enemies":"Gremlin Nob","floor":11.0,"turns":3.0},{"damage":0.0,"enemies":"Looter","floor":13.0,"turns":3.0},{"damage":19.0,"enemies":"Lagavulin","floor":14.0,"turns":5.0},{"damage":2.0,"enemies":"Hexaghost","floor":16.0,"turns":8.0},{"damage":0.0,"enemies":"Chosen","floor":18.0,"turns":7.0},{"damage":9.0,"enemies":"Colosseum Slavers","floor":20.0,"turns":3.0},{"damage":12.0,"enemies":"2 Thieves","floor":21.0,"turns":4.0},{"damage":0.0,"enemies":"Snake Plant","floor":22.0,"turns":5.0},{"damage":14.0,"enemies":"Slavers","floor":24.0,"turns":6.0},{"damage":10,"enemies":"Sentry and Sphere","floor":25,"turns":7},{"damage":12,"enemies":"Shelled Parasite and Fungi","floor":29,"turns":6},{"damage":7,"enemies":"Centurion and Healer","floor":31,"turns":7},{"damage":50,"enemies":"Collector","floor":33,"turns":9}],"seed_played":"3831029528597253221","potions_obtained":[{"floor":1.0,"key":"Dexterity Potion"},{"floor":5.0,"key":"SteroidPotion"},{"floor":8.0,"key":"AttackPotion"},{"floor":14.0,"key":"LiquidBronze"},{"floor":16.0,"key":"Dexterity Potion"},{"floor":22.0,"key":"Regen Potion"},{"floor":24.0,"key":"GhostInAJar"}],"is_trial":false,"path_per_floor":["M","?","?","$","M","R","E","M","T","M","E","$","M","E","R","B",null,"M","$","?","M","M","R","E","M","T","R","?","M","R","M","R","B"],"character_chosen":"THE_SILENT","items_purchased":["Sling","Adrenaline","Dash"],"campfire_rested":2,"item_purchase_floors":[4,12,12],"current_hp_per_floor":[59,59,52,52,52,52,52,50,50,49,43,43,43,24,24,22,55,55,55,46,34,34,34,35,25,25,25,25,13,32,25,44,0],"gold":0,"neow_bonus":"THREE_ENEMY_KILL","is_prod":false,"is_daily":false,"chose_seed":false,"campfire_upgraded":4,"win_rate":0,"timestamp":1551816309,"path_taken":["M","?","?","?","M","R","E","M","T","M","E","$","?","E","R","BOSS","M","$","?","M","M","R","E","M","T","R","?","M","R","M","R","BOSS"],"build_version":"2019-02-06","purchased_purges":1,"victory":false,"max_hp_per_floor":[66,66,66,66,66,66,66,66,66,66,66,66,66,66,66,66,66,66,66,66,66,66,66,66,66,66,66,66,66,66,66,66,66],"card_choices":[{"not_picked":["Finisher","Outmaneuver"],"picked":"Deadly Poison","floor":1.0},{"not_picked":["Deadly Poison","Terror"],"picked":"Well Laid Plans","floor":5.0},{"not_picked":["Backflip","Dagger Throw"],"picked":"Cloak And Dagger","floor":7.0},{"not_picked":["Bouncing Flask","Prepared"],"picked":"Sucker Punch","floor":8.0},{"not_picked":["Dodge and Roll","Slice"],"picked":"Caltrops","floor":10.0},{"not_picked":["Riddle With Holes","Distraction","Flying Knee"],"picked":"SKIP","floor":11.0},{"not_picked":["Sucker Punch","Concentrate","Flying Knee"],"picked":"SKIP","floor":13.0},{"not_picked":["Outmaneuver","Cloak And Dagger"],"picked":"Die Die Die","floor":14.0},{"not_picked":["Night Terror","A Thousand Cuts"],"picked":"Malaise","floor":16.0},{"not_picked":["Bane","Dagger Spray","Heel Hook"],"picked":"SKIP","floor":18.0},{"not_picked":["Poisoned Stab","All Out Attack"],"picked":"Cloak And Dagger","floor":21.0},{"not_picked":["Bouncing Flask","All Out Attack"],"picked":"Backstab","floor":22.0},{"not_picked":["Infinite Blades","Blade Dance"],"picked":"Dodge and Roll","floor":24.0},{"not_picked":["Backstab","Blur"],"picked":"Noxious Fumes","floor":25},{"not_picked":["Concentrate+1","Bane","Distraction"],"picked":"SKIP","floor":29},{"not_picked":["Dagger Throw","Dagger Spray","Outmaneuver"],"picked":"SKIP","floor":31}],"player_experience":1154891,"relics_obtained":[{"floor":7.0,"key":"Mercury Hourglass"},{"floor":9.0,"key":"Bag of Preparation"},{"floor":11.0,"key":"Snake Skull"},{"floor":14.0,"key":"StoneCalendar"},{"floor":24.0,"key":"Bottled Flame"}],"event_choices":[{"damage_healed":0.0,"max_hp_gain":0.0,"max_hp_loss":0.0,"gold_gain":150.0,"event_name":"Liars Game","player_choice":"AGREE","floor":2.0,"gold_loss":0.0,"damage_taken":0.0,"cards_obtained":["Doubt"]},{"cards_removed":["Doubt"],"damage_healed":0.0,"max_hp_gain":0.0,"max_hp_loss":0.0,"gold_gain":0.0,"event_name":"Golden Wing","player_choice":"Card Removal","floor":3.0,"gold_loss":0.0,"damage_taken":7.0},{"damage_healed":0.0,"max_hp_gain":0.0,"max_hp_loss":0.0,"gold_gain":0.0,"event_name":"Colosseum","player_choice":"Fight","floor":20.0,"gold_loss":0.0,"damage_taken":0.0},{"damage_healed":0.0,"max_hp_gain":0.0,"max_hp_loss":0.0,"gold_gain":0.0,"event_name":"Colosseum","player_choice":"Fled From Nobs","floor":20.0,"gold_loss":0.0,"damage_taken":0.0}],"is_beta":true,"boss_relics":[{"not_picked":["White Beast Statue","Eternal Feather"],"picked":"Ectoplasm"}],"items_purged_floors":[19],"is_endless":false,"potions_floor_spawned":[1,5,8,14,16,21,22,24],"killed_by":"Collector","ascension_level":20}