{"gold_per_floor":[115,41,41,57,74,100,100,76,145,158,158,169,169,188,188,293,293,311,311,328,74,74,106,106,120,120,148,148,162,162,180,180,284,284,304,13,13,13,113,113,113,148,148,176,186,186,34,62,62,62,62,62,10,37,37],"floor_reached":55,"playtime":4698,"items_purged":["Defend_B"],"score":1045,"play_id":"c1ea7270-a19f-4961-bc0a-93868d2e6bb6","local_time":"20190426201311","is_ascension_mode":true,"campfire_choices":[{"data":"Zap","floor":7,"key":"SMITH"},{"data":"Dualcast","floor":11,"key":"SMITH"},{"data":"Barrage","floor":13,"key":"SMITH"},{"data":"Seek","floor":15,"key":"SMITH"},{"floor":24,"key":"REST"},{"floor":28,"key":"RECALL"},{"floor":30,"key":"REST"},{"floor":32,"key":"REST"},{"floor":40,"key":"REST"},{"floor":46,"key":"REST"},{"floor":49,"key":"REST"},{"floor":52,"key":"REST"}],"neow_cost":"NONE","seed_source_timestamp":1300922817327416,"circlet_count":0,"master_deck":["Strike_B","Strike_B","Strike_B","Defend_B","Defend_B","Defend_B","Zap+1","Dualcast+1","Glacier","Cold Snap","Coolheaded","Ball Lightning+1","Barrage+1","Doom and Gloom+1","Defragment","Seek+1","Echo Form","Conserve Battery","RitualDagger","Cold Snap+1","Mayhem+1","Defragment","Coolheaded","Skim+1","Go for the Eyes+1","Creative AI","Hologram+1","Capacitor","Jack Of All Trades","Rebound","Chaos+1","Hologram+1","Undo","Defragment","Loop+1"],"relics":["Cracked Core","NeowsBlessing","Omamori","Pantograph","Fusion Hammer","Orichalcum","DataDisk","Bronze Scales","Snecko Eye","Matryoshka","WingedGreaves","PreservedInsect","Sundial","Kunai","Oddly Smooth Stone","Whetstone"],"potions_floor_usage":[16,44,45,48,50,50,54,55],"damage_taken":[{"damage":0,"enemies":"2 Louse","floor":1,"turns":1},{"damage":0,"enemies":"Cultist","floor":4,"turns":1},{"damage":0,"enemies":"Jaw Worm","floor":5,"turns":1},{"damage":23,"enemies":"3 Sentries","floor":6,"turns":9},{"damage":0,"enemies":"Looter","floor":10,"turns":2},{"damage":5,"enemies":"Large Slime","floor":12,"turns":4},{"damage":14,"enemies":"Red Slaver","floor":14,"turns":2},{"damage":0,"enemies":"Slime Boss","floor":16,"turns":8},{"damage":1,"enemies":"Shell Parasite","floor":18,"turns":5},{"damage":0,"enemies":"Chosen","floor":20,"turns":4},{"damage":22,"enemies":"Book of Stabbing","floor":23,"turns":6},{"damage":2,"enemies":"Snake Plant","floor":25,"turns":5},{"damage":7,"enemies":"Gremlin Leader","floor":27,"turns":8},{"damage":3,"enemies":"Snecko","floor":29,"turns":4},{"damage":3,"enemies":"Sentry and Sphere","floor":31,"turns":6},{"damage":35,"enemies":"Automaton","floor":33,"turns":9},{"damage":4,"enemies":"Orb Walker","floor":35,"turns":4},{"damage":0,"enemies":"Mind Bloom Boss Battle","floor":39,"turns":5},{"damage":0,"enemies":"Nemesis","floor":42,"turns":7},{"damage":16,"enemies":"Reptomancer","floor":44,"turns":6},{"damage":31,"enemies":"3 Darklings","floor":45,"turns":5},{"damage":4,"enemies":"Giant Head","floor":48,"turns":8},{"damage":56,"enemies":"Time Eater","floor":50,"turns":14},{"damage":67,"enemies":"Shield and Spear","floor":54,"turns":6},{"damage":73,"enemies":"The Heart","floor":55,"turns":3}],"seed_played":"-8197209338604970809","potions_obtained":[{"floor":1,"key":"Ancient Potion"},{"floor":12,"key":"GamblersBrew"},{"floor":14,"key":"SkillPotion"},{"floor":16,"key":"GamblersBrew"},{"floor":20,"key":"Fire Potion"},{"floor":23,"key":"EssenceOfSteel"},{"floor":44,"key":"Poison Potion"},{"floor":45,"key":"PowerPotion"},{"floor":54,"key":"Regen Potion"}],"is_trial":false,"path_per_floor":["M","$","?","M","M","E","R","?","T","M","R","M","R","M","R","B",null,"M","?","M","$","?","E","R","M","T","E","R","M","R","M","R","B",null,"M","$","?","?","?","R","?","E","T","E","M","R","$","E","R","B",null,"R","$","E","B"],"character_chosen":"DEFECT","items_purchased":["Cold Snap","Coolheaded","Mayhem","Defragment","Matryoshka","Capacitor","Defragment","SkillPotion"],"campfire_rested":7,"item_purchase_floors":[2,2,21,21,36,36,47,53],"current_hp_per_floor":[75,75,75,75,75,52,52,52,52,52,52,47,47,33,33,58,71,70,64,64,64,64,42,64,62,62,55,55,52,74,71,75,40,66,62,62,62,62,71,71,71,71,71,55,24,45,45,41,62,15,57,71,71,4,0],"gold":37,"neow_bonus":"THREE_ENEMY_KILL","is_prod":false,"is_daily":false,"chose_seed":false,"campfire_upgraded":4,"win_rate":0,"timestamp":1556305991,"path_taken":["M","$","?","?","M","E","R","?","T","M","R","M","R","M","R","BOSS","M","?","M","$","?","E","R","M","T","E","R","?","R","M","R","BOSS","M","?","?","?","?","R","?","E","T","E","?","R","$","E","R","BOSS","R","$","E","BOSS"],"build_version":"2019-01-23","purchased_purges":1,"victory":false,"max_hp_per_floor":[75,75,75,75,75,75,75,75,75,75,75,75,75,75,75,75,75,75,75,75,75,75,75,75,75,75,75,75,75,75,75,75,75,75,75,75,71,71,71,71,71,71,71,71,71,71,71,71,71,71,71,71,71,71,71],"card_choices":[{"not_picked":["Leap","Sweeping Beam"],"picked":"Glacier","floor":1},{"not_picked":["Compile Driver","Steam"],"picked":"Ball Lightning","floor":4},{"not_picked":["Rebound","Hello World"],"picked":"Barrage","floor":5},{"not_picked":["Sweeping Beam","Ball Lightning"],"picked":"Doom and Gloom","floor":6},{"not_picked":["Chill","Coolheaded"],"picked":"Defragment","floor":10},{"not_picked":["Rebound","Gash","Redo"],"picked":"SKIP","floor":12},{"not_picked":["Go for the Eyes","BootSequence"],"picked":"Seek","floor":14},{"not_picked":["Hyperbeam","Creative AI"],"picked":"Echo Form","floor":16},{"not_picked":["Sweeping Beam","BootSequence"],"picked":"Conserve Battery","floor":18},{"not_picked":["Sweeping Beam","Compile Driver"],"picked":"Cold Snap+1","floor":20},{"not_picked":["Heatsinks","Rebound"],"picked":"Coolheaded","floor":23},{"not_picked":["Stack","Cold Snap"],"picked":"Skim+1","floor":25},{"not_picked":["Rip and Tear","Steam+1","Beam Cell"],"picked":"SKIP","floor":27},{"not_picked":["Streamline","Melter"],"picked":"Go for the Eyes+1","floor":29},{"not_picked":["Melter","Coolheaded"],"picked":"Turbo","floor":31},{"not_picked":["Machine Learning","Hyperbeam"],"picked":"Creative AI","floor":33},{"not_picked":["Rebound+1","Sweeping Beam+1"],"picked":"Hologram+1","floor":35},{"not_picked":["Secret Technique","Sadistic Nature"],"picked":"Jack Of All Trades","floor":38},{"not_picked":["Turbo","Hyperbeam"],"picked":"Chaos+1","floor":42},{"not_picked":["Scrape+1","Cold Snap+1"],"picked":"Hologram+1","floor":44},{"not_picked":["Melter+1","Sweeping Beam"],"picked":"Undo","floor":45},{"not_picked":["Defragment","Steam Power+1"],"picked":"Loop+1","floor":48},{"not_picked":["Double Energy+1","Genetic Algorithm","Go for the Eyes+1"],"picked":"SKIP","floor":54}],"player_experience":222083,"relics_obtained":[{"floor":6,"key":"Omamori"},{"floor":9,"key":"Pantograph"},{"floor":23,"key":"Orichalcum"},{"floor":26,"key":"DataDisk"},{"floor":27,"key":"Bronze Scales"},{"floor":39,"key":"WingedGreaves"},{"floor":42,"key":"PreservedInsect"},{"floor":43,"key":"Sundial"},{"floor":44,"key":"Kunai"},{"floor":48,"key":"Oddly Smooth Stone"},{"floor":54,"key":"Whetstone"}],"event_choices":[{"cards_removed":["Strike_B"],"damage_healed":0,"gold_gain":0,"player_choice":"Offered Basic","damage_taken":0,"max_hp_gain":0,"max_hp_loss":0,"event_name":"Bonfire Elementals","floor":3,"gold_loss":0},{"damage_healed":0,"gold_gain":0,"player_choice":"Left Gold","damage_taken":0,"max_hp_gain":0,"max_hp_loss":0,"event_name":"World of Goop","floor":8,"gold_loss":24},{"damage_healed":0,"gold_gain":0,"player_choice":"Joined the Cult","damage_taken":6,"max_hp_gain":0,"max_hp_loss":0,"event_name":"Nest","floor":19,"gold_loss":0,"cards_obtained":["RitualDagger"]},{"damage_healed":0,"gold_gain":0,"player_choice":"Upgraded","damage_taken":0,"max_hp_gain":0,"max_hp_loss":0,"event_name":"Upgrade Shrine","floor":22,"gold_loss":0,"cards_upgraded":["Mayhem"]},{"damage_healed":0,"gold_gain":0,"player_choice":"Max HP","damage_taken":0,"max_hp_gain":0,"max_hp_loss":4,"event_name":"Winding Halls","floor":37,"gold_loss":0},{"damage_healed":0,"gold_gain":0,"player_choice":"Memory 1","damage_taken":0,"max_hp_gain":0,"max_hp_loss":0,"event_name":"SensoryStone","floor":38,"gold_loss":0},{"damage_healed":0,"gold_gain":0,"player_choice":"Fight","damage_taken":0,"max_hp_gain":0,"max_hp_loss":0,"event_name":"MindBloom","floor":39,"gold_loss":0},{"damage_healed":0,"gold_gain":0,"cards_transformed":["Turbo"],"player_choice":"Transformed","damage_taken":0,"max_hp_gain":0,"max_hp_loss":0,"event_name":"Transmorgrifier","floor":41,"gold_loss":0,"cards_obtained":["Rebound"]}],"is_beta":false,"boss_relics":[{"not_picked":["Orrery","Empty Cage"],"picked":"Fusion Hammer"},{"not_picked":["FrozenCore","White Beast Statue"],"picked":"Snecko Eye"}],"items_purged_floors":[47],"is_endless":false,"potions_floor_spawned":[1,12,14,16,20,23,29,35,39,44,45,54],"killed_by":"The Heart","ascension_level":5}