{"gold_per_floor":[116,116,126,144,160,160,195,195,221,221,246,55,55,55,55,130,130,142,142,2,277,291,325,337,368,380,420,432,463,475,134,134,208,208,221,221,221,237,288,288,322,341,388,388,404,437,437,537,537,537,537,537,537,71,103,103],"floor_reached":57,"playtime":4042,"items_purged":["Strike_G","Pain","Regret"],"score":2883,"play_id":"1edfa1ae-413f-43cd-8ac0-2c500c5d5218","local_time":"20190509011112","is_ascension_mode":true,"campfire_choices":[{"data":"Poisoned Stab","floor":6,"key":"SMITH"},{"data":"Crippling Poison","floor":8,"key":"SMITH"},{"data":"Caltrops","floor":10,"key":"SMITH"},{"data":"Noxious Fumes","floor":13,"key":"SMITH"},{"data":"Leg Sweep","floor":15,"key":"SMITH"},{"data":"Footwork","floor":24,"key":"SMITH"},{"data":"Well Laid Plans","floor":30,"key":"SMITH"},{"data":"Crippling Poison","floor":32,"key":"SMITH"},{"data":"Adrenaline","floor":40,"key":"SMITH"},{"floor":44,"key":"RECALL"},{"data":"Dodge and Roll","floor":47,"key":"SMITH"},{"data":"Calculated Gamble","floor":49,"key":"SMITH"},{"data":"Adrenaline","floor":53,"key":"SMITH"}],"neow_cost":"NONE","seed_source_timestamp":141276814092703,"circlet_count":0,"master_deck":["AscendersBane","Defend_G+1","Defend_G+1","Defend_G+1","Defend_G+1","Defend_G+1","Strike_G+1","Survivor","Neutralize+1","Crippling Poison+1","Dagger Throw","Leg Sweep+1","Poisoned Stab+1","Caltrops+1","Deflect","Noxious Fumes+1","Dash","Adrenaline+1","Quick Slash","Footwork+1","Well Laid Plans+1","Crippling Poison+1","Prepared+1","Tools of the Trade","Escape Plan+1","PiercingWail","Adrenaline+1","Dodge and Roll+1","Backflip","Parasite","Calculated Gamble+1","Malaise","Calculated Gamble"],"relics":["Ring of the Serpent","Juzu Bracelet","Centennial Puzzle","Dream Catcher","WarpedTongs","HoveringKite","MawBank","Bird Faced Urn","Dead Branch","Snake Skull","Mango","Shuriken","Bag of Preparation","Tough Bandages","Bronze Scales","War Paint"],"potions_floor_usage":[7,18,23,56,56],"damage_taken":[{"damage":1,"enemies":"2 Louse","floor":1,"turns":4},{"damage":0,"enemies":"Cultist","floor":3,"turns":6},{"damage":0,"enemies":"Small Slimes","floor":4,"turns":3},{"damage":1,"enemies":"3 Louse","floor":5,"turns":4},{"damage":15,"enemies":"Lagavulin","floor":7,"turns":11},{"damage":24,"enemies":"Gremlin Nob","floor":11,"turns":4},{"damage":13,"enemies":"Hexaghost","floor":16,"turns":8},{"damage":5,"enemies":"Shell Parasite","floor":18,"turns":6},{"damage":0,"enemies":"3 Byrds","floor":22,"turns":4},{"damage":7,"enemies":"Slavers","floor":23,"turns":6},{"damage":0,"enemies":"Snecko","floor":25,"turns":5},{"damage":7,"enemies":"Book of Stabbing","floor":27,"turns":6},{"damage":0,"enemies":"Centurion and Healer","floor":29,"turns":5},{"damage":19,"enemies":"Collector","floor":33,"turns":8},{"damage":0,"enemies":"Orb Walker","floor":35,"turns":4},{"damage":3,"enemies":"3 Darklings","floor":38,"turns":3},{"damage":20,"enemies":"2 Orb Walkers","floor":39,"turns":5},{"damage":3,"enemies":"Giant Head","floor":41,"turns":7},{"damage":1,"enemies":"4 Shapes","floor":42,"turns":4},{"damage":4,"enemies":"Writhing Mass","floor":45,"turns":5},{"damage":11,"enemies":"Reptomancer","floor":46,"turns":7},{"damage":4,"enemies":"Mind Bloom Boss Battle","floor":48,"turns":6},{"damage":0,"enemies":"Time Eater","floor":50,"turns":13},{"damage":20,"enemies":"Donu and Deca","floor":51,"turns":8},{"damage":23,"enemies":"Shield and Spear","floor":55,"turns":10},{"damage":0,"enemies":"The Heart","floor":56,"turns":9}],"seed_played":"-6007907209448967370","potions_obtained":[{"floor":1,"key":"Dexterity Potion"},{"floor":4,"key":"Swift Potion"},{"floor":11,"key":"SkillPotion"},{"floor":16,"key":"Fruit Juice"},{"floor":18,"key":"Energy Potion"},{"floor":22,"key":"Explosive Potion"},{"floor":29,"key":"SteroidPotion"},{"floor":33,"key":"Ancient Potion"},{"floor":48,"key":"PowerPotion"}],"is_trial":false,"path_per_floor":["M","?","M","M","M","R","E","R","T","R","E","$","R","?","R","B",null,"M","?","$","?","M","E","R","M","T","E","?","M","R","$","R","B",null,"M","?","?","M","?","R","E","M","T","R","M","E","R","?","R","B","B",null,"R","$","E","B",null],"character_chosen":"THE_SILENT","items_purchased":["Noxious Fumes","Dash","Footwork","Snake Skull","PiercingWail","Malaise","Calculated Gamble","Bronze Scales","SpeedPotion"],"campfire_rested":0,"item_purchase_floors":[12,12,20,31,31,54,54,54,54],"current_hp_per_floor":[58,58,58,58,57,57,42,42,42,42,18,18,18,18,18,5,51,51,51,51,51,51,44,44,44,44,45,45,55,55,55,55,52,66,71,67,67,67,71,71,78,81,81,81,81,80,80,81,81,81,75,80,80,80,75,81],"gold":103,"neow_bonus":"UPGRADE_CARD","is_prod":false,"is_daily":false,"chose_seed":false,"campfire_upgraded":12,"win_rate":0,"timestamp":1557389472,"path_taken":["M","?","M","M","M","R","E","R","T","R","E","$","R","?","R","BOSS","M","?","$","?","M","E","R","M","T","E","?","M","R","$","R","BOSS","M","?","?","M","?","R","E","M","T","R","M","E","R","?","R","BOSS","BOSS","R","$","E","BOSS"],"build_version":"2019-05-07","purchased_purges":3,"victory":true,"max_hp_per_floor":[66,66,66,66,66,66,66,66,66,66,66,66,66,66,66,66,66,71,71,71,71,71,71,71,71,71,71,71,71,71,71,71,71,71,71,67,67,67,81,81,81,81,81,81,81,81,81,81,81,81,81,81,81,81,81,81],"card_choices":[{"not_picked":["Underhanded Strike","Dodge and Roll"],"picked":"Crippling Poison","floor":1},{"not_picked":["Dodge and Roll","Acrobatics"],"picked":"Dagger Throw","floor":3},{"not_picked":["All Out Attack","PiercingWail"],"picked":"Leg Sweep","floor":4},{"not_picked":["Flying Knee","Flechettes"],"picked":"Poisoned Stab","floor":5},{"not_picked":["PiercingWail","Choke"],"picked":"Caltrops","floor":7},{"not_picked":["Setup","Sucker Punch"],"picked":"Deflect","floor":11},{"not_picked":["Corpse Explosion","Tools of the Trade"],"picked":"Adrenaline","floor":16},{"not_picked":["Dagger Spray","Distraction"],"picked":"Quick Slash","floor":18},{"not_picked":["Flying Knee","Endless Agony","Poisoned Stab+1"],"picked":"SKIP","floor":22},{"not_picked":["Quick Slash","Poisoned Stab","Dagger Throw"],"picked":"SKIP","floor":23},{"not_picked":["Bouncing Flask","Terror"],"picked":"Well Laid Plans","floor":25},{"not_picked":["Prepared","Cloak And Dagger"],"picked":"Crippling Poison","floor":27},{"not_picked":["Dagger Spray","Heel Hook+1"],"picked":"Escape Plan","floor":29},{"not_picked":["Glass Knife","After Image"],"picked":"Adrenaline","floor":33},{"not_picked":["Blade Dance","Quick Slash+1","Flying Knee"],"picked":"SKIP","floor":35},{"not_picked":["Dagger Spray","Prepared+1","Riddle With Holes"],"picked":"SKIP","floor":38},{"not_picked":["Unload","Slice"],"picked":"Dodge and Roll","floor":41},{"not_picked":["Terror+1","Flechettes"],"picked":"Backflip","floor":42},{"not_picked":["Choke","Deadly Poison","Dagger Spray"],"picked":"SKIP","floor":45},{"not_picked":["Accuracy","Quick Slash","Deadly Poison"],"picked":"SKIP","floor":46},{"not_picked":["Dash","Caltrops"],"picked":"Calculated Gamble","floor":48},{"not_picked":["Cloak And Dagger","Slice","Poisoned Stab"],"picked":"SKIP","floor":55}],"player_experience":6297435,"relics_obtained":[{"floor":7,"key":"Juzu Bracelet"},{"floor":9,"key":"Centennial Puzzle"},{"floor":11,"key":"Dream Catcher"},{"floor":23,"key":"MawBank"},{"floor":26,"key":"Bird Faced Urn"},{"floor":27,"key":"Dead Branch"},{"floor":39,"key":"Mango"},{"floor":41,"key":"Shuriken"},{"floor":46,"key":"Bag of Preparation"},{"floor":48,"key":"Tough Bandages"},{"floor":55,"key":"War Paint"}],"event_choices":[{"cards_removed":["Strike_G"],"damage_healed":0,"gold_gain":0,"player_choice":"Offered Basic","damage_taken":0,"max_hp_gain":0,"max_hp_loss":0,"event_name":"Bonfire Elementals","floor":2,"gold_loss":0},{"damage_healed":0,"gold_gain":0,"player_choice":"Rummage","damage_taken":0,"relics_obtained":["WarpedTongs"],"max_hp_gain":0,"max_hp_loss":0,"event_name":"Accursed Blacksmith","floor":14,"gold_loss":0,"cards_obtained":["Pain"]},{"damage_healed":0,"gold_gain":0,"player_choice":"Simplicity","damage_taken":0,"max_hp_gain":0,"max_hp_loss":0,"event_name":"Back to Basics","floor":19,"gold_loss":0,"cards_upgraded":["Defend_G","Defend_G","Defend_G","Defend_G","Defend_G","Strike_G","Strike_G","Strike_G"]},{"damage_healed":0,"gold_gain":275,"player_choice":"Desecrate","damage_taken":0,"max_hp_gain":0,"max_hp_loss":0,"event_name":"Golden Shrine","floor":21,"gold_loss":0,"cards_obtained":["Regret"]},{"damage_healed":0,"gold_gain":0,"cards_transformed":["Strike_G","Strike_G"],"player_choice":"Became Test Subject","damage_taken":0,"max_hp_gain":0,"max_hp_loss":0,"event_name":"Drug Dealer","floor":28,"gold_loss":0,"cards_obtained":["Prepared","Tools of the Trade"]},{"damage_healed":0,"gold_gain":0,"player_choice":"Max HP","damage_taken":0,"max_hp_gain":0,"max_hp_loss":4,"event_name":"Winding Halls","floor":36,"gold_loss":0},{"damage_healed":0,"gold_gain":0,"player_choice":"Ignored","damage_taken":0,"max_hp_gain":0,"max_hp_loss":0,"event_name":"Tomb of Lord Red Mask","floor":37,"gold_loss":0},{"damage_healed":0,"gold_gain":0,"player_choice":"Fight","damage_taken":0,"max_hp_gain":0,"max_hp_loss":0,"event_name":"Mysterious Sphere","floor":39,"gold_loss":0},{"damage_healed":0,"gold_gain":0,"player_choice":"Fight","damage_taken":0,"max_hp_gain":0,"max_hp_loss":0,"event_name":"MindBloom","floor":48,"gold_loss":0}],"is_beta":true,"boss_relics":[{"not_picked":["Orrery","Coffee Dripper"],"picked":"HoveringKite"},{"not_picked":["Runic Dome","Busted Crown"],"picked":"Ring of the Serpent"}],"items_purged_floors":[12,20,31],"is_endless":false,"potions_floor_spawned":[1,4,11,16,18,22,29,33,38,41,48],"ascension_level":20}