{"gold_per_floor":[111,72,72,72,15,47,47,62,88,106,131,145,165,182,182,182],"floor_reached":16,"playtime":633,"items_purged":[],"score":274,"play_id":"f561fece-d244-404e-bf1c-71135d368c16","local_time":"20190331144924","is_ascension_mode":true,"campfire_choices":[{"data":"Defragment","floor":7,"key":"SMITH"},{"data":"Defragment","floor":15,"key":"SMITH"}],"neow_cost":"NONE","seed_source_timestamp":1257333659521685,"circlet_count":0,"master_deck":["AscendersBane","Strike_B","Strike_B","Strike_B","Defend_B","Defend_B","Defend_B","Defend_B","Zap+1","Dualcast","Defragment+1","Capacitor","Conserve Battery","Defragment+1","Genetic Algorithm","Machine Learning","Heatsinks","Reinforced Body","Streamline"],"relics":["Cracked Core","NeowsBlessing","PreservedInsect","Centennial Puzzle","Vajra"],"potions_floor_usage":[10,11,14],"damage_taken":[{"damage":0,"enemies":"Small Slimes","floor":1,"turns":1},{"damage":0,"enemies":"3 Sentries","floor":6,"turns":1},{"damage":0,"enemies":"Cultist","floor":8,"turns":1},{"damage":3,"enemies":"2 Louse","floor":10,"turns":3},{"damage":3,"enemies":"Lagavulin","floor":11,"turns":6},{"damage":21,"enemies":"Exordium Thugs","floor":12,"turns":5},{"damage":6,"enemies":"Looter","floor":13,"turns":4},{"damage":3,"enemies":"3 Louse","floor":14,"turns":3},{"damage":38,"enemies":"Slime Boss","floor":16,"turns":3}],"seed_played":"-3416480711005872362","potions_obtained":[{"floor":1,"key":"GamblersBrew"},{"floor":10,"key":"Poison Potion"},{"floor":13,"key":"Energy Potion"}],"is_trial":false,"path_per_floor":["M","$","?","?","$","E","R","M","T","M","E","M","M","M","R","B"],"character_chosen":"DEFECT","items_purchased":["Capacitor","Conserve Battery"],"campfire_rested":0,"item_purchase_floors":[2,5],"current_hp_per_floor":[64,64,64,64,64,64,64,64,64,61,58,37,31,28,28,0],"gold":182,"neow_bonus":"THREE_ENEMY_KILL","is_prod":false,"is_daily":false,"chose_seed":false,"campfire_upgraded":2,"win_rate":0,"timestamp":1554058164,"path_taken":["M","$","?","?","$","E","R","M","T","M","E","?","M","M","R","BOSS"],"build_version":"2019-01-23","purchased_purges":0,"victory":false,"max_hp_per_floor":[71,71,71,71,71,71,71,71,71,71,71,71,71,71,71,71],"card_choices":[{"not_picked":["Skim","Compile Driver"],"picked":"Defragment","floor":1},{"not_picked":["Barrage","Melter"],"picked":"Defragment","floor":6},{"not_picked":["Stack","Rebound"],"picked":"Genetic Algorithm","floor":8},{"not_picked":["Compile Driver","Stack"],"picked":"Machine Learning","floor":10},{"not_picked":["Chaos","Lockon","Gash"],"picked":"SKIP","floor":11},{"not_picked":["FTL","Melter"],"picked":"Heatsinks","floor":12},{"not_picked":["Stack","Barrage"],"picked":"Reinforced Body","floor":13},{"not_picked":["Force Field","Gash"],"picked":"Streamline","floor":14}],"player_experience":1514858,"relics_obtained":[{"floor":6,"key":"PreservedInsect"},{"floor":9,"key":"Centennial Puzzle"},{"floor":11,"key":"Vajra"}],"event_choices":[{"damage_healed":0,"gold_gain":0,"player_choice":"Grow","damage_taken":0,"max_hp_gain":0,"max_hp_loss":0,"event_name":"Living Wall","floor":3,"gold_loss":0,"cards_upgraded":["Zap"]},{"cards_removed":["Strike_B"],"damage_healed":0,"gold_gain":0,"player_choice":"Offered Basic","damage_taken":0,"max_hp_gain":0,"max_hp_loss":0,"event_name":"Bonfire Elementals","floor":4,"gold_loss":0}],"is_beta":false,"boss_relics":[],"items_purged_floors":[],"is_endless":false,"potions_floor_spawned":[1,10,13],"killed_by":"Slime Boss","ascension_level":20}