{"path_per_floor":["M","M","?","?","M","R","M","M","T","R","T","M","R","M","R","B",null,"M","?","?","$","M","E","R"],"character_chosen":"IRONCLAD","items_purchased":["Uppercut","Rage"],"gold_per_floor":[116,130,130,80,93,93,107,120,146,146,146,167,167,186,186,279,279,300,215,215,27,40,109,109,109],"floor_reached":25,"campfire_rested":1,"playtime":779,"current_hp_per_floor":[73,75,57,57,60,60,51,52,52,52,52,54,54,56,56,52,69,69,69,69,69,42,13,35,0],"items_purged":["Feel No Pain"],"gold":109,"score":362,"play_id":"c8f20b76-1d73-436b-944f-cc2be3f3a45a","local_time":"20180329204346","is_prod":false,"is_daily":false,"is_ascension_mode":true,"campfire_upgraded":4,"timestamp":1522370626,"path_taken":["M","?","?","?","M","R","M","?","T","R","?","M","R","M","R","BOSS","M","?","?","$","M","E","R","E"],"build_version":"2018-03-22v2","purchased_purges":1,"victory":false,"master_deck":["Strike_R","Strike_R","Strike_R","Defend_R","Defend_R","Defend_R","Defend_R","Bash","AscendersBane","Flex+1","Offering","Inflame+1","Cleave+1","Pommel Strike+1","Spot Weakness+1","Fiend Fire+1","Thunderclap+1","Uppercut+1","Rage","Pommel Strike+1"],"max_hp_per_floor":[75,75,75,75,75,75,75,75,75,75,75,75,75,75,75,75,75,75,75,75,75,75,75,75,75],"relics":["Black Blood","Golden Idol","Lantern","Molten Egg 2","Pantograph","Tiny Chest"],"card_choices":[{"not_picked":["Feel No Pain","Twin Strike"],"picked":"Flex","floor":1},{"not_picked":["Inflame","Warcry"],"picked":"Offering","floor":5},{"not_picked":["Clash","Iron Wave"],"picked":"Inflame","floor":7},{"not_picked":["Flex","Perfected Strike"],"picked":"Cleave","floor":8},{"not_picked":["Power Through","Second Wind"],"picked":"Pommel Strike","floor":12},{"not_picked":["Anger","Metallicize"],"picked":"Spot Weakness","floor":14},{"not_picked":["Impervious","Juggernaut"],"picked":"Fiend Fire","floor":16},{"not_picked":["Warcry","Battle Trance"],"picked":"Thunderclap","floor":18},{"not_picked":["Iron Wave","Inflame"],"picked":"Pommel Strike","floor":23}],"player_experience":627957,"potions_floor_usage":[16,16],"damage_taken":[{"damage":1,"enemies":"Cultist","floor":1,"turns":4},{"damage":3,"enemies":"2 Louse","floor":2,"turns":3},{"damage":3,"enemies":"Small Slimes","floor":5,"turns":5},{"damage":15,"enemies":"3 Louse","floor":7,"turns":5},{"damage":5,"enemies":"Looter","floor":8,"turns":2},{"damage":4,"enemies":"Gremlin Gang","floor":12,"turns":2},{"damage":4,"enemies":"Exordium Thugs","floor":14,"turns":2},{"damage":22,"enemies":"Slime Boss","floor":16,"turns":6},{"damage":10,"enemies":"Spheric Guardian","floor":18,"turns":3},{"damage":37,"enemies":"Shell Parasite","floor":22,"turns":5},{"damage":39,"enemies":"Slavers","floor":23,"turns":3},{"damage":50,"enemies":"Book of Stabbing","floor":25,"turns":3}],"event_choices":[{"event_name":"Golden Idol","player_choice":"Take Damage","floor":3,"damage_taken":0},{"event_name":"The Cleric","player_choice":"Card Removal","floor":4,"damage_taken":0},{"event_name":"Addict","player_choice":"Obtained Relic","floor":19,"damage_taken":0},{"event_name":"Transmorgrifier","player_choice":"Transform","floor":20,"damage_taken":0}],"boss_relics":[{"not_picked":["Pandora\u0027s Box","White Beast Statue"],"picked":"Black Blood"}],"potions_floor_spawned":[2,12],"seed_played":"-4633487310818793702","killed_by":"Book of Stabbing","ascension_level":14,"is_trial":false}