{"gold_per_floor":[359,376,376,387,51,51,66,99,99,118,118],"floor_reached":11,"playtime":596,"items_purged":[],"score":150,"play_id":"fa27b81b-dcdf-4630-8a15-adeccafd4fe7","local_time":"20190407051834","is_ascension_mode":true,"campfire_choices":[{"data":"Uppercut","floor":6,"key":"SMITH"}],"neow_cost":"PERCENT_DAMAGE","seed_source_timestamp":500656119597057,"circlet_count":0,"master_deck":["AscendersBane","Strike_R","Strike_R","Strike_R","Strike_R","Defend_R","Defend_R","Defend_R","Defend_R","Bash","Cleave","Uppercut+1","Rage","Metallicize","Carnage","True Grit"],"relics":["Burning Blood","OrangePellets","Champion Belt","Ornamental Fan"],"potions_floor_usage":[11],"damage_taken":[{"damage":5,"enemies":"Small Slimes","floor":1,"turns":5},{"damage":1,"enemies":"Cultist","floor":2,"turns":3},{"damage":11,"enemies":"Jaw Worm","floor":4,"turns":4},{"damage":24,"enemies":"Gremlin Gang","floor":7,"turns":4},{"damage":26,"enemies":"3 Sentries","floor":8,"turns":9},{"damage":9,"enemies":"Red Slaver","floor":10,"turns":4},{"damage":10,"enemies":"Exordium Wildlife","floor":11,"turns":3}],"seed_played":"-66820885880865583","potions_obtained":[{"floor":4,"key":"Ancient Potion"},{"floor":10,"key":"FearPotion"}],"is_trial":false,"path_per_floor":["M","M","?","M","$","R","M","E","T","M","M"],"character_chosen":"IRONCLAD","items_purchased":["Metallicize","OrangePellets","Carnage"],"campfire_rested":0,"item_purchase_floors":[5,5,5],"current_hp_per_floor":[51,56,56,51,51,51,33,13,13,10,0],"gold":118,"neow_bonus":"TWO_FIFTY_GOLD","is_prod":false,"is_daily":false,"chose_seed":false,"campfire_upgraded":1,"win_rate":0,"timestamp":1554628714,"path_taken":["M","M","?","M","$","R","M","E","T","M","M"],"build_version":"2019-01-23","purchased_purges":0,"victory":false,"max_hp_per_floor":[75,75,75,75,75,75,75,75,75,75,75],"card_choices":[{"not_picked":["Blood for Blood","Heavy Blade"],"picked":"Cleave","floor":1},{"not_picked":["Clash","Fire Breathing"],"picked":"Uppercut","floor":2},{"not_picked":["Clash","Rage","Havoc"],"picked":"SKIP","floor":4},{"not_picked":["Clash","Havoc"],"picked":"Rage","floor":4},{"not_picked":["Searing Blow","Carnage"],"picked":"True Grit","floor":7},{"not_picked":["Warcry","Seeing Red","Sword Boomerang"],"picked":"SKIP","floor":8},{"not_picked":["Bloodletting","Headbutt","Infernal Blade"],"picked":"SKIP","floor":10}],"player_experience":1690783,"relics_obtained":[{"floor":8,"key":"Champion Belt"},{"floor":9,"key":"Ornamental Fan"}],"event_choices":[{"cards_removed":["Strike_R"],"damage_healed":0,"gold_gain":0,"player_choice":"Offered Basic","damage_taken":0,"max_hp_gain":0,"max_hp_loss":0,"event_name":"Bonfire Elementals","floor":3,"gold_loss":0}],"is_beta":false,"boss_relics":[],"items_purged_floors":[],"is_endless":false,"potions_floor_spawned":[4,10],"killed_by":"Exordium Wildlife","ascension_level":20}