{"gold_per_floor":[109,123,123,149,51,51,62,62,86,103,103,28,28,40,40,114,114,127,57,57,69,69,69,69,84,84,84,111,111,65,82,82,159,159,177,20,20,36,49,49,49],"floor_reached":41,"playtime":1157,"items_purged":["Strike_R"],"score":663,"play_id":"c30255db-0a9d-494d-94a7-1f05733a0035","local_time":"20180807201501","is_ascension_mode":true,"campfire_choices":[{"data":"Bash","floor":6,"key":"SMITH"},{"data":"True Grit","floor":13,"key":"SMITH"},{"data":"Clothesline","floor":15,"key":"SMITH"},{"data":"Metallicize","floor":23,"key":"SMITH"},{"floor":32,"key":"REST"},{"data":"Havoc","floor":40,"key":"SMITH"}],"neow_cost":"","seed_source_timestamp":188577730506742,"circlet_count":0,"master_deck":["Strike_R","Strike_R","Defend_R","Defend_R+1","Defend_R","Bash+1","AscendersBane","Metallicize+1","Shrug It Off","Clothesline+1","True Grit+1","Stack+1","Anger","Exhume","Spot Weakness","Feel No Pain","Shrug It Off+1","Necronomicurse","Havoc+1","Offering","Writhe","Warcry+1"],"relics":["Burning Blood","Centennial Puzzle","Juzu Bracelet","Velvet Choker","Meat on the Bone","Necronomicon","Anchor","Red Skull","Black Star","War Paint"],"potions_floor_usage":[31,41,41],"damage_taken":[{"damage":6,"enemies":"Cultist","floor":1,"turns":4},{"damage":7,"enemies":"Jaw Worm","floor":2,"turns":5},{"damage":0,"enemies":"Small Slimes","floor":7,"turns":5},{"damage":2,"enemies":"2 Fungi Beasts","floor":10,"turns":5},{"damage":12,"enemies":"Exordium Wildlife","floor":14,"turns":6},{"damage":24,"enemies":"Hexaghost","floor":16,"turns":11},{"damage":16,"enemies":"Spheric Guardian","floor":18,"turns":5},{"damage":18,"enemies":"Chosen","floor":21,"turns":7},{"damage":12,"enemies":"Snake Plant","floor":25,"turns":6},{"damage":3,"enemies":"Chosen and Byrds","floor":31,"turns":6},{"damage":32,"enemies":"Automaton","floor":33,"turns":11},{"damage":34,"enemies":"3 Shapes","floor":35,"turns":6},{"damage":17,"enemies":"3 Darklings","floor":38,"turns":6},{"damage":19,"enemies":"Spire Growth","floor":39,"turns":5},{"damage":63,"enemies":"2 Orb Walkers","floor":41,"turns":7}],"seed_played":"-6964436024810825094","potions_obtained":[{"floor":14,"key":"Weak Potion"},{"floor":16,"key":"GamblersBrew"},{"floor":31,"key":"EssenceOfSteel"}],"is_trial":false,"path_per_floor":["M","M","?","T","$","R","M","?","T","M","?","?","R","M","R","B",null,"M","$","?","M","?","R","?","M","T","?","T","T","$","M","R","B",null,"M","$","?","M","M","R"],"character_chosen":"IRONCLAD","items_purchased":["Shrug It Off","Feel No Pain","Havoc","War Paint"],"campfire_rested":1,"item_purchase_floors":[5,19,30,36],"current_hp_per_floor":[68,67,67,67,67,67,73,73,73,75,75,75,75,69,69,51,69,59,59,59,47,40,40,40,34,34,13,13,13,13,28,50,36,65,49,49,64,53,52,52,0],"gold":49,"neow_bonus":"","is_prod":false,"is_daily":false,"chose_seed":false,"campfire_upgraded":5,"win_rate":0,"timestamp":1533698101,"path_taken":["M","M","?","?","$","R","M","?","T","M","?","?","R","M","R","BOSS","M","$","?","M","?","R","?","M","T","?","?","?","$","M","R","BOSS","M","$","?","M","M","R","E"],"build_version":"2018-08-07","purchased_purges":1,"victory":false,"max_hp_per_floor":[75,75,75,75,75,75,75,75,75,75,75,75,75,75,75,75,75,75,75,75,75,75,75,75,75,75,75,75,75,75,75,75,75,75,75,75,75,75,75,75,75],"card_choices":[{"not_picked":["Pommel Strike","Heavy Blade"],"picked":"Metallicize","floor":1},{"not_picked":["Cleave","Twin Strike","Sword Boomerang"],"picked":"SKIP","floor":2},{"not_picked":["Disarm","Hemokinesis"],"picked":"Clothesline","floor":7},{"not_picked":["Heavy Blade","Reaper"],"picked":"True Grit","floor":10},{"not_picked":["Sword Boomerang","Warcry"],"picked":"Anger","floor":14},{"not_picked":["Limit Break","Dark Embrace"],"picked":"Exhume","floor":16},{"not_picked":["Sword Boomerang","Pummel"],"picked":"Spot Weakness","floor":18},{"not_picked":["Bloodletting","Anger","Pommel Strike"],"picked":"SKIP","floor":21},{"not_picked":["Twin Strike","Perfected Strike+1"],"picked":"Shrug It Off+1","floor":25},{"not_picked":["Corruption","Wild Strike","Clash"],"picked":"SKIP","floor":31},{"not_picked":["Fiend Fire","Double Tap"],"picked":"Offering","floor":33},{"not_picked":["Headbutt","Perfected Strike+1","Anger"],"picked":"SKIP","floor":35},{"not_picked":["Corruption","Pommel Strike","Sword Boomerang"],"picked":"SKIP","floor":38},{"not_picked":["Heavy Blade","Evolve"],"picked":"Warcry+1","floor":39}],"player_experience":853994,"relics_obtained":[{"floor":4,"key":"Centennial Puzzle"},{"floor":9,"key":"Juzu Bracelet"},{"floor":26,"key":"Meat on the Bone"},{"floor":27,"key":"Necronomicon"},{"floor":28,"key":"Anchor"},{"floor":29,"key":"Red Skull"}],"event_choices":[{"event_name":"Bonfire Elementals","player_choice":"BASIC","floor":3,"damage_taken":0},{"event_name":"Liars Game","player_choice":"disagreed","floor":8,"damage_taken":0},{"event_name":"NoteForYourself","player_choice":"Took Card","floor":11,"damage_taken":0},{"event_name":"The Cleric","player_choice":"Card Removal","floor":12,"damage_taken":0},{"event_name":"Drug Dealer","player_choice":"Ignored","floor":20,"damage_taken":0},{"event_name":"Knowing Skull","player_choice":"","floor":22,"damage_taken":0},{"event_name":"Match and Keep!","player_choice":"0 cards matched","floor":24,"damage_taken":0},{"event_name":"Cursed Tome","player_choice":"Obtained Book","floor":27,"damage_taken":0},{"event_name":"Winding Halls","player_choice":"Writhe","floor":37,"damage_taken":0}],"is_beta":true,"boss_relics":[{"not_picked":["Eternal Feather","Black Blood"],"picked":"Velvet Choker"},{"not_picked":["White Beast Statue","Coffee Dripper"],"picked":"Black Star"}],"items_purged_floors":[5],"is_endless":false,"potions_floor_spawned":[14,16,31,35,38],"killed_by":"2 Orb Walkers","ascension_level":15}