{"gold_per_floor":[117,137,79,94,19,19,52,52,52,52,65,80,95,125,125,199,199,215,215,229,254,264,289,289,289,289,214,214,226,226,12,12,12],"floor_reached":33,"playtime":1401,"items_purged":["Decay"],"score":650,"play_id":"addbcf97-f68b-4c72-a262-39238a3c71e6","local_time":"20190426060247","is_ascension_mode":true,"campfire_choices":[{"data":"Zap","floor":6.0,"key":"SMITH"},{"floor":10.0,"key":"REST"},{"data":"Loop","floor":15.0,"key":"SMITH"},{"floor":24.0,"key":"REST"},{"data":"Consume","floor":30.0,"key":"SMITH"},{"data":"Hologram","floor":32,"key":"SMITH"}],"neow_cost":"NONE","seed_source_timestamp":0,"circlet_count":0,"master_deck":["AscendersBane","Strike_B","Strike_B+1","Defend_B","Defend_B","Defend_B","Defend_B","Zap+1","Dualcast","Streamline+1","Ball Lightning","Cold Snap","Cold Snap+1","Steam","Loop+1","Reinforced Body","Undo","Core Surge","Hyperbeam","Compile Driver+1","Consume+1","Go for the Eyes+1","Thunder Strike+1","Conserve Battery","Sweeping Beam+1","Hologram+1"],"special_seed":0,"relics":["Cracked Core","Gambling Chip","Thread and Needle","Omamori","Calling Bell","Centennial Puzzle","Kunai","Emotion Chip","Red Mask","Mummified Hand","Molten Egg 2","Whetstone"],"potions_floor_usage":[33],"damage_taken":[{"damage":1.0,"enemies":"2 Louse","floor":1.0,"turns":2.0},{"damage":5.0,"enemies":"Small Slimes","floor":2.0,"turns":3.0},{"damage":0.0,"enemies":"Cultist","floor":4.0,"turns":3.0},{"damage":28.0,"enemies":"Gremlin Nob","floor":7.0,"turns":4.0},{"damage":9.0,"enemies":"3 Louse","floor":11.0,"turns":3.0},{"damage":0.0,"enemies":"Exordium Wildlife","floor":12.0,"turns":3.0},{"damage":0.0,"enemies":"Large Slime","floor":13.0,"turns":4.0},{"damage":1.0,"enemies":"3 Sentries","floor":14.0,"turns":6.0},{"damage":0.0,"enemies":"Hexaghost","floor":16.0,"turns":8.0},{"damage":14.0,"enemies":"Spheric Guardian","floor":18.0,"turns":4.0},{"damage":1.0,"enemies":"Chosen","floor":20.0,"turns":4.0},{"damage":9.0,"enemies":"Masked Bandits","floor":21.0,"turns":3.0},{"damage":17.0,"enemies":"Snake Plant","floor":22.0,"turns":3.0},{"damage":20.0,"enemies":"Book of Stabbing","floor":23.0,"turns":5.0},{"damage":2.0,"enemies":"Shelled Parasite and Fungi","floor":29.0,"turns":6.0},{"damage":41,"enemies":"Champ","floor":33,"turns":8}],"seed_played":"-3785548487980267918","potions_obtained":[{"floor":4.0,"key":"SmokeBomb"},{"floor":7.0,"key":"Swift Potion"},{"floor":12.0,"key":"FocusPotion"},{"floor":13.0,"key":"SteroidPotion"},{"floor":21.0,"key":"LiquidBronze"}],"is_trial":false,"path_per_floor":["M","M","$","M","?","R","E","?","T","R","M","M","M","E","R","B",null,"M","?","M","?","M","E","R","T","T","?","?","M","R","$","R","B"],"character_chosen":"DEFECT","items_purchased":["Cold Snap","FocusPotion","Hologram"],"campfire_rested":2,"item_purchase_floors":[3,31,31],"current_hp_per_floor":[70,65,65,65,65,65,37,14,14,37,28,28,28,27,27,27,65,51,51,50,41,24,4,27,27,27,27,27,25,25,25,25,0],"gold":12,"neow_bonus":"TEN_PERCENT_HP_BONUS","is_prod":false,"is_daily":false,"chose_seed":false,"campfire_upgraded":4,"win_rate":0,"timestamp":1556272967,"path_taken":["M","M","$","M","?","R","E","?","T","R","M","M","M","E","R","BOSS","M","?","?","?","M","E","R","?","T","?","?","M","R","$","R","BOSS"],"build_version":"2019-01-23","purchased_purges":1,"victory":false,"max_hp_per_floor":[78,78,78,78,78,78,78,78,78,78,78,78,78,78,78,78,78,78,78,78,78,78,78,78,78,78,78,78,78,78,78,78,78],"card_choices":[{"not_picked":["Leap","BootSequence"],"picked":"Streamline","floor":1.0},{"not_picked":["Streamline","Gash"],"picked":"Ball Lightning","floor":2.0},{"not_picked":["Auto Shields","Recycle"],"picked":"Cold Snap","floor":4.0},{"not_picked":["Chaos","Turbo"],"picked":"Steam","floor":7.0},{"not_picked":["Barrage","Redo"],"picked":"Loop","floor":11.0},{"not_picked":["Turbo","Rebound"],"picked":"Reinforced Body","floor":12.0},{"not_picked":["White Noise","Leap"],"picked":"Undo","floor":13.0},{"not_picked":["Steam","Sweeping Beam"],"picked":"Core Surge","floor":14.0},{"not_picked":["Amplify","Creative AI"],"picked":"Hyperbeam","floor":16.0},{"not_picked":["Tempest+1","Barrage"],"picked":"Compile Driver+1","floor":18.0},{"not_picked":["Gash","Compile Driver","Lockon"],"picked":"SKIP","floor":20.0},{"not_picked":["Stack","Hologram"],"picked":"Go for the Eyes+1","floor":21.0},{"not_picked":["Scrape","Cold Snap"],"picked":"Thunder Strike","floor":22.0},{"not_picked":["Reprogram","Stack+1"],"picked":"Conserve Battery","floor":23.0},{"not_picked":["Streamline+1","Stack"],"picked":"Sweeping Beam+1","floor":29.0}],"player_experience":1950229,"relics_obtained":[{"floor":7.0,"key":"Gambling Chip"},{"floor":9.0,"key":"Thread and Needle"},{"floor":14.0,"key":"Omamori"},{"floor":17.0,"key":"Centennial Puzzle"},{"floor":17.0,"key":"Kunai"},{"floor":17.0,"key":"Emotion Chip"},{"floor":21.0,"key":"Red Mask"},{"floor":23.0,"key":"Mummified Hand"},{"floor":25.0,"key":"Molten Egg 2"},{"floor":26.0,"key":"Whetstone"}],"event_choices":[{"cards_removed":["Strike_B"],"damage_healed":0.0,"max_hp_gain":0.0,"max_hp_loss":0.0,"gold_gain":0.0,"event_name":"The Cleric","player_choice":"Card Removal","floor":5.0,"gold_loss":75.0,"damage_taken":0.0},{"damage_healed":0.0,"max_hp_gain":0.0,"max_hp_loss":0.0,"gold_gain":0.0,"event_name":"Shining Light","player_choice":"Entered Light","floor":8.0,"gold_loss":0.0,"damage_taken":23.0,"cards_upgraded":["Strike_B","Streamline"]},{"damage_healed":0.0,"max_hp_gain":0.0,"max_hp_loss":0.0,"gold_gain":0.0,"cards_transformed":["Strike_B"],"event_name":"Transmorgrifier","player_choice":"Transformed","floor":19.0,"gold_loss":0.0,"damage_taken":0.0,"cards_obtained":["Consume"]},{"damage_healed":0.0,"max_hp_gain":0.0,"max_hp_loss":0.0,"gold_gain":0.0,"event_name":"Masked Bandits","player_choice":"Fought Bandits","floor":21.0,"gold_loss":0.0,"damage_taken":0.0},{"cards_removed":["Shame"],"damage_healed":0.0,"max_hp_gain":0.0,"max_hp_loss":0.0,"gold_gain":0.0,"event_name":"Beggar","player_choice":"Gave Gold","floor":27.0,"gold_loss":75.0,"damage_taken":0.0},{"damage_healed":0.0,"max_hp_gain":0.0,"max_hp_loss":0.0,"gold_gain":0.0,"event_name":"Forgotten Altar","player_choice":"Smashed Altar","floor":28.0,"gold_loss":0.0,"damage_taken":0.0,"cards_obtained":["Decay"]}],"is_beta":false,"boss_relics":[{"not_picked":["Empty Cage","Lizard Tail"],"picked":"Calling Bell"}],"items_purged_floors":[31],"is_endless":false,"potions_floor_spawned":[4,7,12,13,21],"killed_by":"Champ","ascension_level":20}