{"path_per_floor":["M","?","$","?","?","R","E","$","T","E","R","M","M","?","R","B",null,"M","?","$","M","?","R","E","R","T","M","R","M","R","M","R"],"character_chosen":"THE_SILENT","items_purchased":["Dagger Throw","Footwork","Dramatic Entrance"],"gold_per_floor":[14,189,66,66,66,66,99,29,56,84,84,95,112,77,77,177,177,193,118,29,43,43,43,69,69,369,385,385,399,399,415,415,415],"floor_reached":33,"campfire_rested":4,"playtime":1446,"current_hp_per_floor":[75,75,75,75,58,58,31,31,31,15,40,40,40,61,61,58,78,78,78,78,78,78,78,11,36,36,9,34,28,53,51,51,0],"items_purged":["Doubt"],"gold":415,"score":434,"play_id":"ecdb10d3-835e-4692-b0c4-7aa4c4375d36","local_time":"20180329213931","is_prod":false,"is_daily":false,"is_ascension_mode":true,"campfire_upgraded":4,"timestamp":1522373971,"path_taken":["M","?","?","?","?","R","E","$","T","E","R","M","?","?","R","BOSS","M","?","$","M","?","R","E","R","T","M","R","M","R","M","R","BOSS"],"build_version":"2018-03-22v2","purchased_purges":1,"victory":false,"master_deck":["Defend_G","Defend_G","Defend_G","Defend_G","Defend_G","Strike_G","Strike_G","Strike_G","Strike_G","Survivor+1","Neutralize+1","AscendersBane","Concentrate+1","Dagger Throw+1","Slice","Footwork+1","Skewer+1","Eviscerate+1","Underhanded Strike+1","Tactician+1","Underhanded Strike+1","Dramatic Entrance+1","Backflip","Choke+1","Choke+1","Terror+1","Underhanded Strike+1","Malaise+1"],"max_hp_per_floor":[84,84,84,84,84,84,84,84,84,84,84,84,84,84,84,84,84,84,84,84,84,84,84,84,84,84,84,84,84,84,84,84,84],"relics":["Ring of the Snake","Gambling Chip","Happy Flower","Molten Egg 2","Question Card","Pantograph","Old Coin"],"card_choices":[{"not_picked":["Eviscerate","Deadly Poison"],"picked":"Concentrate","floor":1},{"not_picked":["Cloak And Dagger","Catalyst"],"picked":"Slice","floor":7},{"not_picked":["Footwork","Setup"],"picked":"Skewer","floor":10},{"not_picked":["Setup","Acrobatics"],"picked":"Eviscerate","floor":12},{"not_picked":["Deadly Poison","Riddle With Holes"],"picked":"Underhanded Strike","floor":13},{"not_picked":["Burst","Storm of Steel"],"picked":"Tactician","floor":16},{"not_picked":["Sucker Punch","Cloak And Dagger","Poisoned Stab"],"picked":"Underhanded Strike","floor":18},{"not_picked":["Poisoned Stab","Flechettes","Underhanded Strike"],"picked":"Backflip","floor":21},{"not_picked":["Deflect","Storm of Steel","Finisher"],"picked":"Choke","floor":24},{"not_picked":["Bane","Malaise","Backflip"],"picked":"Terror","floor":27},{"not_picked":["Finisher","Caltrops","Leg Sweep"],"picked":"Underhanded Strike","floor":29},{"not_picked":["Underhanded Strike","Expertise","Masterful Stab"],"picked":"Malaise","floor":31}],"player_experience":630477,"potions_floor_usage":[7,16,24,27,33,33],"damage_taken":[{"damage":2,"enemies":"2 Louse","floor":1,"turns":5},{"damage":27,"enemies":"Gremlin Nob","floor":7,"turns":5},{"damage":16,"enemies":"Lagavulin","floor":10,"turns":8},{"damage":0,"enemies":"Jaw Worm","floor":12,"turns":1},{"damage":0,"enemies":"Cultist","floor":13,"turns":3},{"damage":3,"enemies":"The Guardian","floor":16,"turns":11},{"damage":0,"enemies":"3 Byrds","floor":18,"turns":5},{"damage":0,"enemies":"Chosen","floor":21,"turns":1},{"damage":67,"enemies":"Book of Stabbing","floor":24,"turns":7},{"damage":39,"enemies":"Sentry and Sphere","floor":27,"turns":8},{"damage":6,"enemies":"Centurion and Healer","floor":29,"turns":4},{"damage":2,"enemies":"3 Cultists","floor":31,"turns":4},{"damage":80,"enemies":"Collector","floor":33,"turns":6}],"event_choices":[{"event_name":"Liars Game","player_choice":"agreed","floor":2,"damage_taken":0},{"event_name":"Upgrade Shrine","player_choice":"Upgraded","floor":4,"damage_taken":0},{"event_name":"Shining Light","player_choice":"Entered Light","floor":5,"damage_taken":0},{"event_name":"The Cleric","player_choice":"Healed","floor":14,"damage_taken":0},{"event_name":"Beggar","player_choice":"Gave Gold","floor":19,"damage_taken":0},{"event_name":"The Library","player_choice":"Read","floor":22,"damage_taken":0}],"boss_relics":[{"not_picked":["The Specimen","Runic Pyramid"],"picked":"Question Card"}],"potions_floor_spawned":[1,10,16,18,27,31],"seed_played":"-4202167768991625854","killed_by":"Collector","ascension_level":12,"is_trial":false}