{"gold_per_floor":[117,132,149,161,7,7,39,59,59,59,71,100,130,163,163,238,238,218,10,10,10,10,10,10,10,10,10,10,10,10,10,10,10],"floor_reached":33,"playtime":1409,"items_purged":[],"score":610,"play_id":"b289e51e-7188-4ba7-bd18-d54ffc570813","local_time":"20190317172716","is_ascension_mode":true,"campfire_choices":[{"data":"Armaments","floor":6,"key":"SMITH"},{"data":"Demon Form","floor":10,"key":"SMITH"},{"floor":15,"key":"DIG"},{"floor":24,"key":"REST"},{"floor":27,"key":"REST"},{"floor":32,"key":"DIG"}],"neow_cost":"NONE","seed_source_timestamp":56274171414571,"circlet_count":0,"master_deck":["AscendersBane","Strike_R+1","Strike_R+1","Strike_R+1","Strike_R+1","Strike_R+1","Defend_R+1","Defend_R+1","Defend_R+1","Defend_R+1","Bash","Armaments+1","Carnage","Wild Strike","Metallicize","Demon Form+1","Uppercut","Reckless Charge","Fiend Fire","Shrug It Off","Clothesline","Double Tap+1","Shockwave+1","Dual Wield+1","True Grit+1","Evolve+1","Havoc+1","Warcry+1","Necronomicurse"],"relics":["Burning Blood","Centennial Puzzle","Meat on the Bone","Shovel","Toxic Egg 2","Charon\u0027s Ashes","Bottled Lightning","Ectoplasm","Bag of Preparation","War Paint","MawBank","Oddly Smooth Stone","Necronomicon","Unceasing Top"],"potions_floor_usage":[8,8,14,18,23,33],"damage_taken":[{"damage":19,"enemies":"Cultist","floor":1,"turns":6},{"damage":15,"enemies":"Small Slimes","floor":2,"turns":3},{"damage":4,"enemies":"Jaw Worm","floor":3,"turns":3},{"damage":13,"enemies":"Large Slime","floor":4,"turns":6},{"damage":21,"enemies":"Gremlin Nob","floor":7,"turns":4},{"damage":1,"enemies":"Blue Slaver","floor":8,"turns":4},{"damage":3,"enemies":"3 Louse","floor":11,"turns":2},{"damage":30,"enemies":"Lagavulin","floor":12,"turns":7},{"damage":5,"enemies":"Gremlin Nob","floor":14,"turns":3},{"damage":39,"enemies":"Hexaghost","floor":16,"turns":9},{"damage":11,"enemies":"2 Thieves","floor":18,"turns":2},{"damage":0,"enemies":"Spheric Guardian","floor":21,"turns":1},{"damage":30,"enemies":"Shelled Parasite and Fungi","floor":22,"turns":4},{"damage":43,"enemies":"Slavers","floor":23,"turns":6},{"damage":30,"enemies":"Book of Stabbing","floor":25,"turns":5},{"damage":0,"enemies":"Snake Plant","floor":31,"turns":2},{"damage":56,"enemies":"Collector","floor":33,"turns":5}],"seed_played":"-7411744641397166540","potions_obtained":[{"floor":1,"key":"Dexterity Potion"},{"floor":7,"key":"Fire Potion"},{"floor":8,"key":"Fruit Juice"},{"floor":12,"key":"Energy Potion"},{"floor":22,"key":"GamblersBrew"},{"floor":25,"key":"Explosive Potion"}],"is_trial":false,"path_per_floor":["M","M","M","M","$","R","E","M","T","R","M","E","?","E","R","B",null,"M","$","?","M","M","E","R","E","T","R","?","$","?","M","R","B"],"character_chosen":"IRONCLAD","items_purchased":["Demon Form","Uppercut","Bag of Preparation","Dual Wield+1"],"campfire_rested":2,"item_purchase_floors":[5,5,19,19],"current_hp_per_floor":[62,53,55,48,48,48,33,43,43,43,58,46,46,59,59,38,75,70,70,70,76,52,27,53,41,41,67,67,67,46,52,52,0],"gold":10,"neow_bonus":"TEN_PERCENT_HP_BONUS","is_prod":false,"is_daily":false,"chose_seed":false,"campfire_upgraded":2,"win_rate":0,"timestamp":1552858036,"path_taken":["M","?","M","M","$","R","E","M","T","R","M","E","?","E","R","BOSS","M","$","?","M","M","E","R","E","T","R","?","?","?","M","R","BOSS"],"build_version":"2019-01-23","purchased_purges":0,"victory":false,"max_hp_per_floor":[82,82,82,82,82,82,82,87,87,87,87,87,87,87,87,87,87,87,87,87,87,87,87,87,87,87,87,87,87,87,87,87,87],"card_choices":[{"not_picked":["Fire Breathing","Pommel Strike"],"picked":"Armaments","floor":1},{"not_picked":["Twin Strike","Headbutt"],"picked":"Carnage","floor":2},{"not_picked":["Sword Boomerang","Armaments"],"picked":"Wild Strike","floor":3},{"not_picked":["Iron Wave","Cleave"],"picked":"Metallicize","floor":4},{"not_picked":["Twin Strike","Flex"],"picked":"Reckless Charge","floor":7},{"not_picked":["Havoc","Iron Wave"],"picked":"Fiend Fire","floor":8},{"not_picked":["Wild Strike","Power Through","Armaments"],"picked":"SKIP","floor":11},{"not_picked":["Anger","Headbutt"],"picked":"Shrug It Off","floor":12},{"not_picked":["Sword Boomerang","Rupture"],"picked":"Clothesline","floor":14},{"not_picked":["Brutality","Bludgeon"],"picked":"Double Tap+1","floor":16},{"not_picked":["Shrug It Off+1","Rupture"],"picked":"Shockwave+1","floor":18},{"not_picked":["Clothesline","Rage+1"],"picked":"True Grit+1","floor":21},{"not_picked":["True Grit+1","Wild Strike"],"picked":"Evolve+1","floor":22},{"not_picked":["Combust+1","Reckless Charge"],"picked":"Havoc+1","floor":23},{"not_picked":["Perfected Strike","Carnage"],"picked":"Warcry+1","floor":25},{"not_picked":["Heavy Blade","Sword Boomerang","Flex+1"],"picked":"SKIP","floor":31}],"player_experience":1177300,"relics_obtained":[{"floor":7,"key":"Centennial Puzzle"},{"floor":9,"key":"Meat on the Bone"},{"floor":12,"key":"Shovel"},{"floor":14,"key":"Charon\u0027s Ashes"},{"floor":15,"key":"Bottled Lightning"},{"floor":23,"key":"War Paint"},{"floor":25,"key":"MawBank"},{"floor":26,"key":"Oddly Smooth Stone"},{"floor":30,"key":"Necronomicon"},{"floor":32,"key":"Unceasing Top"}],"event_choices":[{"damage_healed":0,"gold_gain":30,"player_choice":"Searched \u00272\u0027 times","damage_taken":0,"relics_obtained":["Toxic Egg 2"],"max_hp_gain":0,"max_hp_loss":0,"event_name":"Dead Adventurer","floor":13,"gold_loss":0},{"damage_healed":0,"gold_gain":0,"player_choice":"Ignored","damage_taken":0,"max_hp_gain":0,"max_hp_loss":0,"event_name":"Beggar","floor":20,"gold_loss":0},{"damage_healed":0,"gold_gain":0,"player_choice":"Simplicity","damage_taken":0,"max_hp_gain":0,"max_hp_loss":0,"event_name":"Back to Basics","floor":28,"gold_loss":0,"cards_upgraded":["Strike_R","Strike_R","Strike_R","Strike_R","Strike_R","Defend_R","Defend_R"]},{"damage_healed":0,"gold_gain":0,"player_choice":"Obtained Book","damage_taken":21,"max_hp_gain":0,"max_hp_loss":0,"event_name":"Cursed Tome","floor":30,"gold_loss":0}],"is_beta":false,"boss_relics":[{"not_picked":["Tiny House","Runic Cube"],"picked":"Ectoplasm"}],"items_purged_floors":[],"is_endless":false,"potions_floor_spawned":[1,7,8,12,22,25],"killed_by":"Collector","ascension_level":20}