{"gold_per_floor":[112,37,37,48,63,63,10,10,10,45,45,63,88,100,100,171,171,188,238,253,271,271,271,283,283,283,283,297,322,165,165],"floor_reached":31,"playtime":1366,"items_purged":["Shame","Strike_G"],"score":605,"play_id":"42e1bcc7-c30a-46c9-afc7-38763aca2c46","local_time":"20190427211853","is_ascension_mode":true,"campfire_choices":[{"data":"Crippling Poison","floor":6,"key":"SMITH"},{"data":"Poisoned Stab","floor":8,"key":"SMITH"},{"data":"Catalyst","floor":11,"key":"SMITH"},{"floor":15,"key":"REST"},{"data":"Neutralize","floor":23,"key":"SMITH"},{"data":"Burst","floor":25,"key":"SMITH"},{"floor":27,"key":"REST"}],"neow_cost":"CURSE","seed_source_timestamp":443139094951185,"circlet_count":0,"master_deck":["AscendersBane","Defend_G","Defend_G","Defend_G","Defend_G","Defend_G","Strike_G","Strike_G","Strike_G","Strike_G","Survivor","Neutralize+1","Poisoned Stab+1","Crippling Poison+1","PiercingWail","Catalyst+1","Quick Slash","Deadly Poison","Burst+1","Backflip+1","Deadly Poison","Well Laid Plans","Noxious Fumes+1","PiercingWail"],"relics":["Ring of the Snake","Mango","Pear","Oddly Smooth Stone","Regal Pillow","Philosopher\u0027s Stone","SsserpentHead","Bottled Lightning","Strawberry"],"potions_floor_usage":[10,13,13,16,24,31,31],"damage_taken":[{"damage":31,"enemies":"Cultist","floor":1,"turns":7},{"damage":0,"enemies":"Small Slimes","floor":4,"turns":4},{"damage":0,"enemies":"2 Louse","floor":5,"turns":2},{"damage":18,"enemies":"Lagavulin","floor":10,"turns":7},{"damage":3,"enemies":"Gremlin Gang","floor":12,"turns":4},{"damage":13,"enemies":"3 Sentries","floor":13,"turns":5},{"damage":0,"enemies":"Large Slime","floor":14,"turns":4},{"damage":12,"enemies":"The Guardian","floor":16,"turns":6},{"damage":3,"enemies":"Spheric Guardian","floor":18,"turns":3},{"damage":12,"enemies":"3 Byrds","floor":20,"turns":4},{"damage":15,"enemies":"Centurion and Healer","floor":21,"turns":7},{"damage":12,"enemies":"Snake Plant","floor":24,"turns":3},{"damage":7,"enemies":"Sentry and Sphere","floor":28,"turns":4},{"damage":41,"enemies":"Slavers","floor":29,"turns":7},{"damage":36,"enemies":"Book of Stabbing","floor":31,"turns":4}],"seed_played":"3542931449230417727","potions_obtained":[{"floor":10,"key":"Swift Potion"},{"floor":12,"key":"FearPotion"},{"floor":13,"key":"Poison Potion"},{"floor":14,"key":"Dexterity Potion"},{"floor":28,"key":"SneckoOil"},{"floor":29,"key":"FearPotion"}],"is_trial":false,"path_per_floor":["M","$","?","M","M","R","$","R","T","E","R","M","E","M","R","B",null,"M","?","M","M","?","R","M","R","T","R","M","E","$","E"],"character_chosen":"THE_SILENT","items_purchased":["Poison Potion","Explosive Potion"],"campfire_rested":2,"item_purchase_floors":[7,30],"current_hp_per_floor":[42,42,30,30,30,30,30,30,40,22,22,19,6,6,48,36,77,74,74,62,47,47,47,35,35,35,77,70,36,36,0],"gold":165,"neow_bonus":"ONE_RARE_RELIC","is_prod":false,"is_daily":false,"chose_seed":false,"campfire_upgraded":5,"win_rate":0,"timestamp":1556414333,"path_taken":["M","$","?","?","?","R","?","R","T","E","R","?","E","M","R","BOSS","M","?","M","M","?","R","M","R","T","R","M","E","$","E"],"build_version":"2019-01-23","purchased_purges":2,"victory":false,"max_hp_per_floor":[80,80,80,80,80,80,80,80,90,90,90,90,90,90,90,90,90,90,90,90,90,90,90,90,90,90,90,90,97,97,97],"card_choices":[{"not_picked":["Terror","Dagger Throw"],"picked":"Poisoned Stab","floor":1},{"not_picked":["PiercingWail","Backflip"],"picked":"Crippling Poison","floor":4},{"not_picked":["Finisher","Reflex"],"picked":"PiercingWail","floor":5},{"not_picked":["Escape Plan","Caltrops"],"picked":"Catalyst","floor":10},{"not_picked":["Outmaneuver","Accuracy"],"picked":"Quick Slash","floor":12},{"not_picked":["Prepared","Bane","All Out Attack"],"picked":"SKIP","floor":13},{"not_picked":["Prepared","Blur"],"picked":"Deadly Poison","floor":14},{"not_picked":["Unload","Phantasmal Killer"],"picked":"Burst","floor":16},{"not_picked":["Flechettes","Noxious Fumes"],"picked":"Backflip+1","floor":18},{"not_picked":["Eviscerate","Sucker Punch"],"picked":"Deadly Poison","floor":20},{"not_picked":["Quick Slash","Outmaneuver","Underhanded Strike"],"picked":"SKIP","floor":21},{"not_picked":["Dagger Throw+1","Outmaneuver"],"picked":"Well Laid Plans","floor":24},{"not_picked":["Tools of the Trade","Underhanded Strike"],"picked":"Noxious Fumes+1","floor":28},{"not_picked":["Distraction","Backflip"],"picked":"PiercingWail","floor":29}],"player_experience":2004791,"relics_obtained":[{"floor":9,"key":"Pear"},{"floor":10,"key":"Oddly Smooth Stone"},{"floor":13,"key":"Regal Pillow"},{"floor":26,"key":"Bottled Lightning"},{"floor":29,"key":"Strawberry"}],"event_choices":[{"damage_healed":0,"gold_gain":0,"player_choice":"Damaged","damage_taken":12,"max_hp_gain":0,"max_hp_loss":0,"event_name":"Wheel of Change","floor":3,"gold_loss":0},{"damage_healed":0,"gold_gain":50,"player_choice":"Stole From Cult","damage_taken":0,"max_hp_gain":0,"max_hp_loss":0,"event_name":"Nest","floor":19,"gold_loss":0},{"damage_healed":0,"gold_gain":0,"player_choice":"Trade","damage_taken":0,"relics_obtained":["SsserpentHead"],"max_hp_gain":0,"max_hp_loss":0,"event_name":"FaceTrader","floor":22,"gold_loss":0}],"is_beta":false,"boss_relics":[{"not_picked":["Astrolabe","Ring of the Serpent"],"picked":"Philosopher\u0027s Stone"}],"items_purged_floors":[2,30],"is_endless":false,"potions_floor_spawned":[10,12,13,14,28,29],"killed_by":"Book of Stabbing","ascension_level":20}