{"gold_per_floor":[118,118,76,76,76,103,122,122,147,162,82,114,132,160,172,260,272,272,272,272,0,0,0],"floor_reached":23,"playtime":965,"items_purged":[],"score":408,"play_id":"8384cab8-0e1a-415e-b656-c44687b6ca49","local_time":"20190311024544","is_ascension_mode":true,"campfire_choices":[{"data":"Double Tap","floor":15,"key":"SMITH"}],"neow_cost":"NONE","seed_source_timestamp":660968183064566,"circlet_count":0,"master_deck":["AscendersBane","Defend_R","Defend_R","Defend_R","Defend_R","Bash+1","Intimidate","Sever Soul","Carnage","Double Tap+1","Shockwave","Metallicize","Flex","Spot Weakness","Metallicize","Demon Form","Sword Boomerang","Bite","Bite","Bite","Bite","Bite","Flex","Feel No Pain"],"relics":["Burning Blood","Pantograph","Orichalcum","Ancient Tea Set","MawBank","Ectoplasm","OrangePellets"],"potions_floor_usage":[10,14,22,22],"damage_taken":[{"damage":2,"enemies":"2 Louse","floor":1,"turns":3},{"damage":13,"enemies":"Gremlin Nob","floor":6,"turns":3},{"damage":9,"enemies":"Jaw Worm","floor":7,"turns":2},{"damage":0,"enemies":"Cultist","floor":10,"turns":3},{"damage":6,"enemies":"3 Sentries","floor":12,"turns":9},{"damage":4,"enemies":"Red Slaver","floor":13,"turns":2},{"damage":19,"enemies":"Lagavulin","floor":14,"turns":5},{"damage":15,"enemies":"Hexaghost","floor":16,"turns":8},{"damage":7,"enemies":"Shell Parasite","floor":18,"turns":4},{"damage":16,"enemies":"3 Byrds","floor":22,"turns":6},{"damage":66,"enemies":"Slavers","floor":23,"turns":4}],"seed_played":"2450319509690199174","potions_obtained":[{"floor":1,"key":"SpeedPotion"},{"floor":6,"key":"GamblersBrew"},{"floor":10,"key":"FairyPotion"},{"floor":13,"key":"Fire Potion"},{"floor":18,"key":"SkillPotion"}],"is_trial":false,"path_per_floor":["M","?","$","?","?","E","M","$","T","M","$","E","M","E","R","B",null,"M","?","?","$","M","E"],"character_chosen":"IRONCLAD","items_purchased":["Carnage","Metallicize","OrangePellets","Flex"],"campfire_rested":0,"item_purchase_floors":[3,11,21,21],"current_hp_per_floor":[72,72,72,49,54,47,44,44,44,50,50,50,52,39,39,55,74,73,56,56,56,52,0],"gold":0,"neow_bonus":"THREE_CARDS","is_prod":false,"is_daily":false,"chose_seed":false,"campfire_upgraded":1,"win_rate":0,"timestamp":1552286744,"path_taken":["M","?","$","?","?","E","M","?","T","M","$","E","M","E","R","BOSS","M","?","?","$","M","E"],"build_version":"2019-01-23","purchased_purges":0,"victory":false,"max_hp_per_floor":[75,75,75,75,80,80,80,80,80,80,80,80,80,80,80,80,80,80,56,56,56,56,56],"card_choices":[{"not_picked":["Shrug It Off","Dual Wield"],"picked":"Intimidate","floor":0},{"not_picked":["Burning Pact","Sentinel"],"picked":"Sever Soul","floor":1},{"not_picked":["Anger","Thunderclap"],"picked":"Double Tap","floor":6},{"not_picked":["Headbutt","Rupture"],"picked":"Shockwave","floor":7},{"not_picked":["Corruption","True Grit","Sword Boomerang"],"picked":"SKIP","floor":10},{"not_picked":["Body Slam","Iron Wave"],"picked":"Flex","floor":12},{"not_picked":["Combust","Hemokinesis"],"picked":"Spot Weakness","floor":13},{"not_picked":["Burning Pact","Whirlwind"],"picked":"Metallicize","floor":14},{"not_picked":["Barricade","Dark Embrace"],"picked":"Demon Form","floor":16},{"not_picked":["Clash","Infernal Blade"],"picked":"Sword Boomerang","floor":18},{"not_picked":["Sever Soul","Pommel Strike"],"picked":"Feel No Pain","floor":22}],"player_experience":1018198,"relics_obtained":[{"floor":6,"key":"Pantograph"},{"floor":9,"key":"Orichalcum"},{"floor":12,"key":"Ancient Tea Set"},{"floor":14,"key":"MawBank"}],"event_choices":[{"damage_healed":0,"gold_gain":0,"player_choice":"Grow","damage_taken":0,"max_hp_gain":0,"max_hp_loss":0,"event_name":"Living Wall","floor":2,"gold_loss":0,"cards_upgraded":["Bash"]},{"damage_healed":0,"gold_gain":0,"player_choice":"Entered Light","damage_taken":23,"max_hp_gain":0,"max_hp_loss":0,"event_name":"Shining Light","floor":4,"gold_loss":0,"cards_upgraded":["Strike_R","Strike_R"]},{"damage_healed":0,"gold_gain":0,"player_choice":"Donut","damage_taken":0,"max_hp_gain":5,"max_hp_loss":0,"event_name":"Big Fish","floor":5,"gold_loss":0},{"damage_healed":0,"gold_gain":0,"player_choice":"Became a vampire","damage_taken":0,"max_hp_gain":0,"max_hp_loss":24,"event_name":"Vampires","floor":19,"gold_loss":0,"cards_obtained":["Bite","Bite","Bite","Bite","Bite"]},{"damage_healed":0,"gold_gain":0,"player_choice":"Ignored","damage_taken":0,"max_hp_gain":0,"max_hp_loss":0,"event_name":"Golden Shrine","floor":20,"gold_loss":0}],"is_beta":false,"boss_relics":[{"not_picked":["Black Star","Runic Pyramid"],"picked":"Ectoplasm"}],"items_purged_floors":[],"is_endless":false,"potions_floor_spawned":[1,6,10,13,18],"killed_by":"Slavers","ascension_level":17}