{"gold_per_floor":[110,20,20,20,20,20,47,62,85,124,136,166,178,221,233,318,330,361,373,336,398,410],"floor_reached":22,"playtime":997,"items_purged":[],"score":450,"play_id":"88370703-cae8-4cec-ba30-c25686b20c53","local_time":"20190503101827","is_ascension_mode":true,"campfire_choices":[{"data":"Neutralize","floor":6,"key":"SMITH"},{"data":"Caltrops","floor":11,"key":"SMITH"},{"data":"Footwork","floor":13,"key":"SMITH"},{"floor":15,"key":"REST"}],"neow_cost":"NONE","seed_source_timestamp":922329799983976,"circlet_count":0,"master_deck":["AscendersBane","Defend_G","Defend_G","Defend_G","Defend_G","Defend_G","Strike_G","Strike_G","Strike_G","Strike_G","Strike_G","Survivor","Neutralize+1","Footwork+1","Caltrops+1","Dash","Dash","Adrenaline","PiercingWail","Escape Plan","Malaise","Dodge and Roll","Eviscerate"],"relics":["Ring of the Snake","NeowsBlessing","Blue Candle","Omamori","MawBank","Vajra","Regal Pillow","HoveringKite","Enchiridion"],"potions_floor_usage":[10,14,22],"damage_taken":[{"damage":0,"enemies":"2 Louse","floor":1,"turns":1},{"damage":0,"enemies":"Lagavulin","floor":7,"turns":2},{"damage":0,"enemies":"Jaw Worm","floor":8,"turns":1},{"damage":23,"enemies":"Gremlin Nob","floor":10,"turns":6},{"damage":0,"enemies":"Small Slimes","floor":12,"turns":4},{"damage":14,"enemies":"3 Sentries","floor":14,"turns":8},{"damage":4,"enemies":"The Guardian","floor":16,"turns":15},{"damage":0,"enemies":"3 Byrds","floor":18,"turns":3},{"damage":21,"enemies":"2 Thieves","floor":20,"turns":5},{"damage":24,"enemies":"Sentry and Sphere","floor":22,"turns":3}],"seed_played":"4144467008129657846","potions_obtained":[{"floor":1,"key":"Fire Potion"},{"floor":8,"key":"GhostInAJar"},{"floor":16,"key":"Dexterity Potion"},{"floor":20,"key":"Poison Potion"}],"is_trial":false,"path_per_floor":["M","$","?","$","?","R","E","M","T","E","R","M","R","E","R","B",null,"M","?","M","?","M"],"character_chosen":"THE_SILENT","items_purchased":["Caltrops"],"campfire_rested":1,"item_purchase_floors":[2],"current_hp_per_floor":[59,59,64,64,53,53,53,53,53,30,30,30,30,16,52,48,65,65,44,23,23,0],"gold":410,"neow_bonus":"THREE_ENEMY_KILL","is_prod":false,"is_daily":false,"chose_seed":false,"campfire_upgraded":3,"win_rate":0,"timestamp":1556893107,"path_taken":["M","$","?","$","?","R","E","M","T","E","R","M","R","E","R","BOSS","M","?","M","?","M"],"build_version":"2019-01-23","purchased_purges":0,"victory":false,"max_hp_per_floor":[66,66,71,71,71,71,71,71,71,71,71,71,71,71,71,71,71,71,71,71,71,71],"card_choices":[{"not_picked":["Catalyst","Eviscerate"],"picked":"Footwork","floor":1},{"not_picked":["Blade Dance","Dagger Spray"],"picked":"Dash","floor":7},{"not_picked":["Underhanded Strike","Escape Plan"],"picked":"Dash","floor":8},{"not_picked":["Flying Knee","Dagger Spray"],"picked":"Adrenaline","floor":10},{"not_picked":["Blur","Reflex"],"picked":"PiercingWail","floor":12},{"not_picked":["Envenom","Underhanded Strike"],"picked":"Escape Plan","floor":14},{"not_picked":["Grand Finale","Corpse Explosion"],"picked":"Malaise","floor":16},{"not_picked":["Slice","Heel Hook"],"picked":"Dodge and Roll","floor":18},{"not_picked":["Cloak And Dagger","Tools of the Trade"],"picked":"Eviscerate","floor":20}],"player_experience":2296404,"relics_obtained":[{"floor":7,"key":"Omamori"},{"floor":9,"key":"MawBank"},{"floor":10,"key":"Vajra"},{"floor":14,"key":"Regal Pillow"},{"floor":19,"key":"Enchiridion"}],"event_choices":[{"damage_healed":0,"gold_gain":0,"player_choice":"Donut","damage_taken":0,"max_hp_gain":5,"max_hp_loss":0,"event_name":"Big Fish","floor":3,"gold_loss":0},{"damage_healed":0,"gold_gain":0,"player_choice":"Success","damage_taken":11,"relics_obtained":["Blue Candle"],"max_hp_gain":0,"max_hp_loss":0,"event_name":"Scrap Ooze","floor":5,"gold_loss":0},{"damage_healed":0,"gold_gain":0,"player_choice":"Obtained Book","damage_taken":21,"max_hp_gain":0,"max_hp_loss":0,"event_name":"Cursed Tome","floor":19,"gold_loss":0},{"damage_healed":0,"gold_gain":50,"player_choice":"Stole From Cult","damage_taken":0,"max_hp_gain":0,"max_hp_loss":0,"event_name":"Nest","floor":21,"gold_loss":0}],"is_beta":false,"boss_relics":[{"not_picked":["Eternal Feather","Coffee Dripper"],"picked":"HoveringKite"}],"items_purged_floors":[],"is_endless":false,"potions_floor_spawned":[1,8,16,20],"killed_by":"Sentry and Sphere","ascension_level":20}