{"gold_per_floor":[119,138,158,158,158,158,168,178,178,191,191,42,42,62,62,137,137,153,131,31,0,18,18,18],"floor_reached":24,"playtime":1655,"items_purged":["Strike_G","Defend_G"],"score":361,"play_id":"bc2ffcd5-2efa-4916-ba23-9d68613853c5","local_time":"20190511055329","is_ascension_mode":true,"campfire_choices":[{"data":"Neutralize","floor":6,"key":"SMITH"},{"floor":11,"key":"DIG"},{"data":"Cloak And Dagger","floor":13,"key":"SMITH"},{"floor":15,"key":"DIG"},{"floor":23,"key":"DIG"}],"neow_cost":"NONE","seed_source_timestamp":3489228064036119,"circlet_count":0,"master_deck":["AscendersBane","Defend_G","Defend_G","Defend_G","Defend_G","Strike_G","Strike_G","Strike_G","Survivor","Neutralize+1","Quick Slash","Endless Agony","Backstab","Backflip","PiercingWail","Cloak And Dagger+1","Slice","Cloak And Dagger","After Image","Deflect","Blade Dance"],"relics":["WristBlade","Shovel","Ninja Scroll","Tingsha","Sozu","Boot"],"potions_floor_usage":[16,16,19],"damage_taken":[{"damage":9,"enemies":"Cultist","floor":1,"turns":6},{"damage":8,"enemies":"Jaw Worm","floor":2,"turns":5},{"damage":7,"enemies":"2 Louse","floor":3,"turns":3},{"damage":2,"enemies":"Lots of Slimes","floor":7,"turns":4},{"damage":2,"enemies":"Exordium Wildlife","floor":8,"turns":3},{"damage":5,"enemies":"3 Louse","floor":10,"turns":3},{"damage":0,"enemies":"Blue Slaver","floor":14,"turns":2},{"damage":21,"enemies":"Slime Boss","floor":16,"turns":14},{"damage":9,"enemies":"Shell Parasite","floor":18,"turns":4},{"damage":2,"enemies":"2 Thieves","floor":19,"turns":4},{"damage":8,"enemies":"Shelled Parasite and Fungi","floor":22,"turns":5},{"damage":64,"enemies":"Gremlin Leader","floor":24,"turns":12}],"seed_played":"-599459819290895057","potions_obtained":[{"floor":3,"key":"Block Potion"},{"floor":7,"key":"GhostInAJar"},{"floor":16,"key":"Regen Potion"}],"is_trial":false,"path_per_floor":["M","M","M","?","?","R","M","M","T","M","R","$","R","M","R","B",null,"M","M","$","?","M","R","E"],"character_chosen":"THE_SILENT","items_purchased":["Cloak And Dagger","Slice"],"campfire_rested":0,"item_purchase_floors":[12,12],"current_hp_per_floor":[50,42,35,35,35,35,33,31,31,26,26,26,26,26,26,5,51,42,54,54,54,46,46,0],"gold":18,"neow_bonus":"BOSS_RELIC","is_prod":false,"is_daily":false,"chose_seed":false,"campfire_upgraded":2,"win_rate":0,"timestamp":1557572009,"path_taken":["M","M","?","?","?","R","?","M","T","M","R","$","R","M","R","BOSS","M","M","$","?","M","R","E"],"build_version":"2019-01-23","purchased_purges":2,"victory":false,"max_hp_per_floor":[66,66,66,66,66,66,66,66,66,66,66,66,66,66,66,66,66,66,66,66,66,66,66,66],"card_choices":[{"not_picked":["Dagger Throw","Catalyst"],"picked":"Quick Slash","floor":1},{"not_picked":["Distraction","Choke"],"picked":"Endless Agony","floor":2},{"not_picked":["Deadly Poison","Prepared"],"picked":"Backstab","floor":3},{"not_picked":["Escape Plan","Catalyst"],"picked":"Backflip","floor":7},{"not_picked":["Quick Slash","Riddle With Holes","Dagger Spray"],"picked":"SKIP","floor":8},{"not_picked":["Acrobatics","Dagger Throw"],"picked":"PiercingWail","floor":10},{"not_picked":["Underhanded Strike","Expertise"],"picked":"Cloak And Dagger","floor":14},{"not_picked":["Tools of the Trade","Malaise"],"picked":"After Image","floor":16},{"not_picked":["Heel Hook","Prepared","Bane"],"picked":"SKIP","floor":18},{"not_picked":["Bane+1","Dagger Throw"],"picked":"Deflect","floor":19},{"not_picked":["Tactician","Prepared"],"picked":"Blade Dance","floor":22}],"player_experience":680557,"relics_obtained":[{"floor":9,"key":"Shovel"},{"floor":11,"key":"Ninja Scroll"},{"floor":15,"key":"Tingsha"},{"floor":23,"key":"Boot"}],"event_choices":[{"damage_healed":0,"gold_gain":0,"player_choice":"Ignored","damage_taken":0,"max_hp_gain":0,"max_hp_loss":0,"event_name":"Shining Light","floor":4,"gold_loss":0},{"cards_removed":["Strike_G"],"damage_healed":0,"gold_gain":0,"player_choice":"Offered Basic","damage_taken":0,"max_hp_gain":0,"max_hp_loss":0,"event_name":"Bonfire Elementals","floor":5,"gold_loss":0},{"damage_healed":0,"gold_gain":0,"player_choice":"Paid Fearfully","damage_taken":0,"max_hp_gain":0,"max_hp_loss":0,"event_name":"Masked Bandits","floor":21,"gold_loss":31}],"is_beta":false,"boss_relics":[{"not_picked":["HoveringKite","Runic Dome"],"picked":"Sozu"}],"items_purged_floors":[12,20],"is_endless":false,"potions_floor_spawned":[3,7,8,16,22],"killed_by":"Gremlin Leader","ascension_level":18}