{"gold_per_floor":[14,14,89,106,56,56,66,38,63,63,80,96,96,128,128,128],"floor_reached":16,"playtime":516,"items_purged":[],"score":185,"play_id":"b13ed6a2-b386-458a-8f71-e5da2dced25e","local_time":"20190106222826","is_ascension_mode":true,"campfire_choices":[{"data":"Bash","floor":6.0,"key":"SMITH"},{"data":"True Grit","floor":10.0,"key":"SMITH"},{"data":"Inflame","floor":13.0,"key":"SMITH"},{"data":"Sword Boomerang","floor":15,"key":"SMITH"}],"neow_cost":"NO_GOLD","seed_source_timestamp":39393267868202,"circlet_count":0,"master_deck":["AscendersBane","Strike_R","Strike_R","Strike_R","Strike_R","Strike_R","Defend_R","Defend_R","Defend_R","Defend_R","Bash+1","Good Instincts","Impatience","Shrug It Off","Sword Boomerang+1","True Grit+1","Inflame+1","Shrug It Off","Warcry","Warcry","Ghostly Armor","Corruption"],"special_seed":0,"relics":["Burning Blood","Happy Flower","Thread and Needle"],"potions_floor_usage":[14],"damage_taken":[{"damage":0.0,"enemies":"2 Louse","floor":1.0,"turns":3.0},{"damage":4.0,"enemies":"Jaw Worm","floor":4.0,"turns":5.0},{"damage":6.0,"enemies":"Cultist","floor":7.0,"turns":4.0},{"damage":13.0,"enemies":"Large Slime","floor":11.0,"turns":8.0},{"damage":1.0,"enemies":"Looter","floor":12.0,"turns":3.0},{"damage":24,"enemies":"3 Sentries","floor":14,"turns":10},{"damage":54,"enemies":"Slime Boss","floor":16,"turns":15}],"seed_played":"315987700742100183","potions_obtained":[{"floor":1.0,"key":"BloodPotion"},{"floor":7.0,"key":"Weak Potion"},{"floor":11.0,"key":"Dexterity Potion"},{"floor":14,"key":"Strength Potion"}],"is_trial":false,"path_per_floor":["M","?","?","M","$","R","M","$","T","R","M","M","R","E","R","B"],"character_chosen":"IRONCLAD","items_purchased":["True Grit","Shrug It Off"],"campfire_rested":0,"item_purchase_floors":[5,8],"current_hp_per_floor":[74,74,63,65,65,65,65,65,65,65,58,63,63,52,52,0],"gold":128,"neow_bonus":"RANDOM_COLORLESS_2","is_prod":false,"is_daily":false,"chose_seed":false,"campfire_upgraded":4,"win_rate":0,"timestamp":1546838906,"path_taken":["M","?","?","M","$","R","M","$","T","R","M","M","R","E","R","BOSS"],"build_version":"2019-01-03v4","purchased_purges":0,"victory":false,"max_hp_per_floor":[75,75,75,75,75,75,75,75,75,75,75,75,75,75,75,75],"card_choices":[{"not_picked":["Rampage","Pommel Strike"],"picked":"Shrug It Off","floor":1.0},{"not_picked":["Twin Strike","Battle Trance"],"picked":"Sword Boomerang","floor":4.0},{"not_picked":["Heavy Blade","Rage"],"picked":"Inflame","floor":7.0},{"not_picked":["Body Slam","Burning Pact"],"picked":"Warcry","floor":11.0},{"not_picked":["Body Slam","Burning Pact"],"picked":"Warcry","floor":11.0},{"not_picked":["Warcry","Evolve"],"picked":"Ghostly Armor","floor":12.0},{"not_picked":["Heavy Blade","Infernal Blade"],"picked":"Corruption","floor":14}],"player_experience":1031207,"relics_obtained":[{"floor":9.0,"key":"Happy Flower"},{"floor":14,"key":"Thread and Needle"}],"event_choices":[{"damage_healed":0.0,"max_hp_gain":0.0,"max_hp_loss":0.0,"gold_gain":0.0,"event_name":"The Cleric","player_choice":"Leave","floor":2.0,"gold_loss":0.0,"damage_taken":0.0},{"damage_healed":0.0,"max_hp_gain":0.0,"max_hp_loss":0.0,"gold_gain":75.0,"event_name":"World of Goop","player_choice":"Gather Gold","floor":3.0,"gold_loss":0.0,"damage_taken":11.0}],"is_beta":true,"boss_relics":[],"items_purged_floors":[],"is_endless":false,"potions_floor_spawned":[1,7,11,14],"killed_by":"Slime Boss","ascension_level":17}