{"gold_per_floor":[115,115,115,135,105,143,143,168,168,181,220,6,6,19,19,150,150,164,189,209,227,227,266,266,166,218,236,261,276,276,289,289,289],"floor_reached":33,"playtime":4426,"items_purged":["Strike_G","Strike_G"],"score":281,"play_id":"d95d8e84-952a-4952-86cf-9f6855dea5f9","local_time":"20190506193752","is_ascension_mode":false,"campfire_choices":[{"data":"Neutralize","floor":7.0,"key":"SMITH"},{"data":"Well Laid Plans","floor":13.0,"key":"SMITH"},{"floor":15.0,"key":"REST"},{"floor":24.0,"key":"REST"},{"floor":30,"key":"REST"},{"floor":32,"key":"REST"}],"neow_cost":"NONE","seed_source_timestamp":0,"circlet_count":0,"master_deck":["Defend_G","Defend_G","Defend_G","Defend_G","Defend_G","Strike_G","Strike_G","Survivor","Neutralize+1","Quick Slash","Iron Wave","Poisoned Stab","Backstab","Dodge and Roll","Bouncing Flask","Backflip","Deadly Poison","Well Laid Plans+1","Dagger Spray","Night Terror","Sucker Punch","Deadly Poison","Escape Plan","Prepared","Necronomicurse","Quick Slash+1","Poisoned Stab+1","Deflect+1","Sucker Punch+1"],"special_seed":0,"relics":["Ring of the Snake","Golden Idol","Incense Burner","Thread and Needle","Happy Flower","Fusion Hammer","Necronomicon","Kunai","Bag of Marbles"],"potions_floor_usage":[33],"damage_taken":[{"damage":2.0,"enemies":"Jaw Worm","floor":1.0,"turns":9.0},{"damage":0.0,"enemies":"Cultist","floor":4.0,"turns":4.0},{"damage":31.0,"enemies":"Gremlin Nob","floor":6.0,"turns":6.0},{"damage":2.0,"enemies":"Small Slimes","floor":8.0,"turns":2.0},{"damage":9.0,"enemies":"Gremlin Gang","floor":10.0,"turns":5.0},{"damage":2.0,"enemies":"3 Sentries","floor":11.0,"turns":11.0},{"damage":0.0,"enemies":"Lots of Slimes","floor":14.0,"turns":4.0},{"damage":12.0,"enemies":"Slime Boss","floor":16.0,"turns":8.0},{"damage":14.0,"enemies":"Spheric Guardian","floor":18.0,"turns":5.0},{"damage":1.0,"enemies":"Shell Parasite","floor":19.0,"turns":5.0},{"damage":22.0,"enemies":"Cultist and Chosen","floor":20.0,"turns":6.0},{"damage":7.0,"enemies":"Sentry and Sphere","floor":21.0,"turns":4.0},{"damage":10.0,"enemies":"Book of Stabbing","floor":23.0,"turns":6.0},{"damage":4.0,"enemies":"Centurion and Healer","floor":27.0,"turns":8.0},{"damage":6.0,"enemies":"3 Cultists","floor":28.0,"turns":6.0},{"damage":0,"enemies":"Cultist and Chosen","floor":29,"turns":4},{"damage":0,"enemies":"Shelled Parasite and Fungi","floor":31,"turns":5},{"damage":74,"enemies":"Automaton","floor":33,"turns":12}],"seed_played":"6186885683039146960","potions_obtained":[{"floor":4.0,"key":"FearPotion"},{"floor":5.0,"key":"FairyPotion"},{"floor":5.0,"key":"GamblersBrew"},{"floor":11.0,"key":"LiquidBronze"},{"floor":14.0,"key":"SpeedPotion"},{"floor":18.0,"key":"FearPotion"},{"floor":23.0,"key":"Swift Potion"}],"is_trial":false,"path_per_floor":["M","?","?","M","?","E","R","M","T","M","E","$","R","M","R","B",null,"M","M","M","M","?","E","R","$","T","M","M","M","R","M","R","B"],"character_chosen":"THE_SILENT","items_purchased":["Deadly Poison","Fire Potion","Well Laid Plans"],"campfire_rested":4,"item_purchase_floors":[12,12,12],"current_hp_per_floor":[75,71,71,71,71,40,40,38,38,29,27,27,27,27,48,36,71,57,56,34,27,11,1,22,22,22,18,12,12,33,33,54,0],"gold":289,"neow_bonus":"TEN_PERCENT_HP_BONUS","is_prod":false,"is_daily":false,"chose_seed":false,"campfire_upgraded":2,"win_rate":0.0,"timestamp":1557189472,"path_taken":["M","?","?","?","?","E","R","M","T","M","E","$","R","?","R","BOSS","M","?","M","M","?","E","R","$","T","M","M","M","R","M","R","BOSS"],"build_version":"2019-01-23","purchased_purges":2,"victory":false,"max_hp_per_floor":[77,71,71,71,71,71,71,71,71,71,71,71,71,71,71,71,71,71,71,71,71,71,71,71,71,71,71,71,71,71,71,71,71],"card_choices":[{"not_picked":["Acrobatics","Predator"],"picked":"Quick Slash","floor":1.0},{"not_picked":["Infinite Blades","Eviscerate"],"picked":"Poisoned Stab","floor":4.0},{"not_picked":["Poisoned Stab","Heel Hook"],"picked":"Backstab","floor":6.0},{"not_picked":["Blade Dance","Poisoned Stab"],"picked":"Dodge and Roll","floor":8.0},{"not_picked":["Quick Slash","Acrobatics"],"picked":"Bouncing Flask","floor":10.0},{"not_picked":["Wraith Form v2","Slice"],"picked":"Backflip","floor":11.0},{"not_picked":["Riddle With Holes","Skewer"],"picked":"Dagger Spray","floor":14.0},{"not_picked":["Adrenaline","After Image"],"picked":"Night Terror","floor":16.0},{"not_picked":["Slice","Dodge and Roll+1"],"picked":"Sucker Punch","floor":18.0},{"not_picked":["Backflip","Skewer"],"picked":"Deadly Poison","floor":19.0},{"not_picked":["Flechettes","Acrobatics"],"picked":"Escape Plan","floor":20.0},{"not_picked":["Outmaneuver","Envenom"],"picked":"Prepared","floor":21.0},{"not_picked":["Skewer","Heel Hook"],"picked":"Quick Slash+1","floor":23.0},{"not_picked":["Riddle With Holes+1","PiercingWail"],"picked":"Poisoned Stab+1","floor":27.0},{"not_picked":["Eviscerate","Slice","Masterful Stab"],"picked":"SKIP","floor":28},{"not_picked":["Expertise+1","Dagger Spray"],"picked":"Deflect+1","floor":29},{"not_picked":["Wraith Form v2","Deadly Poison+1"],"picked":"Sucker Punch+1","floor":31}],"player_experience":12958,"relics_obtained":[{"floor":6.0,"key":"Incense Burner"},{"floor":9.0,"key":"Thread and Needle"},{"floor":11.0,"key":"Happy Flower"},{"floor":22.0,"key":"Necronomicon"},{"floor":23.0,"key":"Kunai"},{"floor":26.0,"key":"Bag of Marbles"}],"event_choices":[{"damage_healed":0.0,"max_hp_gain":0.0,"max_hp_loss":6.0,"gold_gain":0.0,"event_name":"Golden Idol","player_choice":"Lose Max HP","floor":2.0,"gold_loss":0.0,"damage_taken":0.0,"relics_obtained":["Golden Idol"]},{"cards_removed":["Strike_G"],"damage_healed":0.0,"max_hp_gain":0.0,"max_hp_loss":0.0,"gold_gain":0.0,"event_name":"NoteForYourself","player_choice":"Took Card","floor":3.0,"gold_loss":0.0,"damage_taken":0.0,"cards_obtained":["Iron Wave"]},{"damage_healed":0.0,"max_hp_gain":0.0,"max_hp_loss":0.0,"gold_gain":0.0,"event_name":"The Woman in Blue","player_choice":"Bought 2 Potions","floor":5.0,"gold_loss":0.0,"damage_taken":0.0},{"damage_healed":0.0,"max_hp_gain":0.0,"max_hp_loss":0.0,"gold_gain":0.0,"event_name":"Cursed Tome","player_choice":"Obtained Book","floor":22.0,"gold_loss":0.0,"damage_taken":16.0}],"is_beta":false,"boss_relics":[{"not_picked":["Empty Cage","Black Star"],"picked":"Fusion Hammer"}],"items_purged_floors":[12,25],"is_endless":false,"potions_floor_spawned":[4,11,14,18,19,20,23],"killed_by":"Automaton","ascension_level":0}