{"gold_per_floor":[119,136,136,151,170,170,195,195,240,269,289,289,308,32,32,107,107,119,69,69,88,88,123,123,173,173,189,189],"floor_reached":28,"playtime":1208,"items_purged":["Strike_G","Strike_G"],"score":496,"play_id":"fb20d1fc-5773-42d3-a599-6f8f9e3ccec4","local_time":"20190502055820","is_ascension_mode":true,"campfire_choices":[{"data":"Dagger Spray","floor":6.0,"key":"SMITH"},{"data":"Crippling Poison","floor":8.0,"key":"SMITH"},{"floor":12,"key":"REST"},{"data":"Catalyst","floor":15,"key":"SMITH"},{"floor":24,"key":"REST"}],"neow_cost":"NONE","seed_source_timestamp":820059590454220,"circlet_count":0,"master_deck":["AscendersBane","Defend_G","Defend_G","Defend_G","Defend_G","Defend_G","Strike_G","Survivor","Neutralize+1","Poisoned Stab+1","Dagger Spray+1","Deadly Poison","Deadly Poison","Crippling Poison+1","Catalyst+1","Cloak And Dagger","After Image","Escape Plan","Blur","Backflip"],"special_seed":0,"relics":["Ring of the Snake","Matryoshka","Art of War","Smiling Mask","Bronze Scales","OrangePellets","Empty Cage","Blood Vial","Ancient Tea Set","Frozen Egg 2"],"potions_floor_usage":[11,23],"damage_taken":[{"damage":0.0,"enemies":"2 Louse","floor":1.0,"turns":4.0},{"damage":0.0,"enemies":"Cultist","floor":2.0,"turns":3.0},{"damage":0.0,"enemies":"Small Slimes","floor":4.0,"turns":3.0},{"damage":0.0,"enemies":"Exordium Wildlife","floor":5.0,"turns":3.0},{"damage":27.0,"enemies":"3 Sentries","floor":7.0,"turns":9.0},{"damage":28.0,"enemies":"Gremlin Nob","floor":10.0,"turns":4.0},{"damage":0,"enemies":"Looter","floor":11,"turns":1},{"damage":4,"enemies":"Large Slime","floor":13,"turns":6},{"damage":4,"enemies":"Hexaghost","floor":16,"turns":6},{"damage":7,"enemies":"Shell Parasite","floor":18,"turns":5},{"damage":0,"enemies":"Spheric Guardian","floor":21,"turns":3},{"damage":21,"enemies":"Gremlin Leader","floor":23,"turns":5},{"damage":22,"enemies":"Shelled Parasite and Fungi","floor":27,"turns":4},{"damage":14,"enemies":"Book of Stabbing","floor":28,"turns":3}],"seed_played":"-2381754293211989212","potions_obtained":[{"floor":1.0,"key":"Swift Potion"},{"floor":7.0,"key":"Strength Potion"},{"floor":10.0,"key":"Fire Potion"},{"floor":16,"key":"Explosive Potion"},{"floor":21,"key":"Explosive Potion"},{"floor":23,"key":"Explosive Potion"}],"is_trial":false,"path_per_floor":["M","M","?","M","M","R","E","R","T","E","M","R","M","$","R","B",null,"M","$","?","M","?","E","R","?","T","M","E"],"character_chosen":"THE_SILENT","items_purchased":["OrangePellets"],"campfire_rested":2,"item_purchase_floors":[14],"current_hp_per_floor":[59,59,59,59,59,59,32,32,32,4,4,23,19,19,19,15,53,46,46,40,40,40,19,38,32,32,12,0],"gold":189,"neow_bonus":"UPGRADE_CARD","is_prod":false,"is_daily":false,"chose_seed":false,"campfire_upgraded":3,"win_rate":0,"timestamp":1556791100,"path_taken":["M","M","?","M","M","R","E","R","T","E","M","R","M","$","R","BOSS","M","$","?","?","?","E","R","?","T","?","E"],"build_version":"2019-01-23","purchased_purges":2,"victory":false,"max_hp_per_floor":[66,66,66,66,66,66,66,66,66,66,66,66,66,66,66,66,66,66,66,66,66,66,66,66,66,66,66,66],"card_choices":[{"not_picked":["Dagger Throw","Reflex"],"picked":"Poisoned Stab","floor":1.0},{"not_picked":["Endless Agony","All Out Attack"],"picked":"Dagger Spray","floor":2.0},{"not_picked":["Backflip","Escape Plan"],"picked":"Deadly Poison","floor":4.0},{"not_picked":["Underhanded Strike","Choke"],"picked":"Deadly Poison","floor":5.0},{"not_picked":["All Out Attack","Blade Dance"],"picked":"Crippling Poison","floor":7.0},{"not_picked":["Choke","Outmaneuver","Calculated Gamble"],"picked":"SKIP","floor":10.0},{"not_picked":["Choke","Outmaneuver","Calculated Gamble"],"picked":"SKIP","floor":10.0},{"not_picked":["PiercingWail","Wraith Form v2"],"picked":"Catalyst","floor":11},{"not_picked":["Backstab","Prepared"],"picked":"Cloak And Dagger","floor":13},{"not_picked":["Grand Finale","Malaise"],"picked":"After Image","floor":16},{"not_picked":["Infinite Blades","Underhanded Strike"],"picked":"Escape Plan","floor":18},{"not_picked":["Prepared","Blade Dance"],"picked":"Blur","floor":21},{"not_picked":["Outmaneuver","Acrobatics"],"picked":"Backflip","floor":23},{"not_picked":["Slice","Deadly Poison","Sucker Punch"],"picked":"SKIP","floor":27}],"player_experience":2231533,"relics_obtained":[{"floor":7.0,"key":"Matryoshka"},{"floor":9.0,"key":"Art of War"},{"floor":9.0,"key":"Smiling Mask"},{"floor":10.0,"key":"Bronze Scales"},{"floor":23,"key":"Blood Vial"},{"floor":26,"key":"Ancient Tea Set"},{"floor":26,"key":"Frozen Egg 2"}],"event_choices":[{"damage_healed":0.0,"max_hp_gain":0.0,"max_hp_loss":0.0,"gold_gain":0.0,"event_name":"Living Wall","player_choice":"Grow","floor":3.0,"gold_loss":0.0,"damage_taken":0.0,"cards_upgraded":["Poisoned Stab"]},{"damage_healed":0,"gold_gain":0,"player_choice":"","damage_taken":6,"max_hp_gain":0,"max_hp_loss":0,"event_name":"Knowing Skull","floor":20,"potions_obtained":[],"gold_loss":0,"cards_obtained":[]},{"damage_healed":0,"gold_gain":0,"player_choice":"Ignored","damage_taken":0,"max_hp_gain":0,"max_hp_loss":0,"event_name":"Vampires","floor":22,"gold_loss":0},{"damage_healed":0,"gold_gain":50,"player_choice":"Touch","damage_taken":6,"max_hp_gain":0,"max_hp_loss":0,"event_name":"FaceTrader","floor":25,"gold_loss":0}],"is_beta":false,"boss_relics":[{"not_picked":["Orrery","Lizard Tail"],"picked":"Empty Cage"}],"items_purged_floors":[14,19],"is_endless":false,"potions_floor_spawned":[1,7,10,16,21,23],"killed_by":"Book of Stabbing","ascension_level":20}