{"gold_per_floor":[113,113,132,132,150,184,184,214,214,239,256,256,256,281,281,281],"floor_reached":16,"playtime":632,"items_purged":[],"score":256,"play_id":"1af25b3f-9089-4b8a-941c-dcb195f49a38","local_time":"20190425235559","is_ascension_mode":true,"campfire_choices":[{"data":"Bludgeon","floor":7,"key":"SMITH"},{"data":"Fiend Fire","floor":13,"key":"SMITH"},{"data":"Juggernaut","floor":15,"key":"SMITH"}],"neow_cost":"TEN_PERCENT_HP_LOSS","seed_source_timestamp":280492844059609,"circlet_count":0,"master_deck":["AscendersBane","Strike_R","Strike_R","Strike_R","Strike_R+1","Defend_R","Defend_R","Defend_R","Defend_R","Bash+1","Bludgeon+1","Shrug It Off","Disarm","Blood for Blood","Fiend Fire+1","Pommel Strike","Armaments","Juggernaut+1","Parasite"],"relics":["Burning Blood","Darkstone Periapt","Whetstone","The Courier","Ornamental Fan","Smiling Mask"],"potions_floor_usage":[6,10,11],"damage_taken":[{"damage":6,"enemies":"Jaw Worm","floor":1,"turns":4},{"damage":7,"enemies":"Small Slimes","floor":3,"turns":4},{"damage":0,"enemies":"Cultist","floor":5,"turns":2},{"damage":32,"enemies":"Gremlin Nob","floor":6,"turns":4},{"damage":26,"enemies":"Lagavulin","floor":8,"turns":7},{"damage":15,"enemies":"3 Sentries","floor":10,"turns":8},{"damage":6,"enemies":"3 Louse","floor":11,"turns":3},{"damage":15,"enemies":"Lagavulin","floor":14,"turns":4},{"damage":43,"enemies":"The Guardian","floor":16,"turns":5}],"seed_played":"-7355608213423869651","potions_obtained":[{"floor":1,"key":"Strength Potion"},{"floor":6,"key":"SpeedPotion"},{"floor":8,"key":"Poison Potion"}],"is_trial":false,"path_per_floor":["M","?","M","?","M","E","R","E","T","E","M","?","R","E","R","B"],"character_chosen":"IRONCLAD","items_purchased":[],"campfire_rested":0,"item_purchase_floors":[],"current_hp_per_floor":[68,73,72,72,73,47,47,27,27,18,18,42,42,33,33,0],"gold":281,"neow_bonus":"THREE_RARE_CARDS","is_prod":false,"is_daily":false,"chose_seed":false,"campfire_upgraded":3,"win_rate":0,"timestamp":1556250959,"path_taken":["M","?","M","?","M","E","R","E","T","E","?","?","R","E","R","BOSS"],"build_version":"2019-01-23","purchased_purges":0,"victory":false,"max_hp_per_floor":[68,73,73,73,73,73,73,73,73,73,73,79,79,79,79,79],"card_choices":[{"not_picked":["Berserk","Brutality"],"picked":"Bludgeon","floor":0},{"not_picked":["Entrench","Pommel Strike"],"picked":"Shrug It Off","floor":1},{"not_picked":["Perfected Strike","Flex"],"picked":"Disarm","floor":3},{"not_picked":["Cleave","Searing Blow"],"picked":"Fiend Fire","floor":5},{"not_picked":["Warcry","Perfected Strike"],"picked":"Pommel Strike","floor":6},{"not_picked":["Flex","Wild Strike"],"picked":"Armaments","floor":8},{"not_picked":["Flex","Sword Boomerang"],"picked":"Juggernaut","floor":10},{"not_picked":["Clash","Carnage","Pommel Strike"],"picked":"SKIP","floor":11},{"not_picked":["Pommel Strike","Cleave","Anger"],"picked":"SKIP","floor":14}],"player_experience":1934019,"relics_obtained":[{"floor":6,"key":"Darkstone Periapt"},{"floor":8,"key":"Whetstone"},{"floor":9,"key":"The Courier"},{"floor":10,"key":"Ornamental Fan"},{"floor":14,"key":"Smiling Mask"}],"event_choices":[{"damage_healed":0,"gold_gain":0,"player_choice":"Donut","damage_taken":0,"max_hp_gain":5,"max_hp_loss":0,"event_name":"Big Fish","floor":2,"gold_loss":0},{"damage_healed":0,"gold_gain":0,"cards_transformed":["Strike_R"],"player_choice":"Transformed","damage_taken":0,"max_hp_gain":0,"max_hp_loss":0,"event_name":"Transmorgrifier","floor":4,"gold_loss":0,"cards_obtained":["Blood for Blood"]},{"damage_healed":18,"gold_gain":0,"player_choice":"Healed and dodged fight","damage_taken":0,"max_hp_gain":0,"max_hp_loss":0,"event_name":"Mushrooms","floor":12,"gold_loss":0,"cards_obtained":["Parasite"]}],"is_beta":false,"boss_relics":[],"items_purged_floors":[],"is_endless":false,"potions_floor_spawned":[1,6,8],"killed_by":"The Guardian","ascension_level":20}