{"gold_per_floor":[110,10,23,33,33,33,61,61,61,61,91,12,43,61,61,138,138,158,158,176,201,201,201,226,226,300,330,330],"floor_reached":28,"playtime":4142,"items_purged":["Strike_B"],"score":544,"play_id":"ee4d096f-35ef-46ac-bbc1-8c81486b3f87","local_time":"20190430203213","is_ascension_mode":true,"campfire_choices":[{"data":"Undo","floor":6,"key":"SMITH"},{"data":"FTL","floor":8,"key":"SMITH"},{"data":"Dualcast","floor":10,"key":"SMITH"},{"data":"Hologram","floor":15,"key":"SMITH"},{"data":"Steam","floor":23,"key":"SMITH"},{"data":"Seek","floor":25,"key":"SMITH"}],"neow_cost":"NONE","seed_source_timestamp":696759929014878,"circlet_count":0,"master_deck":["AscendersBane","Strike_B+1","Strike_B","Strike_B+1","Defend_B","Defend_B","Defend_B","Defend_B","Zap+1","Dualcast+1","Glacier","Ball Lightning","FTL+1","Undo+1","Cold Snap","Hologram+1","Conserve Battery+1","Electrodynamics","Double Energy","Turbo+1","Steam+1","Seek+1","Coolheaded+1"],"relics":["Cracked Core","Whetstone","Letter Opener","Matryoshka","Sundial","Eternal Feather","Strawberry","Bag of Marbles","StoneCalendar","Symbiotic Virus","Darkstone Periapt","War Paint"],"potions_floor_usage":[12,13,27,28],"damage_taken":[{"damage":1,"enemies":"Cultist","floor":1,"turns":4},{"damage":7,"enemies":"Jaw Worm","floor":3,"turns":2},{"damage":0,"enemies":"2 Louse","floor":4,"turns":3},{"damage":12,"enemies":"3 Sentries","floor":7,"turns":10},{"damage":17,"enemies":"Gremlin Nob","floor":11,"turns":4},{"damage":1,"enemies":"3 Sentries","floor":13,"turns":7},{"damage":0,"enemies":"Large Slime","floor":14,"turns":4},{"damage":3,"enemies":"Slime Boss","floor":16,"turns":9},{"damage":4,"enemies":"Shell Parasite","floor":18,"turns":8},{"damage":0,"enemies":"3 Byrds","floor":20,"turns":2},{"damage":37,"enemies":"Slavers","floor":24,"turns":4},{"damage":17,"enemies":"Book of Stabbing","floor":27,"turns":6},{"damage":10,"enemies":"Colosseum Slavers","floor":28,"turns":4},{"damage":55,"enemies":"Colosseum Nobs","floor":28,"turns":3}],"seed_played":"-7330561552491351028","potions_obtained":[{"floor":1,"key":"SteroidPotion"},{"floor":7,"key":"Fruit Juice"},{"floor":14,"key":"FairyPotion"},{"floor":20,"key":"Energy Potion"}],"is_trial":false,"path_per_floor":["M","$","M","M","?","R","E","R","T","R","E","$","E","M","R","B",null,"M","?","M","T","?","R","E","R","T","E","?"],"character_chosen":"DEFECT","items_purchased":["Ball Lightning","Conserve Battery","Strength Potion"],"campfire_rested":0,"item_purchase_floors":[2,12,12],"current_hp_per_floor":[63,63,56,56,56,56,44,44,44,44,27,32,31,31,31,28,64,60,60,60,67,67,79,42,54,54,37,0],"gold":330,"neow_bonus":"UPGRADE_CARD","is_prod":false,"is_daily":false,"chose_seed":false,"campfire_upgraded":6,"win_rate":0,"timestamp":1556670733,"path_taken":["M","?","M","M","?","R","E","R","T","R","E","$","E","M","R","BOSS","M","?","?","?","?","R","E","R","T","E","?"],"build_version":"2019-01-23","purchased_purges":1,"victory":false,"max_hp_per_floor":[71,71,71,71,71,71,71,71,71,71,71,76,76,76,76,76,76,76,76,76,83,83,83,83,83,83,83,83],"card_choices":[{"not_picked":["Chaos","Gash"],"picked":"Glacier","floor":1},{"not_picked":["Gash","Redo"],"picked":"FTL","floor":3},{"not_picked":["Hello World","Streamline"],"picked":"Undo","floor":4},{"not_picked":["Go for the Eyes","Lockon"],"picked":"Cold Snap","floor":7},{"not_picked":["Turbo","Undo"],"picked":"Hologram","floor":11},{"not_picked":["Go for the Eyes","Melter","Storm"],"picked":"SKIP","floor":13},{"not_picked":["Beam Cell","Meteor Strike","Lockon"],"picked":"SKIP","floor":14},{"not_picked":["Machine Learning","Hyperbeam"],"picked":"Electrodynamics","floor":16},{"not_picked":["Beam Cell","Streamline+1"],"picked":"Double Energy","floor":18},{"not_picked":["Rebound","Redo"],"picked":"Turbo","floor":20},{"not_picked":["Chaos","BootSequence"],"picked":"Seek","floor":24},{"not_picked":["Beam Cell","Heatsinks"],"picked":"Coolheaded","floor":27}],"player_experience":2160191,"relics_obtained":[{"floor":7,"key":"Whetstone"},{"floor":9,"key":"Letter Opener"},{"floor":11,"key":"Matryoshka"},{"floor":13,"key":"Sundial"},{"floor":21,"key":"Strawberry"},{"floor":21,"key":"Bag of Marbles"},{"floor":24,"key":"StoneCalendar"},{"floor":26,"key":"Symbiotic Virus"},{"floor":26,"key":"Darkstone Periapt"},{"floor":27,"key":"War Paint"}],"event_choices":[{"damage_healed":0,"gold_gain":0,"player_choice":"Leave","damage_taken":0,"max_hp_gain":0,"max_hp_loss":0,"event_name":"The Cleric","floor":5,"gold_loss":0},{"damage_healed":0,"gold_gain":0,"player_choice":"Upgraded","damage_taken":0,"max_hp_gain":0,"max_hp_loss":0,"event_name":"Upgrade Shrine","floor":19,"gold_loss":0,"cards_upgraded":["Conserve Battery"]},{"damage_healed":0,"gold_gain":0,"player_choice":"Read","damage_taken":0,"max_hp_gain":0,"max_hp_loss":0,"event_name":"The Library","floor":22,"gold_loss":0,"cards_obtained":["Steam"]},{"damage_healed":0,"gold_gain":0,"player_choice":"Fight","damage_taken":0,"max_hp_gain":0,"max_hp_loss":0,"event_name":"Colosseum","floor":28,"gold_loss":0},{"damage_healed":0,"gold_gain":0,"player_choice":"Fought Nobs","damage_taken":0,"max_hp_gain":0,"max_hp_loss":0,"event_name":"Colosseum","floor":28,"gold_loss":0}],"is_beta":false,"boss_relics":[{"not_picked":["Tiny House","Calling Bell"],"picked":"Eternal Feather"}],"items_purged_floors":[2],"is_endless":false,"potions_floor_spawned":[1,7,14,20,28],"killed_by":"Colosseum Nobs","ascension_level":20}