{"path_per_floor":["M","$","?","M","M","R","?","?","T","M","R","M","R","M","R","B",null,"M","M","M","M","M","R","$","R","T","$","M","M","M","?","R"],"character_chosen":"IRONCLAD","items_purchased":["Metallicize","Whirlwind","Vajra"],"gold_per_floor":[116,5,80,98,111,111,111,111,138,151,151,161,161,179,179,280,280,299,313,326,346,366,366,142,142,142,42,57,75,89,14,14],"floor_reached":33,"campfire_rested":0,"playtime":1173,"current_hp_per_floor":[43,43,32,37,43,43,48,48,48,46,46,38,38,41,41,7,78,62,64,79,75,77,77,77,77,77,77,83,66,73,73,73],"items_purged":["Fire Breathing","Defend_R"],"gold":14,"score":377,"play_id":"237075fb-1dbd-49ed-af21-0da8ccf3eec6","local_time":"20180314235317","is_prod":false,"is_daily":false,"is_ascension_mode":true,"campfire_upgraded":7,"timestamp":1521085997,"path_taken":["M","$","?","M","M","R","?","?","T","M","R","M","R","M","R","BOSS","M","M","M","M","?","R","?","R","T","$","M","M","M","?","R","BOSS"],"build_version":"2018-03-09","purchased_purges":3,"victory":false,"master_deck":["Strike_R","Strike_R","Strike_R","Strike_R","Strike_R","Defend_R","Bash","Bloodletting+1","Metallicize","Whirlwind+1","Flex+1","Clash+1","Offering+1","Reaper+1","Whirlwind+1"],"max_hp_per_floor":[96,96,96,96,96,96,101,101,101,101,101,101,101,101,101,101,101,101,101,101,101,101,101,101,101,101,101,101,101,101,101,101],"relics":["Burning Blood","Bag of Marbles","Philosopher\u0027s Stone","Vajra","Bird Faced Urn"],"card_choices":[{"not_picked":["Sever Soul","Anger"],"picked":"Bloodletting"},{"not_picked":["Wild Strike","Heavy Blade"],"picked":"Flex"},{"not_picked":["Wild Strike","True Grit"],"picked":"Clash"},{"not_picked":["Warcry","Sword Boomerang"],"picked":"Offering"},{"not_picked":["Bludgeon","Impervious"],"picked":"Reaper"},{"not_picked":["Battle Trance","Evolve"],"picked":"Whirlwind"}],"player_experience":510451,"potions_floor_usage":[16,16,16,21,22],"damage_taken":[{"damage":7,"enemies":"Jaw Worm","floor":1,"turns":5},{"damage":1,"enemies":"2 Louse","floor":4,"turns":2},{"damage":0,"enemies":"Small Slimes","floor":5,"turns":5},{"damage":8,"enemies":"Blue Slaver","floor":10,"turns":2},{"damage":14,"enemies":"3 Louse","floor":12,"turns":3},{"damage":3,"enemies":"Large Slime","floor":14,"turns":3},{"damage":40,"enemies":"The Guardian","floor":16,"turns":9},{"damage":22,"enemies":"2 Thieves","floor":18,"turns":4},{"damage":7,"enemies":"Chosen","floor":19,"turns":3},{"damage":3,"enemies":"Centurion and Healer","floor":20,"turns":2},{"damage":16,"enemies":"Snecko","floor":21,"turns":3},{"damage":4,"enemies":"Snake Plant","floor":22,"turns":2},{"damage":0,"enemies":"3 Cultists","floor":28,"turns":2},{"damage":41,"enemies":"Centurion and Healer","floor":29,"turns":3},{"damage":7,"enemies":"Sentry and Sphere","floor":30,"turns":2},{"damage":104,"enemies":"Automaton","floor":33,"turns":6}],"event_choices":[{"event_name":"World of Goop","player_choice":"Gather Gold","floor":3,"damage_taken":0},{"event_name":"Big Fish","player_choice":"Donut","floor":7,"damage_taken":0},{"event_name":"Transmorgrifier","player_choice":"Transform","floor":8,"damage_taken":0},{"event_name":"Beggar","player_choice":"Gave Gold","floor":31,"damage_taken":0}],"boss_relics":[{"not_picked":["Orrery","White Beast Statue"],"picked":"Philosopher\u0027s Stone"}],"potions_floor_spawned":[1,10,12,14,18,21],"seed_played":"4269345518815978829","killed_by":"Automaton","ascension_level":9,"is_trial":false}