{"path_per_floor":["M","$","M","?","M","R","M","E","T","?","?","E","T","E","R","B",null,"M","M","M","$","?","R","M","R","T","?","$","?","R","M","R"],"character_chosen":"IRONCLAD","items_purchased":["Bag of Preparation"],"gold_per_floor":[118,43,61,61,76,76,96,125,125,75,75,109,109,136,136,211,211,221,241,260,14,14,14,24,24,24,24,24,24,24,41,41,41],"floor_reached":33,"campfire_rested":0,"playtime":1203,"current_hp_per_floor":[68,68,70,70,75,75,75,61,61,61,61,53,53,46,46,8,58,56,53,53,53,39,39,45,45,59,59,59,59,59,65,65,0],"items_purged":["Pain","Defend_R"],"gold":41,"score":447,"play_id":"a50d5d6b-b2f5-4b68-bd2e-9124fd87b200","local_time":"20180329210416","is_prod":false,"is_daily":false,"is_ascension_mode":true,"campfire_upgraded":3,"timestamp":1522371856,"path_taken":["M","$","M","?","M","R","M","E","T","?","?","E","?","E","R","BOSS","M","M","?","$","?","R","M","R","T","?","$","?","R","M","R","BOSS"],"build_version":"2018-03-22v2","purchased_purges":2,"victory":false,"master_deck":["Strike_R","Strike_R","Strike_R","Strike_R","Defend_R","Defend_R","Bash","AscendersBane","Seeing Red+1","Bludgeon+1","Cleave","Headbutt","Disarm","Clothesline","Rage+1","Flame Barrier","Disarm","Cleave+1","Fiend Fire+1"],"max_hp_per_floor":[75,75,75,75,75,75,75,75,75,75,75,75,75,75,75,75,75,75,75,75,75,80,80,80,80,94,94,94,94,94,94,94,94],"relics":["Burning Blood","Girya","Gambling Chip","Paper Frog","Bag of Marbles","Blue Candle","Mark of Pain","Bag of Preparation","Mango"],"card_choices":[{"not_picked":["Twin Strike","Havoc"],"picked":"Seeing Red","floor":1},{"not_picked":["Cleave","Carnage"],"picked":"Bludgeon","floor":3},{"not_picked":["Clothesline","Twin Strike"],"picked":"Cleave","floor":5},{"not_picked":["Warcry","Iron Wave"],"picked":"Headbutt","floor":7},{"not_picked":["Sever Soul","Warcry"],"picked":"Disarm","floor":8},{"not_picked":["Wild Strike","Perfected Strike"],"picked":"Clothesline","floor":12},{"not_picked":["Thunderclap","Barricade"],"picked":"Rage","floor":14},{"not_picked":["Evolve","Anger"],"picked":"Flame Barrier","floor":18},{"not_picked":["Havoc","True Grit"],"picked":"Disarm","floor":19},{"not_picked":["Shrug It Off","True Grit"],"picked":"Cleave","floor":24},{"not_picked":["True Grit","Thunderclap"],"picked":"Fiend Fire","floor":31}],"player_experience":628736,"potions_floor_usage":[8,16,33,33,33],"damage_taken":[{"damage":6,"enemies":"Cultist","floor":1,"turns":4},{"damage":4,"enemies":"2 Louse","floor":3,"turns":3},{"damage":0,"enemies":"Small Slimes","floor":5,"turns":2},{"damage":4,"enemies":"2 Fungi Beasts","floor":7,"turns":3},{"damage":20,"enemies":"Lagavulin","floor":8,"turns":4},{"damage":14,"enemies":"Gremlin Nob","floor":12,"turns":3},{"damage":13,"enemies":"Lagavulin","floor":14,"turns":3},{"damage":44,"enemies":"Hexaghost","floor":16,"turns":12},{"damage":8,"enemies":"3 Byrds","floor":18,"turns":6},{"damage":9,"enemies":"Shell Parasite","floor":19,"turns":4},{"damage":6,"enemies":"Snecko","floor":20,"turns":4},{"damage":0,"enemies":"Centurion and Healer","floor":24,"turns":2},{"damage":0,"enemies":"Snake Plant","floor":31,"turns":2},{"damage":78,"enemies":"Automaton","floor":33,"turns":6}],"event_choices":[{"event_name":"Upgrade Shrine","player_choice":"Upgraded","floor":4,"damage_taken":0},{"event_name":"The Cleric","player_choice":"Card Removal","floor":10,"damage_taken":0},{"event_name":"Purifier","player_choice":"One Purge","floor":11,"damage_taken":0},{"event_name":"Forgotten Altar","player_choice":"Shed Blood","floor":22,"damage_taken":0},{"event_name":"Vampires","player_choice":"Ignored","floor":27,"damage_taken":0},{"event_name":"N\u0027loth","player_choice":"Ignored","floor":29,"damage_taken":0}],"boss_relics":[{"not_picked":["Black Star","Astrolabe"],"picked":"Mark of Pain"}],"potions_floor_spawned":[3,12,16,24,31],"seed_played":"-3079992960401932676","killed_by":"Automaton","ascension_level":14,"is_trial":false}