{"gold_per_floor":[110,90,15,15,34,70,70,93,120,161,180,180,180,201,201,201],"floor_reached":16,"playtime":446,"items_purged":["Strike_R"],"score":193,"play_id":"a10c5e4e-5fd2-48af-a7c2-0e5e98f7785d","local_time":"20181026160600","is_ascension_mode":true,"campfire_choices":[{"data":"Shockwave","floor":7,"key":"SMITH"},{"data":"Clothesline","floor":12,"key":"SMITH"},{"floor":15,"key":"REST"}],"neow_cost":"NONE","seed_source_timestamp":488991479876489,"circlet_count":0,"master_deck":["Strike_R","Strike_R","Strike_R","Defend_R","Defend_R","Defend_R","Defend_R","Bash+1","AscendersBane","Heavy Blade","Shrug It Off","Shockwave+1","Clothesline+1","Cleave","Headbutt","Ghostly Armor","Feel No Pain"],"relics":["Burning Blood","Golden Idol","Dream Catcher","Vajra","The Courier"],"potions_floor_usage":[6,16],"damage_taken":[{"damage":13,"enemies":"Small Slimes","floor":1,"turns":4},{"damage":1,"enemies":"Cultist","floor":5,"turns":4},{"damage":20,"enemies":"3 Sentries","floor":6,"turns":10},{"damage":0,"enemies":"2 Louse","floor":8,"turns":2},{"damage":40,"enemies":"Lagavulin","floor":10,"turns":6},{"damage":0,"enemies":"Large Slime","floor":11,"turns":3},{"damage":1,"enemies":"2 Fungi Beasts","floor":14,"turns":4},{"damage":71,"enemies":"Slime Boss","floor":16,"turns":10}],"seed_played":"-8606864476557343054","potions_obtained":[{"floor":2,"key":"SpeedPotion"},{"floor":5,"key":"SteroidPotion"},{"floor":6,"key":"Explosive Potion"}],"is_trial":false,"path_per_floor":["M","?","$","?","M","E","R","M","T","E","M","R","?","M","R"],"character_chosen":"IRONCLAD","items_purchased":[],"campfire_rested":1,"item_purchase_floors":[],"current_hp_per_floor":[61,61,61,61,66,52,52,58,58,24,30,30,30,35,55,0],"gold":201,"neow_bonus":"UPGRADE_CARD","is_prod":false,"is_daily":false,"chose_seed":false,"campfire_upgraded":2,"win_rate":0,"timestamp":1540595160,"path_taken":["M","?","$","?","M","E","R","M","T","E","M","R","?","M","R","BOSS"],"build_version":"2018-10-25v2","purchased_purges":1,"victory":false,"max_hp_per_floor":[75,75,75,68,68,68,68,68,68,68,68,68,68,68,68,68],"card_choices":[{"not_picked":["Infernal Blade","Bloodletting"],"picked":"Heavy Blade","floor":1},{"not_picked":["Bloodletting","Warcry"],"picked":"Shrug It Off","floor":5},{"not_picked":["Perfected Strike","Wild Strike"],"picked":"Shockwave","floor":6},{"not_picked":["Headbutt","Iron Wave"],"picked":"Clothesline","floor":8},{"not_picked":["Evolve","Carnage"],"picked":"Cleave","floor":10},{"not_picked":["Evolve","Wild Strike"],"picked":"Headbutt","floor":11},{"not_picked":["Armaments","Barricade"],"picked":"Ghostly Armor","floor":14},{"not_picked":["Havoc","Inflame"],"picked":"Feel No Pain","floor":15}],"player_experience":943023,"relics_obtained":[{"floor":6,"key":"Dream Catcher"},{"floor":9,"key":"Vajra"},{"floor":10,"key":"The Courier"}],"event_choices":[{"damage_healed":0,"gold_gain":0,"player_choice":"Bought 1 Potion","damage_taken":0,"max_hp_gain":0,"max_hp_loss":0,"event_name":"The Woman in Blue","floor":2,"gold_loss":0},{"damage_healed":0,"gold_gain":0,"player_choice":"Lose Max HP","damage_taken":0,"relics_obtained":["Golden Idol"],"max_hp_gain":0,"max_hp_loss":7,"event_name":"Golden Idol","floor":4,"gold_loss":0},{"cards_removed":["Strike_R"],"damage_healed":0,"gold_gain":0,"player_choice":"Forget","damage_taken":0,"max_hp_gain":0,"max_hp_loss":0,"event_name":"Living Wall","floor":13,"gold_loss":0}],"is_beta":true,"boss_relics":[],"items_purged_floors":[3],"is_endless":false,"potions_floor_spawned":[5,6,14],"killed_by":"Slime Boss","ascension_level":15}