{"path_per_floor":["M","M","?","?","M","R","M","M","T","M","R","M","$","M","R","B",null,"M","$","?","?","M","R","T"],"character_chosen":"IRONCLAD","items_purchased":["Inflame","Flex","Twin Strike","Warcry"],"gold_per_floor":[119,138,313,273,285,285,301,318,371,382,382,396,228,238,238,338,338,352,177,177,177,191,191,191,191],"floor_reached":25,"campfire_rested":1,"playtime":605,"current_hp_per_floor":[79,79,79,79,67,67,62,57,57,50,50,50,50,29,29,4,80,60,60,60,45,15,40,40,40],"items_purged":["Doubt","Defend_R"],"gold":191,"score":220,"play_id":"8ee6834c-6733-46e6-9cc1-52ccff9c4d0c","local_time":"20180408175445","is_prod":false,"is_daily":false,"is_ascension_mode":false,"campfire_upgraded":3,"timestamp":1523224485,"path_taken":["M","M","?","?","M","R","M","M","T","M","R","M","$","M","R","BOSS","M","$","?","?","M","R","?","M"],"build_version":"2018-04-05v2","purchased_purges":3,"victory":false,"master_deck":["Strike_R","Strike_R","Strike_R","Strike_R","Strike_R","Defend_R","Defend_R","Defend_R","Bash","Heavy Blade+1","Perfected Strike+1","Demon Form+1","Perfected Strike","Inflame","Flex","Feed","Twin Strike","Warcry","True Grit+1"],"max_hp_per_floor":[80,80,80,80,80,80,80,80,80,80,80,80,80,80,80,80,80,80,80,80,85,85,85,85,85],"relics":["Runic Cube"],"card_choices":[{"not_picked":["Hemokinesis","Havoc"],"picked":"Heavy Blade","floor":1},{"not_picked":["True Grit","Combust"],"picked":"Perfected Strike","floor":2},{"not_picked":["Twin Strike","Iron Wave"],"picked":"Demon Form","floor":8},{"not_picked":["Sentinel","Havoc"],"picked":"Perfected Strike","floor":12},{"not_picked":["Impervious","Juggernaut"],"picked":"Feed","floor":16},{"not_picked":["Dual Wield","Havoc"],"picked":"True Grit","floor":22}],"player_experience":769666,"potions_floor_usage":[8,10,18,22],"damage_taken":[{"damage":1,"enemies":"Cultist","floor":1,"turns":3},{"damage":0,"enemies":"2 Louse","floor":2,"turns":2},{"damage":12,"enemies":"Small Slimes","floor":5,"turns":6},{"damage":5,"enemies":"Looter","floor":7,"turns":2},{"damage":5,"enemies":"3 Louse","floor":8,"turns":2},{"damage":7,"enemies":"Blue Slaver","floor":10,"turns":4},{"damage":0,"enemies":"Large Slime","floor":12,"turns":4},{"damage":21,"enemies":"Red Slaver","floor":14,"turns":4},{"damage":25,"enemies":"Slime Boss","floor":16,"turns":6},{"damage":20,"enemies":"Spheric Guardian","floor":18,"turns":4},{"damage":30,"enemies":"2 Thieves","floor":22,"turns":3},{"damage":0,"enemies":"Chosen and Byrds","floor":25,"turns":2}],"event_choices":[{"event_name":"Liars Game","player_choice":"agreed","floor":3,"damage_taken":0},{"event_name":"The Woman in Blue","player_choice":"Bought 3 Potions","floor":4,"damage_taken":0},{"event_name":"Addict","player_choice":"Ignored","floor":20,"damage_taken":0},{"event_name":"Forgotten Altar","player_choice":"Shed Blood","floor":21,"damage_taken":0}],"boss_relics":[{"not_picked":["Black Star","Pandora\u0027s Box","Philosopher\u0027s Stone"]}],"potions_floor_spawned":[2,5,10,14,16,18,22],"seed_played":"1294429730746734487","killed_by":"Chosen and Byrds","ascension_level":0,"is_trial":false}