{"path_per_floor":["M","?","?","?","$","E","?","E","T","M","M","M","R","M","R","B",null,"M","?","$","M","T","R","M","M","T"],"character_chosen":"IRONCLAD","items_purchased":["Shrug It Off","Paper Frog"],"gold_per_floor":[117,292,242,242,142,174,174,209,209,225,242,261,261,278,278,351,351,362,277,21,31,31,31,44,61,61,61],"floor_reached":27,"campfire_rested":0,"playtime":610,"current_hp_per_floor":[74,74,74,67,67,73,58,67,67,75,75,77,77,77,77,24,65,65,65,65,56,56,56,46,39,39,0],"items_purged":["Defend_R"],"gold":61,"score":464,"play_id":"20037b36-5af1-45d8-bac3-c8a7805d96e7","local_time":"20180413143144","is_prod":false,"is_daily":false,"chose_seed":false,"is_ascension_mode":true,"campfire_upgraded":3,"timestamp":1523655104,"path_taken":["M","?","?","?","$","E","?","E","T","M","?","?","R","?","R","BOSS","M","?","$","?","?","R","M","M","T","E"],"build_version":"2018-04-12","seed_source_timestamp":148973791114539,"purchased_purges":1,"victory":false,"master_deck":["Strike_R","Strike_R+1","Strike_R","Strike_R","Defend_R","Defend_R","Defend_R+1","Bash","AscendersBane","Flex+1","Shrug It Off+1","Uppercut","Sword Boomerang","Pommel Strike","Searing Blow+3","Warcry","Flex"],"max_hp_per_floor":[75,75,75,75,75,75,75,75,75,75,75,77,77,77,77,79,79,81,81,81,81,81,81,83,85,85,85],"relics":["Burning Blood","NeowsBlessing","Magic Flower","War Paint","Singing Bowl","Sozu","Champion Belt","Paper Frog","Dead Branch","Matryoshka"],"card_choices":[{"not_picked":["Disarm","Metallicize"],"picked":"Flex","floor":1},{"not_picked":["Entrench","Rupture"],"picked":"Uppercut","floor":6},{"not_picked":["Shockwave","True Grit"],"picked":"Sword Boomerang","floor":8},{"not_picked":["Disarm","Heavy Blade"],"picked":"Pommel Strike","floor":10},{"not_picked":["Flame Barrier","Cleave"],"picked":"Searing Blow","floor":11},{"not_picked":["Clash","Blood for Blood"],"picked":"Warcry","floor":14},{"not_picked":["Rupture","Hemokinesis"],"picked":"Flex","floor":21}],"player_experience":446254,"potions_floor_usage":[16,25,25],"damage_taken":[{"damage":0,"enemies":"Small Slimes","floor":1,"turns":1},{"damage":0,"enemies":"Gremlin Nob","floor":6,"turns":1},{"damage":0,"enemies":"3 Sentries","floor":8,"turns":2},{"damage":1,"enemies":"Jaw Worm","floor":10,"turns":2},{"damage":6,"enemies":"2 Louse","floor":11,"turns":2},{"damage":0,"enemies":"Large Slime","floor":12,"turns":4},{"damage":6,"enemies":"2 Fungi Beasts","floor":14,"turns":3},{"damage":64,"enemies":"The Guardian","floor":16,"turns":11},{"damage":11,"enemies":"Spheric Guardian","floor":18,"turns":3},{"damage":18,"enemies":"3 Byrds","floor":21,"turns":6},{"damage":21,"enemies":"Slaver and Parasite","floor":24,"turns":4},{"damage":18,"enemies":"Snecko","floor":25,"turns":4},{"damage":55,"enemies":"Gremlin Leader","floor":27,"turns":7}],"event_choices":[{"event_name":"Liars Game","player_choice":"agreed","floor":2,"damage_taken":0},{"event_name":"The Cleric","player_choice":"Card Removal","floor":3,"damage_taken":0},{"event_name":"Golden Wing","player_choice":"Card Removal","floor":4,"damage_taken":0},{"event_name":"Shining Light","player_choice":"Entered Light","floor":7,"damage_taken":0},{"event_name":"Addict","player_choice":"Obtained Relic","floor":19,"damage_taken":0}],"boss_relics":[{"not_picked":["Ectoplasm","Eternal Feather"],"picked":"Sozu"}],"potions_floor_spawned":[1,8,12,21],"seed_played":"-5543183091610926203","killed_by":"Gremlin Leader","ascension_level":14,"is_trial":false}