{"gold_per_floor":[110,110,126,126,146,146,159,159,159,176,206,206,206,35,35,110,110,123,123,123,123,123,123,138,138,138,138,163,163,88,99,99,99],"floor_reached":33,"playtime":774,"items_purged":["Strike_B"],"score":457,"play_id":"dc952019-1bce-432c-8173-9865018249ec","local_time":"20190427235625","is_ascension_mode":true,"campfire_choices":[{"data":"Zap","floor":6.0,"key":"SMITH"},{"data":"Loop","floor":12.0,"key":"SMITH"},{"data":"Cold Snap","floor":15.0,"key":"SMITH"},{"floor":23.0,"key":"REST"},{"floor":25,"key":"REST"},{"floor":27,"key":"REST"},{"floor":29,"key":"REST"},{"floor":32,"key":"REST"}],"neow_cost":"NONE","seed_source_timestamp":1501793547228788,"circlet_count":0,"master_deck":["AscendersBane","Strike_B","Defend_B","Defend_B","Defend_B","Defend_B","Zap+1","Dualcast","Loop+1","Reinforced Body","Genetic Algorithm+1","Coolheaded","Cold Snap+1","Core Surge","BootSequence","Consume","Fission","Conserve Battery","Cold Snap","Glacier"],"special_seed":0,"relics":["Cracked Core","Symbiotic Virus","Pantograph","Happy Flower","Fusion Hammer","Kunai","Mummified Hand"],"potions_floor_usage":[],"damage_taken":[{"damage":7.0,"enemies":"Jaw Worm","floor":1.0,"turns":3.0},{"damage":0.0,"enemies":"2 Louse","floor":3.0,"turns":2.0},{"damage":0.0,"enemies":"Small Slimes","floor":5.0,"turns":3.0},{"damage":5.0,"enemies":"Looter","floor":7.0,"turns":5.0},{"damage":6.0,"enemies":"2 Fungi Beasts","floor":10.0,"turns":4.0},{"damage":7.0,"enemies":"3 Sentries","floor":11.0,"turns":7.0},{"damage":15.0,"enemies":"Slime Boss","floor":16.0,"turns":8.0},{"damage":21.0,"enemies":"Shell Parasite","floor":18.0,"turns":5.0},{"damage":11.0,"enemies":"Colosseum Slavers","floor":21.0,"turns":4.0},{"damage":0,"enemies":"Spheric Guardian","floor":24,"turns":3},{"damage":47,"enemies":"Book of Stabbing","floor":28,"turns":7},{"damage":0,"enemies":"Shelled Parasite and Fungi","floor":31,"turns":4},{"damage":14,"enemies":"Automaton","floor":33,"turns":5}],"seed_played":"-6680663499241205801","potions_obtained":[{"floor":5.0,"key":"FairyPotion"},{"floor":7.0,"key":"FearPotion"}],"is_trial":false,"path_per_floor":["M","?","M","$","M","R","M","?","T","M","E","R","?","$","R","B",null,"M","?","?","?","?","R","M","R","T","R","E","R","$","M","R","B"],"character_chosen":"DEFECT","items_purchased":["Happy Flower","Cold Snap"],"campfire_rested":5,"item_purchase_floors":[14,14],"current_hp_per_floor":[64,53,53,53,53,53,48,48,48,42,35,35,35,35,35,45,70,49,27,27,16,16,40,40,64,64,83,36,60,60,60,83,69],"gold":99,"neow_bonus":"TEN_PERCENT_HP_BONUS","is_prod":false,"is_daily":false,"chose_seed":false,"campfire_upgraded":3,"win_rate":0,"timestamp":1556423785,"path_taken":["M","?","M","$","M","R","M","?","T","M","E","R","?","?","R","BOSS","M","?","?","?","?","R","M","R","T","R","E","R","$","M","R","BOSS"],"build_version":"2019-04-23","purchased_purges":1,"victory":false,"max_hp_per_floor":[78,78,78,78,78,78,78,78,78,78,78,78,78,78,78,78,78,78,83,83,83,83,83,83,83,83,83,83,83,83,83,83,83],"card_choices":[{"not_picked":["Beam Cell","Redo","Barrage"],"picked":"SKIP","floor":1.0},{"not_picked":["Streamline","Hologram"],"picked":"Loop","floor":3.0},{"not_picked":["Force Field","Fusion"],"picked":"Reinforced Body","floor":5.0},{"not_picked":["Go for the Eyes","Tempest"],"picked":"Genetic Algorithm","floor":7.0},{"not_picked":["Rebound","Loop"],"picked":"Coolheaded","floor":10.0},{"not_picked":["Streamline","Reinforced Body","Coolheaded"],"picked":"SKIP","floor":11.0},{"not_picked":["Buffer","Thunder Strike"],"picked":"Core Surge","floor":16.0},{"not_picked":["Go for the Eyes","Force Field"],"picked":"BootSequence","floor":18.0},{"not_picked":["Heatsinks","Compile Driver+1"],"picked":"Conserve Battery","floor":24},{"not_picked":["Steam","Reprogram"],"picked":"Cold Snap","floor":28},{"not_picked":["Cold Snap","White Noise"],"picked":"Glacier","floor":31}],"player_experience":2469322,"relics_obtained":[{"floor":11.0,"key":"Pantograph"},{"floor":26,"key":"Kunai"},{"floor":28,"key":"Mummified Hand"}],"event_choices":[{"damage_healed":0.0,"max_hp_gain":0.0,"max_hp_loss":0.0,"gold_gain":0.0,"event_name":"Scrap Ooze","player_choice":"Success","floor":2.0,"gold_loss":0.0,"damage_taken":11.0,"relics_obtained":["Symbiotic Virus"]},{"damage_healed":0.0,"max_hp_gain":0.0,"max_hp_loss":0.0,"gold_gain":0.0,"event_name":"Living Wall","player_choice":"Grow","floor":8.0,"gold_loss":0.0,"damage_taken":0.0,"cards_upgraded":["Genetic Algorithm"]},{"damage_healed":0.0,"max_hp_gain":0.0,"max_hp_loss":0.0,"gold_gain":0.0,"event_name":"Liars Game","player_choice":"Ignored","floor":13.0,"gold_loss":0.0,"damage_taken":0.0},{"damage_healed":0.0,"max_hp_gain":5.0,"max_hp_loss":0.0,"gold_gain":0.0,"event_name":"Forgotten Altar","player_choice":"Shed Blood","floor":19.0,"gold_loss":0.0,"damage_taken":27.0},{"damage_healed":0.0,"max_hp_gain":0.0,"max_hp_loss":0.0,"gold_gain":0.0,"cards_transformed":["Strike_B","Strike_B"],"event_name":"Drug Dealer","player_choice":"Became Test Subject","floor":20.0,"gold_loss":0.0,"damage_taken":0.0,"cards_obtained":["Consume","Fission"]},{"damage_healed":0.0,"max_hp_gain":0.0,"max_hp_loss":0.0,"gold_gain":0.0,"event_name":"Colosseum","player_choice":"Fight","floor":21.0,"gold_loss":0.0,"damage_taken":0.0},{"damage_healed":0.0,"max_hp_gain":0.0,"max_hp_loss":0.0,"gold_gain":0.0,"event_name":"Colosseum","player_choice":"Fled From Nobs","floor":21.0,"gold_loss":0.0,"damage_taken":0.0},{"damage_healed":0.0,"max_hp_gain":0.0,"max_hp_loss":0.0,"gold_gain":0.0,"event_name":"The Mausoleum","player_choice":"Ignored","floor":22.0,"gold_loss":0.0,"damage_taken":0.0}],"is_beta":true,"boss_relics":[{"not_picked":["Inserter","Snecko Eye"],"picked":"Fusion Hammer"}],"items_purged_floors":[30],"is_endless":false,"potions_floor_spawned":[5,7,11,18,24,28],"killed_by":"Automaton","ascension_level":15}