{"gold_per_floor":[114,130,144,69,25,25,41,53,53,68,83,83,97,50,50,126,126,142,142,67,67,67,67,97,52],"floor_reached":25,"playtime":948,"items_purged":[],"score":383,"play_id":"5254510b-8d19-4f2c-a775-ef01389efe92","local_time":"20180909212712","is_ascension_mode":true,"campfire_choices":[{"data":"Neutralize","floor":6,"key":"SMITH"},{"data":"Bouncing Flask","floor":15,"key":"SMITH"},{"data":"Backstab","floor":23,"key":"SMITH"}],"neow_cost":"NONE","seed_source_timestamp":615351515574230,"circlet_count":0,"master_deck":["Defend_G+1","Defend_G+1","Defend_G+1","Defend_G+1","Strike_G+1","Strike_G+1","Strike_G+1","Strike_G+1","Strike_G+1","Survivor","Neutralize+1","AscendersBane","Caltrops","Sucker Punch","Endless Agony","Underhanded Strike","Terror","Bouncing Flask+1","Dagger Spray","Backstab+1","Die Die Die","Eviscerate","Die Die Die"],"relics":["Velvet Choker","War Paint","Sozu","Ancient Tea Set"],"potions_floor_usage":[7,13,13],"damage_taken":[{"damage":0,"enemies":"2 Louse","floor":1,"turns":3},{"damage":3,"enemies":"Jaw Worm","floor":2,"turns":5},{"damage":4,"enemies":"Cultist","floor":3,"turns":5},{"damage":7,"enemies":"Gremlin Gang","floor":7,"turns":3},{"damage":5,"enemies":"3 Louse","floor":8,"turns":3},{"damage":4,"enemies":"Blue Slaver","floor":10,"turns":3},{"damage":5,"enemies":"Red Slaver","floor":11,"turns":4},{"damage":1,"enemies":"Exordium Thugs","floor":13,"turns":3},{"damage":15,"enemies":"Hexaghost","floor":16,"turns":8},{"damage":13,"enemies":"Spheric Guardian","floor":18,"turns":4},{"damage":35,"enemies":"Slavers","floor":24,"turns":6},{"damage":14,"enemies":"2 Thieves","floor":25,"turns":2}],"seed_played":"162634880835687994","potions_obtained":[{"floor":1,"key":"Explosive Potion"},{"floor":2,"key":"FearPotion"},{"floor":10,"key":"GhostInAJar"},{"floor":11,"key":"Poison Potion"}],"is_trial":false,"path_per_floor":["M","M","M","?","$","R","M","M","T","M","M","?","M","$","R","B",null,"M","?","?","?","$","R","E"],"character_chosen":"THE_SILENT","items_purchased":["Endless Agony","Backstab"],"campfire_rested":0,"item_purchase_floors":[5,14],"current_hp_per_floor":[59,56,52,52,52,52,45,40,40,36,31,36,35,35,35,20,58,45,45,45,45,45,45,10,0],"gold":52,"neow_bonus":"BOSS_RELIC","is_prod":false,"is_daily":false,"chose_seed":false,"campfire_upgraded":3,"win_rate":0,"timestamp":1536542832,"path_taken":["M","M","M","?","$","R","M","?","T","?","M","?","?","?","R","BOSS","M","?","?","?","?","R","E","M"],"build_version":"2018-09-06","purchased_purges":0,"victory":false,"max_hp_per_floor":[66,66,66,66,66,66,66,66,66,66,66,71,71,71,71,71,71,71,71,71,71,71,71,71,71],"card_choices":[{"not_picked":["Blade Dance","Calculated Gamble"],"picked":"Caltrops","floor":1},{"not_picked":["Accuracy","Calculated Gamble"],"picked":"Reflex","floor":2},{"not_picked":["All Out Attack","Leg Sweep"],"picked":"Sucker Punch","floor":3},{"not_picked":["PiercingWail","Slice"],"picked":"Underhanded Strike","floor":7},{"not_picked":["Blade Dance","Flechettes"],"picked":"Terror","floor":8},{"not_picked":["Slice","Quick Slash"],"picked":"Bouncing Flask","floor":10},{"not_picked":["Accuracy","Heel Hook"],"picked":"Dagger Spray","floor":11},{"not_picked":["Bane","Setup","Dagger Spray"],"picked":"SKIP","floor":13},{"not_picked":["Adrenaline","Unload"],"picked":"Die Die Die","floor":16},{"not_picked":["Cloak And Dagger","Deadly Poison"],"picked":"Eviscerate","floor":18},{"not_picked":["Cloak And Dagger","Poisoned Stab"],"picked":"Die Die Die","floor":24}],"player_experience":1001390,"relics_obtained":[{"floor":9,"key":"War Paint"},{"floor":24,"key":"Ancient Tea Set"}],"event_choices":[{"event_name":"The Cleric","player_choice":"Card Removal","floor":4,"damage_taken":0},{"event_name":"Big Fish","player_choice":"Donut","floor":12,"damage_taken":0},{"event_name":"Back to Basics","player_choice":"Simplicity","floor":19,"damage_taken":0},{"event_name":"Beggar","player_choice":"Gave Gold","floor":20,"damage_taken":0},{"event_name":"Ghosts","player_choice":"Ignored","floor":21,"damage_taken":0}],"is_beta":false,"boss_relics":[{"not_picked":["Lizard Tail","Orrery"],"picked":"Sozu"}],"items_purged_floors":[],"is_endless":false,"potions_floor_spawned":[1,2,10,11],"killed_by":"2 Thieves","ascension_level":16}