{"gold_per_floor":[367,380,38,57,74,74,129,129,156,172,172,190,190,205,205,301,301,313,313,289,289,307,333,31,31,31,58,69,84,84],"floor_reached":30,"playtime":2204,"items_purged":["Doubt"],"score":272,"play_id":"773e3c51-afa9-4058-b019-566c6b342a7d","local_time":"20190309221704","is_ascension_mode":false,"campfire_choices":[{"data":"Catalyst","floor":6,"key":"SMITH"},{"data":"Deadly Poison","floor":8,"key":"SMITH"},{"data":"Bane","floor":11,"key":"SMITH"},{"floor":15,"key":"REST"},{"floor":25,"key":"REST"}],"neow_cost":"CURSE","seed_source_timestamp":708053796380536,"circlet_count":0,"master_deck":["Defend_G","Defend_G","Defend_G","Defend_G","Defend_G","Strike_G","Strike_G","Strike_G","Strike_G","Strike_G","Survivor","Neutralize","Bane+1","Deadly Poison+1","Catalyst+1","Outmaneuver","Deflect","Concentrate","Poisoned Stab","Dagger Throw","Leg Sweep","Corpse Explosion","Deflect","Bane","Necronomicurse","Deadly Poison+1","Bouncing Flask","Deflect+1"],"relics":["Ring of the Snake","Chemical X","Tiny Chest","Black Star","Darkstone Periapt","Necronomicon","Smiling Mask","Juzu Bracelet","Regal Pillow","Dream Catcher","Lantern","Blue Candle","Vajra"],"potions_floor_usage":[7,18,22,27],"damage_taken":[{"damage":4,"enemies":"Cultist","floor":1,"turns":5},{"damage":0,"enemies":"Jaw Worm","floor":2,"turns":6},{"damage":0,"enemies":"2 Louse","floor":4,"turns":3},{"damage":9,"enemies":"Blue Slaver","floor":5,"turns":4},{"damage":17,"enemies":"Lagavulin","floor":7,"turns":5},{"damage":6,"enemies":"3 Louse","floor":10,"turns":4},{"damage":6,"enemies":"2 Fungi Beasts","floor":12,"turns":2},{"damage":16,"enemies":"Lots of Slimes","floor":14,"turns":5},{"damage":11,"enemies":"Hexaghost","floor":16,"turns":8},{"damage":0,"enemies":"3 Byrds","floor":18,"turns":2},{"damage":2,"enemies":"Chosen","floor":22,"turns":3},{"damage":45,"enemies":"Book of Stabbing","floor":23,"turns":6},{"damage":22,"enemies":"Gremlin Leader","floor":27,"turns":6},{"damage":22,"enemies":"Snecko","floor":28,"turns":4},{"damage":20,"enemies":"Cultist and Chosen","floor":29,"turns":5},{"damage":7,"enemies":"Chosen and Byrds","floor":30,"turns":4}],"seed_played":"-8019999254603224386","potions_obtained":[{"floor":5,"key":"SkillPotion"},{"floor":7,"key":"Ancient Potion"},{"floor":12,"key":"GamblersBrew"},{"floor":14,"key":"EssenceOfSteel"},{"floor":23,"key":"Block Potion"},{"floor":27,"key":"FairyPotion"}],"is_trial":false,"path_per_floor":["M","M","$","M","M","R","E","R","T","M","R","M","$","M","R","B",null,"M","T","$","?","M","E","$","R","T","E","M","M","M"],"character_chosen":"THE_SILENT","items_purchased":["Catalyst","Chemical X","Bane","Regal Pillow","Dream Catcher"],"campfire_rested":2,"item_purchase_floors":[3,3,20,24,24],"current_hp_per_floor":[66,66,66,66,57,57,40,40,40,34,34,28,28,12,33,22,70,70,70,70,60,58,13,13,50,50,28,6,7,0],"gold":84,"neow_bonus":"TWO_FIFTY_GOLD","is_prod":false,"is_daily":false,"chose_seed":false,"campfire_upgraded":3,"win_rate":0,"timestamp":1552187824,"path_taken":["M","M","$","M","M","R","E","R","T","M","R","M","$","M","R","BOSS","M","?","$","?","M","E","?","R","T","E","M","M","M"],"build_version":"2019-01-23","purchased_purges":1,"victory":false,"max_hp_per_floor":[70,70,70,70,70,70,70,70,70,70,70,70,70,70,70,70,70,70,70,70,76,76,76,76,76,76,76,76,76,76],"card_choices":[{"not_picked":["Backflip","Endless Agony"],"picked":"Bane","floor":1},{"not_picked":["Dagger Spray","Distraction"],"picked":"Deadly Poison","floor":2},{"not_picked":["Eviscerate","Choke"],"picked":"Outmaneuver","floor":4},{"not_picked":["Poisoned Stab","Sucker Punch"],"picked":"Deflect","floor":5},{"not_picked":["Backflip","Tools of the Trade"],"picked":"Concentrate","floor":7},{"not_picked":["Quick Slash","Dodge and Roll"],"picked":"Poisoned Stab","floor":10},{"not_picked":["Terror","Blade Dance"],"picked":"Dagger Throw","floor":12},{"not_picked":["Dodge and Roll","Accuracy"],"picked":"Leg Sweep","floor":14},{"not_picked":["A Thousand Cuts","After Image"],"picked":"Corpse Explosion","floor":16},{"not_picked":["Prepared","Concentrate"],"picked":"Deflect","floor":18},{"not_picked":["Slice","Heel Hook","Prepared"],"picked":"SKIP","floor":22},{"not_picked":["Quick Slash+1","Leg Sweep"],"picked":"Deadly Poison+1","floor":23},{"not_picked":["Sucker Punch","Cloak And Dagger"],"picked":"Bouncing Flask","floor":25},{"not_picked":["Underhanded Strike","Flying Knee+1"],"picked":"Deflect+1","floor":27},{"not_picked":["Reflex","Finisher+1","Distraction"],"picked":"SKIP","floor":28},{"not_picked":["Eviscerate","Leg Sweep+1","Endless Agony"],"picked":"SKIP","floor":29}],"player_experience":649718,"relics_obtained":[{"floor":7,"key":"Tiny Chest"},{"floor":19,"key":"Darkstone Periapt"},{"floor":21,"key":"Necronomicon"},{"floor":23,"key":"Smiling Mask"},{"floor":23,"key":"Juzu Bracelet"},{"floor":26,"key":"Lantern"},{"floor":27,"key":"Blue Candle"},{"floor":27,"key":"Vajra"}],"event_choices":[{"damage_healed":0,"gold_gain":0,"player_choice":"Obtained Book","damage_taken":16,"max_hp_gain":0,"max_hp_loss":0,"event_name":"Cursed Tome","floor":21,"gold_loss":0}],"is_beta":false,"boss_relics":[{"not_picked":["Orrery","Velvet Choker"],"picked":"Black Star"}],"items_purged_floors":[3],"is_endless":false,"potions_floor_spawned":[5,7,12,14,16,23,27],"killed_by":"Chosen and Byrds","ascension_level":0}