{"gold_per_floor":[367,17,32,32,32,32,57,57,57,57,30,56,76,96,96,170,170,180,196,37,50,50],"floor_reached":22,"playtime":674,"items_purged":[],"score":383,"play_id":"31e45228-525e-4f23-8edd-2e30ec569b3d","local_time":"20190419222030","is_ascension_mode":true,"campfire_choices":[{"data":"Zap","floor":6.0,"key":"SMITH"},{"floor":8.0,"key":"REST"},{"data":"Doom and Gloom","floor":15.0,"key":"SMITH"}],"neow_cost":"PERCENT_DAMAGE","seed_source_timestamp":804887567493327,"circlet_count":0,"master_deck":["AscendersBane","Strike_B","Strike_B","Strike_B","Defend_B","Defend_B","Defend_B","Defend_B","Zap+1","Dualcast","Gash","Cold Snap","Compile Driver","Doom and Gloom+1","Undo","Coolheaded","Gash","Hologram","Creative AI","Reinforced Body","Self Repair"],"special_seed":0,"relics":["Cracked Core","Incense Burner","The Courier","Mummified Hand","Sozu","Runic Capacitor"],"potions_floor_usage":[],"damage_taken":[{"damage":0.0,"enemies":"2 Louse","floor":1.0,"turns":2.0},{"damage":3.0,"enemies":"Cultist","floor":3.0,"turns":4.0},{"damage":19.0,"enemies":"Lagavulin","floor":7.0,"turns":6.0},{"damage":0.0,"enemies":"3 Sentries","floor":12.0,"turns":6.0},{"damage":0.0,"enemies":"Small Slimes","floor":13.0,"turns":3.0},{"damage":4.0,"enemies":"Blue Slaver","floor":14.0,"turns":4.0},{"damage":5.0,"enemies":"Slime Boss","floor":16.0,"turns":8.0},{"damage":11.0,"enemies":"Shell Parasite","floor":18.0,"turns":5.0},{"damage":12,"enemies":"3 Byrds","floor":19,"turns":4},{"damage":17,"enemies":"Snake Plant","floor":21,"turns":8},{"damage":30,"enemies":"Chosen and Byrds","floor":22,"turns":4}],"seed_played":"6913997791051800541","potions_obtained":[{"floor":3.0,"key":"Ancient Potion"},{"floor":12.0,"key":"FearPotion"}],"is_trial":false,"path_per_floor":["M","$","M","?","?","R","E","R","T","?","$","E","M","M","R","B",null,"M","M","$","M","M"],"character_chosen":"DEFECT","items_purchased":["Incense Burner","Cold Snap","Undo","Runic Capacitor"],"campfire_rested":1,"item_purchase_floors":[2,2,11,20],"current_hp_per_floor":[46,46,43,43,43,43,24,45,45,45,45,45,45,41,41,36,62,51,39,39,22,0],"gold":50,"neow_bonus":"TWO_FIFTY_GOLD","is_prod":false,"is_daily":false,"chose_seed":false,"campfire_upgraded":2,"win_rate":0,"timestamp":1555726830,"path_taken":["M","$","M","?","?","R","E","R","T","?","$","E","M","M","R","BOSS","M","M","$","M","?"],"build_version":"2019-04-04","purchased_purges":0,"victory":false,"max_hp_per_floor":[71,71,71,71,71,71,71,71,71,71,71,71,71,71,71,71,71,71,71,71,71,71],"card_choices":[{"not_picked":["Go for the Eyes","Steam Power"],"picked":"Gash","floor":1.0},{"not_picked":["Redo","Steam"],"picked":"Compile Driver","floor":3.0},{"not_picked":["White Noise","Redo","Recycle"],"picked":"SKIP","floor":7.0},{"not_picked":["White Noise","Undo"],"picked":"Coolheaded","floor":12.0},{"not_picked":["Tempest","Streamline"],"picked":"Gash","floor":13.0},{"not_picked":["Reprogram","BootSequence"],"picked":"Hologram","floor":14.0},{"not_picked":["Meteor Strike","Multi-Cast"],"picked":"Creative AI","floor":16.0},{"not_picked":["Auto Shields","Rip and Tear"],"picked":"Reinforced Body","floor":18.0},{"not_picked":["FTL","Ball Lightning","Cold Snap"],"picked":"SKIP","floor":19},{"not_picked":["Ball Lightning+1","FTL"],"picked":"Self Repair","floor":21}],"player_experience":2427806,"relics_obtained":[{"floor":7.0,"key":"The Courier"},{"floor":12.0,"key":"Mummified Hand"}],"event_choices":[{"damage_healed":0.0,"max_hp_gain":0.0,"max_hp_loss":0.0,"gold_gain":0.0,"event_name":"Liars Game","player_choice":"Ignored","floor":4.0,"gold_loss":0.0,"damage_taken":0.0},{"damage_healed":0.0,"max_hp_gain":0.0,"max_hp_loss":0.0,"gold_gain":0.0,"event_name":"Golden Idol","player_choice":"Ignored","floor":5.0,"gold_loss":0.0,"damage_taken":0.0},{"damage_healed":0.0,"max_hp_gain":0.0,"max_hp_loss":0.0,"gold_gain":0.0,"cards_transformed":["Strike_B"],"event_name":"Transmorgrifier","player_choice":"Transformed","floor":10.0,"gold_loss":0.0,"damage_taken":0.0,"cards_obtained":["Doom and Gloom"]}],"is_beta":true,"boss_relics":[{"not_picked":["Lizard Tail","Eternal Feather"],"picked":"Sozu"}],"items_purged_floors":[],"is_endless":false,"potions_floor_spawned":[3,12,14,19],"killed_by":"Chosen and Byrds","ascension_level":15}