{"gold_per_floor":[123,149,173,204,216,228,258,300,312,324,386,410,422,466,478,490],"floor_reached":16,"playtime":558,"items_purged":[],"score":224,"play_id":"ebd22b38-98d4-4bcc-9635-740864e19346","local_time":"20190507212056","is_ascension_mode":true,"campfire_choices":[{"data":"Carnage","floor":6,"key":"SMITH"},{"data":"Bash","floor":10,"key":"SMITH"},{"data":"Clothesline","floor":13,"key":"SMITH"},{"data":"Whirlwind","floor":15,"key":"SMITH"}],"neow_cost":"NONE","seed_source_timestamp":44589817958956,"circlet_count":0,"master_deck":["AscendersBane","Strike_R","Strike_R","Strike_R","Strike_R","Strike_R","Defend_R","Defend_R","Defend_R","Defend_R","Bash+1","Pommel Strike","Wild Strike","Clothesline+1","Carnage+1","Battle Trance","True Grit","Whirlwind+1"],"relics":["Burning Blood","MawBank","Ancient Tea Set","Paper Frog","Mercury Hourglass"],"potions_floor_usage":[7,16],"damage_taken":[{"damage":6,"enemies":"Cultist","floor":1,"turns":3},{"damage":10,"enemies":"2 Louse","floor":2,"turns":4},{"damage":7,"enemies":"Small Slimes","floor":3,"turns":3},{"damage":11,"enemies":"2 Fungi Beasts","floor":4,"turns":3},{"damage":16,"enemies":"Gremlin Gang","floor":7,"turns":5},{"damage":6,"enemies":"Gremlin Nob","floor":8,"turns":3},{"damage":3,"enemies":"3 Louse","floor":12,"turns":3},{"damage":18,"enemies":"3 Sentries","floor":14,"turns":6},{"damage":36,"enemies":"Hexaghost","floor":16,"turns":9}],"seed_played":"2830483274024529905","potions_obtained":[{"floor":2,"key":"Block Potion"},{"floor":4,"key":"LiquidBronze"}],"is_trial":false,"path_per_floor":["M","M","M","M","?","R","M","E","T","R","?","M","R","E","R","B"],"character_chosen":"IRONCLAD","items_purchased":[],"campfire_rested":0,"item_purchase_floors":[],"current_hp_per_floor":[68,64,63,58,58,58,48,48,48,48,41,44,44,32,32,0],"gold":490,"neow_bonus":"RANDOM_COMMON_RELIC","is_prod":false,"is_daily":false,"chose_seed":false,"campfire_upgraded":4,"win_rate":0,"timestamp":1557289256,"path_taken":["M","?","M","M","?","R","M","E","T","R","?","M","R","E","R","BOSS"],"build_version":"2019-04-23","purchased_purges":0,"victory":false,"max_hp_per_floor":[75,75,75,75,75,75,75,75,75,75,75,75,75,75,75,75],"card_choices":[{"not_picked":["Twin Strike","Headbutt"],"picked":"Pommel Strike","floor":1},{"not_picked":["Havoc","Barricade"],"picked":"Wild Strike","floor":2},{"not_picked":["Searing Blow","Corruption"],"picked":"Clothesline","floor":3},{"not_picked":["True Grit","Dual Wield"],"picked":"Carnage","floor":4},{"not_picked":["Twin Strike","Havoc"],"picked":"Battle Trance","floor":7},{"not_picked":["Flex","Sword Boomerang","Headbutt"],"picked":"SKIP","floor":8},{"not_picked":["Perfected Strike","Heavy Blade"],"picked":"True Grit","floor":12},{"not_picked":["Exhume","Sword Boomerang"],"picked":"Whirlwind","floor":14}],"player_experience":6254939,"relics_obtained":[{"floor":8,"key":"Ancient Tea Set"},{"floor":9,"key":"Paper Frog"},{"floor":14,"key":"Mercury Hourglass"}],"event_choices":[{"damage_healed":0,"gold_gain":0,"player_choice":"Ignored","damage_taken":0,"max_hp_gain":0,"max_hp_loss":0,"event_name":"Liars Game","floor":5,"gold_loss":0},{"damage_healed":0,"gold_gain":50,"player_choice":"Touch","damage_taken":7,"max_hp_gain":0,"max_hp_loss":0,"event_name":"FaceTrader","floor":11,"gold_loss":0}],"is_beta":true,"boss_relics":[],"items_purged_floors":[],"is_endless":false,"potions_floor_spawned":[2,4],"killed_by":"Hexaghost","ascension_level":20}