{"gold_per_floor":[116,191,18,168,216,243,256,315,315,315,41,57,57,57],"floor_reached":14,"playtime":382,"items_purged":[],"score":230,"play_id":"c530250c-8b5d-457b-819c-75a57695c730","local_time":"20190313223521","is_ascension_mode":true,"campfire_choices":[{"data":"Armaments","floor":10,"key":"SMITH"},{"data":"Bash","floor":13,"key":"SMITH"}],"neow_cost":"NONE","seed_source_timestamp":41252915569175,"circlet_count":0,"master_deck":["AscendersBane","Strike_R","Strike_R","Strike_R","Strike_R","Strike_R","Defend_R","Defend_R","Defend_R","Defend_R","Bash+1","Whirlwind","Doubt","Battle Trance","Armaments+1","Ghostly Armor","True Grit+1"],"relics":["Burning Blood","NeowsBlessing","Bronze Scales","Pen Nib","Unceasing Top","Tiny Chest","Self Forming Clay","Toxic Egg 2"],"potions_floor_usage":[12,14],"damage_taken":[{"damage":0,"enemies":"Jaw Worm","floor":1,"turns":1},{"damage":0,"enemies":"Gremlin Nob","floor":6,"turns":1},{"damage":0,"enemies":"2 Louse","floor":7,"turns":1},{"damage":55,"enemies":"Lagavulin","floor":8,"turns":8},{"damage":0,"enemies":"Cultist","floor":12,"turns":4},{"damage":34,"enemies":"Gremlin Nob","floor":14,"turns":3}],"seed_played":"-1418774600742652108","potions_obtained":[{"floor":1,"key":"LiquidBronze"},{"floor":8,"key":"SkillPotion"}],"is_trial":false,"path_per_floor":["M","?","$","?","T","E","M","E","T","R","$","M","R","E"],"character_chosen":"IRONCLAD","items_purchased":["Bronze Scales","Toxic Egg 2"],"campfire_rested":0,"item_purchase_floors":[3,11],"current_hp_per_floor":[74,63,63,63,63,69,75,26,26,26,26,32,32,0],"gold":57,"neow_bonus":"THREE_ENEMY_KILL","is_prod":false,"is_daily":false,"chose_seed":false,"campfire_upgraded":2,"win_rate":0,"timestamp":1552530921,"path_taken":["M","?","$","?","?","E","?","E","T","R","?","?","R","E"],"build_version":"2019-01-23","purchased_purges":0,"victory":false,"max_hp_per_floor":[75,75,75,75,75,75,75,75,75,75,75,75,75,75],"card_choices":[{"not_picked":["Perfected Strike","Reckless Charge"],"picked":"Whirlwind","floor":1},{"not_picked":["Ghostly Armor","Whirlwind"],"picked":"Battle Trance","floor":6},{"not_picked":["Body Slam","Heavy Blade"],"picked":"Armaments","floor":7},{"not_picked":["Blood for Blood","Clothesline"],"picked":"Ghostly Armor","floor":8},{"not_picked":["Warcry+1","Shrug It Off+1"],"picked":"True Grit+1","floor":12}],"player_experience":1101464,"relics_obtained":[{"floor":5,"key":"Pen Nib"},{"floor":6,"key":"Unceasing Top"},{"floor":8,"key":"Tiny Chest"},{"floor":9,"key":"Self Forming Clay"}],"event_choices":[{"damage_healed":0,"gold_gain":75,"player_choice":"Gather Gold","damage_taken":11,"max_hp_gain":0,"max_hp_loss":0,"event_name":"World of Goop","floor":2,"gold_loss":0},{"damage_healed":0,"gold_gain":150,"player_choice":"AGREE","damage_taken":0,"max_hp_gain":0,"max_hp_loss":0,"event_name":"Liars Game","floor":4,"gold_loss":0,"cards_obtained":["Doubt"]}],"is_beta":false,"boss_relics":[],"items_purged_floors":[],"is_endless":false,"potions_floor_spawned":[1,8],"killed_by":"Gremlin Nob","ascension_level":18}