{"gold_per_floor":[110,123,133,150,162,162,176,176,176,176,211,226,17,32,32,32],"floor_reached":16,"playtime":766,"items_purged":[],"score":106,"play_id":"7dd2f038-e78d-44a0-8d06-f1bdc1aa4aaf","local_time":"20190419224435","is_ascension_mode":false,"campfire_choices":[{"data":"Gash","floor":6,"key":"SMITH"},{"data":"Leap","floor":8,"key":"SMITH"},{"floor":10,"key":"REST"},{"floor":15,"key":"REST"}],"neow_cost":"NONE","seed_source_timestamp":375052538895983,"circlet_count":0,"master_deck":["Strike_B","Strike_B","Strike_B","Strike_B","Defend_B","Defend_B","Defend_B","Defend_B","Zap","Dualcast","Cold Snap","Gash+1","Chill","Steam","Chill","Leap+1","Steam Power+1","White Noise+1"],"relics":["Cracked Core","NeowsBlessing","Toxic Egg 2","Matryoshka","Strange Spoon"],"potions_floor_usage":[],"damage_taken":[{"damage":0,"enemies":"Cultist","floor":1,"turns":1},{"damage":0,"enemies":"Jaw Worm","floor":2,"turns":1},{"damage":0,"enemies":"2 Louse","floor":3,"turns":1},{"damage":11,"enemies":"Looter","floor":4,"turns":3},{"damage":11,"enemies":"Red Slaver","floor":5,"turns":3},{"damage":11,"enemies":"Exordium Thugs","floor":7,"turns":5},{"damage":26,"enemies":"Gremlin Nob","floor":11,"turns":5},{"damage":0,"enemies":"Blue Slaver","floor":12,"turns":3},{"damage":0,"enemies":"2 Fungi Beasts","floor":14,"turns":4},{"damage":64,"enemies":"The Guardian","floor":16,"turns":15}],"seed_played":"-4508343004802077710","potions_obtained":[{"floor":5,"key":"Strength Potion"},{"floor":11,"key":"Strength Potion"},{"floor":12,"key":"Ancient Potion"}],"is_trial":false,"path_per_floor":["M","M","M","M","M","R","M","R","T","R","E","M","$","M","R","B"],"character_chosen":"DEFECT","items_purchased":["Strange Spoon"],"campfire_rested":2,"item_purchase_floors":[13],"current_hp_per_floor":[75,75,75,64,53,53,42,42,42,64,38,38,38,38,60,0],"gold":32,"neow_bonus":"THREE_ENEMY_KILL","is_prod":false,"is_daily":false,"chose_seed":false,"campfire_upgraded":2,"win_rate":0,"timestamp":1555728275,"path_taken":["M","M","M","M","M","R","M","R","T","R","E","?","$","M","R","BOSS"],"build_version":"2019-01-23","purchased_purges":0,"victory":false,"max_hp_per_floor":[75,75,75,75,75,75,75,75,75,75,75,75,75,75,75,75],"card_choices":[{"not_picked":["Streamline","Beam Cell"],"picked":"Cold Snap","floor":1},{"not_picked":["Multi-Cast","Leap"],"picked":"Gash","floor":2},{"not_picked":["Compile Driver","Sweeping Beam"],"picked":"Chill","floor":3},{"not_picked":["Stack","Rebound"],"picked":"Steam","floor":4},{"not_picked":["Conserve Battery","Redo"],"picked":"Chill","floor":5},{"not_picked":["Steam","Melter"],"picked":"Leap","floor":7},{"not_picked":["Fission+1","Reboot+1"],"picked":"Steam Power+1","floor":11},{"not_picked":["Reprogram+1","Rip and Tear","Steam Power+1"],"picked":"SKIP","floor":12},{"not_picked":["Compile Driver","Undo+1"],"picked":"White Noise+1","floor":14}],"player_experience":832232,"relics_obtained":[{"floor":9,"key":"Toxic Egg 2"},{"floor":11,"key":"Matryoshka"}],"event_choices":[],"is_beta":false,"boss_relics":[],"items_purged_floors":[],"is_endless":false,"potions_floor_spawned":[5,11,12],"killed_by":"The Guardian","ascension_level":0}