{"gold_per_floor":[16,16,31,106,106,106,133,152,152,152,181,181,25,37,37,134,134,153,113,129,143,143,143,176,101,101,112,112,122,134,161,161,262,262,277,289,389,128,128,147,147,161,161,161,161,186,186,202,202,202,202,202,1,31,31],"floor_reached":56,"playtime":6593,"items_purged":["Regret","Parasite"],"score":1579,"play_id":"f09a93b6-742e-4119-9469-d960d8557016","local_time":"20190416221356","is_ascension_mode":true,"campfire_choices":[{"floor":6,"key":"REST"},{"data":"Sunder","floor":10,"key":"SMITH"},{"data":"Hologram","floor":15,"key":"SMITH"},{"floor":23,"key":"RECALL"},{"floor":28,"key":"REST"},{"data":"Fission","floor":32,"key":"SMITH"},{"data":"Secret Technique","floor":41,"key":"SMITH"},{"data":"Buffer","floor":47,"key":"SMITH"},{"data":"Seek","floor":49,"key":"SMITH"},{"data":"Recycle","floor":52,"key":"SMITH"}],"neow_cost":"NO_GOLD","seed_source_timestamp":442179985225582,"circlet_count":0,"master_deck":["Dualcast","Hologram+1","Gash","Glacier+1","Sunder+1","Recycle+1","Defragment","Gash","All For One","Doom and Gloom","Seek+1","Hologram+1","Creative AI+1","Conserve Battery","Chill","Go for the Eyes","Chill","Defragment","Ghostly","Ghostly","Ghostly","Ghostly","Ghostly+1","Reinforced Body+1","Fission+1","Self Repair+1","Fission+1","Coolheaded+1","Mayhem","Amplify","Secret Technique+1","Jack Of All Trades","Go for the Eyes+1","Chill","Buffer+1","Seek"],"relics":["Cracked Core","FossilizedHelix","Odd Mushroom","Letter Opener","Turnip","Art of War","Pandora\u0027s Box","Bronze Scales","Orichalcum","Nuclear Battery","Calipers","Smiling Mask","Ice Cream","Centennial Puzzle","War Paint"],"potions_floor_usage":[11,11,16,55,55,55,55],"damage_taken":[{"damage":0,"enemies":"Jaw Worm","floor":1,"turns":3},{"damage":0,"enemies":"Cultist","floor":3,"turns":3},{"damage":2,"enemies":"The Mushroom Lair","floor":7,"turns":5},{"damage":0,"enemies":"Small Slimes","floor":8,"turns":4},{"damage":1,"enemies":"Lagavulin","floor":11,"turns":5},{"damage":0,"enemies":"2 Fungi Beasts","floor":14,"turns":2},{"damage":15,"enemies":"The Guardian","floor":16,"turns":10},{"damage":6,"enemies":"Chosen","floor":18,"turns":4},{"damage":0,"enemies":"Spheric Guardian","floor":20,"turns":6},{"damage":7,"enemies":"Centurion and Healer","floor":21,"turns":7},{"damage":13,"enemies":"Book of Stabbing","floor":24,"turns":8},{"damage":6,"enemies":"Shelled Parasite and Fungi","floor":27,"turns":6},{"damage":0,"enemies":"3 Cultists","floor":29,"turns":5},{"damage":0,"enemies":"Centurion and Healer","floor":30,"turns":6},{"damage":0,"enemies":"Gremlin Leader","floor":31,"turns":8},{"damage":0,"enemies":"Champ","floor":33,"turns":12},{"damage":0,"enemies":"Orb Walker","floor":35,"turns":3},{"damage":0,"enemies":"3 Darklings","floor":36,"turns":4},{"damage":0,"enemies":"Mind Bloom Boss Battle","floor":37,"turns":6},{"damage":0,"enemies":"Writhing Mass","floor":40,"turns":7},{"damage":0,"enemies":"Jaw Worm Horde","floor":42,"turns":4},{"damage":0,"enemies":"Giant Head","floor":46,"turns":9},{"damage":0,"enemies":"Maw","floor":48,"turns":7},{"damage":0,"enemies":"Awakened One","floor":50,"turns":10},{"damage":0,"enemies":"Shield and Spear","floor":54,"turns":6},{"damage":31,"enemies":"The Heart","floor":55,"turns":8}],"seed_played":"-8580591542729795681","potions_obtained":[{"floor":1,"key":"PowerPotion"},{"floor":2,"key":"PowerPotion"},{"floor":2,"key":"SkillPotion"},{"floor":16,"key":"Explosive Potion"},{"floor":20,"key":"Weak Potion"},{"floor":30,"key":"Weak Potion"},{"floor":31,"key":"LiquidBronze"},{"floor":33,"key":"EntropicBrew"},{"floor":35,"key":"Regen Potion"},{"floor":36,"key":"Energy Potion"}],"is_trial":false,"path_per_floor":["M","?","M","?","?","R","?","M","T","R","E","?","$","M","R","B",null,"M","?","M","M","?","R","E","?","T","M","R","M","M","E","R","B",null,"M","M","?","$","?","M","R","M","T","?","?","E","R","M","R","B",null,"R","$","E","B",null],"character_chosen":"DEFECT","items_purchased":["Defragment","Mayhem","Amplify","Centennial Puzzle"],"campfire_rested":2,"item_purchase_floors":[13,38,38,53],"current_hp_per_floor":[75,75,75,64,49,71,69,69,69,69,68,68,68,68,68,53,75,69,69,69,62,37,37,24,24,24,18,29,29,37,37,37,37,37,37,37,37,37,32,37,37,37,37,37,37,37,37,37,37,37,37,37,34,34,13],"gold":31,"neow_bonus":"ONE_RARE_RELIC","is_prod":false,"is_daily":false,"chose_seed":false,"campfire_upgraded":7,"win_rate":0,"timestamp":1555449236,"path_taken":["M","?","?","?","?","R","?","?","T","R","E","?","$","M","R","BOSS","M","?","?","M","?","R","E","?","T","M","R","M","M","E","R","BOSS","M","M","?","$","?","M","R","M","T","?","?","E","R","M","R","BOSS","R","$","E","BOSS"],"build_version":"2019-01-23","purchased_purges":2,"victory":true,"max_hp_per_floor":[75,75,75,75,75,75,75,75,75,75,75,75,75,75,75,75,75,75,75,75,75,37,37,37,37,37,37,37,37,37,37,37,37,37,37,37,37,37,37,37,37,37,37,37,37,37,37,37,37,37,37,37,34,34,34],"card_choices":[{"not_picked":["Fusion","Steam"],"picked":"Hologram","floor":1},{"not_picked":["Steam","Beam Cell"],"picked":"Gash","floor":3},{"not_picked":["Gash","Loop"],"picked":"Glacier","floor":7},{"not_picked":["Stack","Ball Lightning"],"picked":"Sunder","floor":8},{"not_picked":["Compile Driver","Streamline"],"picked":"Recycle","floor":11},{"not_picked":["Ball Lightning","Rip and Tear"],"picked":"Gash","floor":14},{"not_picked":["Amplify","Machine Learning"],"picked":"All For One","floor":16},{"not_picked":["White Noise","Hologram"],"picked":"Defragment","floor":18},{"not_picked":["Force Field","Leap+1","Double Energy"],"picked":"SKIP","floor":20},{"not_picked":["Force Field","Heatsinks","Compile Driver"],"picked":"SKIP","floor":21},{"not_picked":["Compile Driver","Ball Lightning+1"],"picked":"Reinforced Body+1","floor":24},{"not_picked":["Rebound","Barrage"],"picked":"Fission","floor":27},{"not_picked":["Genetic Algorithm","Recycle+1"],"picked":"Self Repair+1","floor":29},{"not_picked":["Redo","Steam+1"],"picked":"Self Repair","floor":30},{"not_picked":["Ball Lightning+1","Tempest","Barrage+1"],"picked":"SKIP","floor":31},{"not_picked":["Machine Learning","Rainbow"],"picked":"Fission","floor":33},{"not_picked":["Undo","Beam Cell","Hello World"],"picked":"SKIP","floor":35},{"not_picked":["Sweeping Beam+1","Storm"],"picked":"Coolheaded+1","floor":36},{"not_picked":["The Bomb","Purity"],"picked":"Secret Technique","floor":39},{"not_picked":["Enlightenment","Deep Breath"],"picked":"Jack Of All Trades","floor":39},{"not_picked":["Rebound+1","Stack"],"picked":"Go for the Eyes+1","floor":40},{"not_picked":["Compile Driver+1","Streamline+1"],"picked":"Chill","floor":42},{"not_picked":["Streamline","Steam"],"picked":"Buffer","floor":46},{"not_picked":["Lockon","Darkness+1","Beam Cell"],"picked":"SKIP","floor":48},{"not_picked":["Go for the Eyes","All For One"],"picked":"Seek","floor":54}],"player_experience":138469,"relics_obtained":[{"floor":7,"key":"Odd Mushroom"},{"floor":9,"key":"Letter Opener"},{"floor":11,"key":"Turnip"},{"floor":24,"key":"Bronze Scales"},{"floor":31,"key":"Orichalcum"},{"floor":37,"key":"Calipers"},{"floor":43,"key":"Smiling Mask"},{"floor":46,"key":"Ice Cream"},{"floor":54,"key":"War Paint"}],"event_choices":[{"damage_healed":0,"gold_gain":0,"player_choice":"Got Potions","damage_taken":0,"max_hp_gain":0,"max_hp_loss":0,"event_name":"Lab","floor":2,"gold_loss":0},{"damage_healed":0,"gold_gain":75,"player_choice":"Gather Gold","damage_taken":11,"max_hp_gain":0,"max_hp_loss":0,"event_name":"World of Goop","floor":4,"gold_loss":0},{"damage_healed":0,"gold_gain":0,"player_choice":"Entered Light","damage_taken":15,"max_hp_gain":0,"max_hp_loss":0,"event_name":"Shining Light","floor":5,"gold_loss":0,"cards_upgraded":["Defend_B","Strike_B"]},{"damage_healed":0,"gold_gain":0,"player_choice":"Fought Mushrooms","damage_taken":0,"max_hp_gain":0,"max_hp_loss":0,"event_name":"Mushrooms","floor":7,"gold_loss":0},{"damage_healed":0,"gold_gain":0,"player_choice":"Box","damage_taken":0,"relics_obtained":["Art of War"],"max_hp_gain":0,"max_hp_loss":0,"event_name":"Big Fish","floor":12,"gold_loss":0,"cards_obtained":["Regret"]},{"damage_healed":0,"gold_gain":0,"player_choice":"Upgraded Two","damage_taken":0,"max_hp_gain":0,"max_hp_loss":0,"event_name":"Designer","floor":19,"gold_loss":40,"cards_upgraded":["Creative AI","Hologram"]},{"damage_healed":0,"gold_gain":0,"player_choice":"Became a Ghost","damage_taken":0,"max_hp_gain":0,"max_hp_loss":38,"event_name":"Ghosts","floor":22,"gold_loss":0,"cards_obtained":["Ghostly","Ghostly","Ghostly","Ghostly","Ghostly"]},{"cards_removed":["Zap"],"damage_healed":0,"gold_gain":0,"player_choice":"Gave Gold","damage_taken":0,"max_hp_gain":0,"max_hp_loss":0,"event_name":"Beggar","floor":25,"gold_loss":75},{"damage_healed":0,"gold_gain":0,"player_choice":"Fight","damage_taken":0,"max_hp_gain":0,"max_hp_loss":0,"event_name":"MindBloom","floor":37,"gold_loss":0},{"damage_healed":0,"gold_gain":0,"player_choice":"Memory 2","damage_taken":5,"max_hp_gain":0,"max_hp_loss":0,"event_name":"SensoryStone","floor":39,"gold_loss":0},{"cards_removed":["Self Repair"],"damage_healed":0,"gold_gain":0,"player_choice":"Removed Power","damage_taken":0,"max_hp_gain":0,"max_hp_loss":0,"event_name":"Falling","floor":44,"gold_loss":0},{"damage_healed":0,"gold_gain":0,"player_choice":"Upgraded","damage_taken":0,"max_hp_gain":0,"max_hp_loss":0,"event_name":"Upgrade Shrine","floor":45,"gold_loss":0,"cards_upgraded":["Fission"]}],"is_beta":false,"boss_relics":[{"not_picked":["Sozu","Fusion Hammer"],"picked":"Pandora\u0027s Box"},{"not_picked":["Runic Dome","White Beast Statue"],"picked":"Nuclear Battery"}],"items_purged_floors":[13,53],"is_endless":false,"potions_floor_spawned":[1,3,7,16,20,30,31,33,35,36,46,48,54],"ascension_level":3}