{"gold_per_floor":[117,117,117,136,151,177,177,203,203,221,221,236,236,247,247,247],"floor_reached":16,"playtime":468,"items_purged":[],"score":213,"play_id":"6c1ab4f5-628a-4766-9e92-cd38aaba6ba8","local_time":"20190201112322","is_ascension_mode":true,"campfire_choices":[{"data":"Uppercut","floor":7,"key":"SMITH"},{"data":"Feel No Pain","floor":11,"key":"SMITH"},{"data":"Disarm","floor":13,"key":"SMITH"},{"floor":15,"key":"REST"}],"neow_cost":"NONE","seed_source_timestamp":180682759854320,"circlet_count":0,"master_deck":["AscendersBane","Strike_R","Strike_R","Strike_R","Strike_R","Strike_R","Defend_R","Defend_R","Defend_R","Defend_R","Bash","Feel No Pain+1","Uppercut+1","Cleave","Disarm+1","Clothesline"],"relics":["Burning Blood","NeowsBlessing","GremlinMask","Bottled Flame","Self Forming Clay","Mercury Hourglass"],"potions_floor_usage":[6,16,16],"damage_taken":[{"damage":0,"enemies":"Jaw Worm","floor":1,"turns":1},{"damage":0,"enemies":"2 Louse","floor":4,"turns":1},{"damage":0,"enemies":"Cultist","floor":5,"turns":1},{"damage":42,"enemies":"Gremlin Nob","floor":6,"turns":5},{"damage":23,"enemies":"3 Sentries","floor":8,"turns":11},{"damage":0,"enemies":"Exordium Wildlife","floor":10,"turns":2},{"damage":15,"enemies":"Large Slime","floor":12,"turns":7},{"damage":18,"enemies":"3 Louse","floor":14,"turns":3},{"damage":56,"enemies":"Slime Boss","floor":16,"turns":10}],"seed_played":"-7886028571125157045","potions_obtained":[{"floor":4,"key":"SkillPotion"},{"floor":8,"key":"Energy Potion"},{"floor":10,"key":"Regen Potion"},{"floor":12,"key":"AttackPotion"}],"is_trial":false,"path_per_floor":["M","?","?","M","M","E","R","E","T","M","R","M","R","M","R","B"],"character_chosen":"IRONCLAD","items_purchased":[],"campfire_rested":1,"item_purchase_floors":[],"current_hp_per_floor":[74,79,79,80,80,44,44,27,27,33,33,24,24,12,36,0],"gold":247,"neow_bonus":"THREE_ENEMY_KILL","is_prod":false,"is_daily":false,"chose_seed":false,"campfire_upgraded":3,"win_rate":0,"timestamp":1549045402,"path_taken":["M","?","?","?","M","E","R","E","T","M","R","M","R","M","R","BOSS"],"build_version":"2019-01-23","purchased_purges":0,"victory":false,"max_hp_per_floor":[75,80,80,80,80,80,80,80,80,80,80,80,80,80,80,80],"card_choices":[{"not_picked":["Flex","Shockwave"],"picked":"Feel No Pain","floor":1},{"not_picked":["Dual Wield","Flame Barrier"],"picked":"Uppercut","floor":4},{"not_picked":["Second Wind","Searing Blow","Rupture"],"picked":"SKIP","floor":5},{"not_picked":["Perfected Strike","Sentinel","Thunderclap"],"picked":"SKIP","floor":6},{"not_picked":["Thunderclap","Fiend Fire"],"picked":"Cleave","floor":8},{"not_picked":["Inflame","Metallicize"],"picked":"Disarm","floor":10},{"not_picked":["Cleave","Anger","Perfected Strike"],"picked":"SKIP","floor":12},{"not_picked":["Havoc","Power Through"],"picked":"Clothesline","floor":14}],"player_experience":1054581,"relics_obtained":[{"floor":6,"key":"Bottled Flame"},{"floor":8,"key":"Self Forming Clay"},{"floor":9,"key":"Mercury Hourglass"}],"event_choices":[{"damage_healed":0,"gold_gain":0,"player_choice":"Donut","damage_taken":0,"max_hp_gain":5,"max_hp_loss":0,"event_name":"Big Fish","floor":2,"gold_loss":0},{"damage_healed":0,"gold_gain":0,"player_choice":"Trade","damage_taken":0,"relics_obtained":["GremlinMask"],"max_hp_gain":0,"max_hp_loss":0,"event_name":"FaceTrader","floor":3,"gold_loss":0}],"is_beta":true,"boss_relics":[],"items_purged_floors":[],"is_endless":false,"potions_floor_spawned":[4,8,10,12,14],"killed_by":"Slime Boss","ascension_level":18}