{"gold_per_floor":[117,136,31,44,56,56,81,81,108,108,383,398,398,411,411,411],"floor_reached":16,"playtime":636,"items_purged":[],"score":204,"play_id":"2759f911-84f8-40b1-9e58-2cbbff82f3d4","local_time":"20190419004743","is_ascension_mode":true,"campfire_choices":[{"data":"Bash","floor":6,"key":"SMITH"},{"data":"Clothesline","floor":8,"key":"SMITH"},{"data":"Inflame","floor":10,"key":"SMITH"},{"data":"Flame Barrier","floor":13,"key":"SMITH"},{"data":"Armaments","floor":15,"key":"SMITH"}],"neow_cost":"NONE","seed_source_timestamp":627694610771986,"circlet_count":0,"master_deck":["AscendersBane","Strike_R","Strike_R","Strike_R","Strike_R","Defend_R","Defend_R","Defend_R","Defend_R","Bash+1","Sever Soul","Clothesline+1","Perfected Strike","Feel No Pain","True Grit","Flame Barrier+1","Inflame+1","Shrug It Off","Regret","Evolve","Armaments+1"],"relics":["Burning Blood","Blood Vial","Orichalcum"],"potions_floor_usage":[5],"damage_taken":[{"damage":9,"enemies":"2 Louse","floor":1,"turns":3},{"damage":1,"enemies":"Cultist","floor":2,"turns":3},{"damage":2,"enemies":"Jaw Worm","floor":4,"turns":3},{"damage":4,"enemies":"Exordium Thugs","floor":5,"turns":4},{"damage":35,"enemies":"Gremlin Nob","floor":7,"turns":5},{"damage":21,"enemies":"Exordium Wildlife","floor":12,"turns":6},{"damage":10,"enemies":"Red Slaver","floor":14,"turns":5},{"damage":37,"enemies":"The Guardian","floor":16,"turns":14}],"seed_played":"-163229521010906159","potions_obtained":[{"floor":2,"key":"Explosive Potion"}],"is_trial":false,"path_per_floor":["M","M","$","M","M","R","E","R","T","R","?","M","R","M","R","B"],"character_chosen":"IRONCLAD","items_purchased":["Feel No Pain","True Grit"],"campfire_rested":0,"item_purchase_floors":[3,3],"current_hp_per_floor":[65,70,70,74,75,75,46,46,46,46,46,33,33,31,31,0],"gold":411,"neow_bonus":"TRANSFORM_CARD","is_prod":false,"is_daily":false,"chose_seed":false,"campfire_upgraded":5,"win_rate":0,"timestamp":1555649263,"path_taken":["M","M","$","M","M","R","E","R","T","R","?","?","R","M","R","BOSS"],"build_version":"2019-01-23","purchased_purges":0,"victory":false,"max_hp_per_floor":[75,75,75,75,75,75,75,75,75,75,75,75,75,75,75,75],"card_choices":[{"not_picked":["Anger","Havoc"],"picked":"Clothesline","floor":1},{"not_picked":["Warcry","Havoc"],"picked":"Perfected Strike","floor":2},{"not_picked":["Heavy Blade","Flex"],"picked":"Flame Barrier","floor":4},{"not_picked":["Hemokinesis","Blood for Blood"],"picked":"Inflame","floor":5},{"not_picked":["Havoc","Intimidate"],"picked":"Shrug It Off","floor":7},{"not_picked":["Havoc","Sword Boomerang"],"picked":"Evolve","floor":12},{"not_picked":["Anger","True Grit","Armaments"],"picked":"SKIP","floor":14},{"not_picked":["Anger","True Grit"],"picked":"Armaments","floor":14}],"player_experience":1858352,"relics_obtained":[{"floor":7,"key":"Blood Vial"},{"floor":9,"key":"Orichalcum"}],"event_choices":[{"damage_healed":0,"gold_gain":275,"player_choice":"Desecrate","damage_taken":0,"max_hp_gain":0,"max_hp_loss":0,"event_name":"Golden Shrine","floor":11,"gold_loss":0,"cards_obtained":["Regret"]}],"is_beta":false,"boss_relics":[],"items_purged_floors":[],"is_endless":false,"potions_floor_spawned":[2],"killed_by":"The Guardian","ascension_level":20}