{"gold_per_floor":[109,121,121,28,103,128,128,158,158,168,168,183,183,198,198,296,296,206,206,206,206,206,206,206,206],"floor_reached":25,"playtime":1247,"items_purged":[],"score":274,"play_id":"17dd1657-ff11-4950-bbcb-a04446006c99","local_time":"20190507235042","is_ascension_mode":true,"campfire_choices":[{"data":"Loop","floor":7,"key":"SMITH"},{"floor":11,"key":"REST"},{"floor":13,"key":"REST"},{"data":"Sunder","floor":15,"key":"SMITH"},{"floor":23,"key":"REST"}],"neow_cost":"NONE","seed_source_timestamp":997473071915180,"circlet_count":0,"master_deck":["Strike_B","Strike_B","Strike_B","Defend_B","Defend_B","Zap","Dualcast","Cold Snap","Darkness","Loop+1","Conserve Battery","Consume","Cold Snap","Chill","Sunder+1","Echo Form","Loop+1","Blizzard","Shame","Seek","Stack","Biased Cognition","Steam+1"],"relics":["Cracked Core","NeowsBlessing","Pantograph","Smiling Mask","Cables","Ectoplasm","Prayer Wheel"],"potions_floor_usage":[8,16,24],"damage_taken":[{"damage":0,"enemies":"Small Slimes","floor":1,"turns":1},{"damage":0,"enemies":"Cultist","floor":2,"turns":1},{"damage":0,"enemies":"3 Sentries","floor":6,"turns":1},{"damage":44,"enemies":"Gremlin Nob","floor":8,"turns":5},{"damage":10,"enemies":"Jaw Worm","floor":10,"turns":3},{"damage":9,"enemies":"3 Louse","floor":12,"turns":3},{"damage":2,"enemies":"Looter","floor":14,"turns":4},{"damage":28,"enemies":"Slime Boss","floor":16,"turns":10},{"damage":34,"enemies":"2 Thieves","floor":18,"turns":4},{"damage":15,"enemies":"Shell Parasite","floor":19,"turns":6},{"damage":12,"enemies":"Snecko","floor":21,"turns":5},{"damage":13,"enemies":"Centurion and Healer","floor":24,"turns":3},{"damage":27,"enemies":"Gremlin Leader","floor":25,"turns":7}],"seed_played":"-2931527571711185656","potions_obtained":[{"floor":6,"key":"Regen Potion"},{"floor":8,"key":"LiquidBronze"},{"floor":12,"key":"EssenceOfSteel"},{"floor":14,"key":"AttackPotion"},{"floor":19,"key":"Dexterity Potion"},{"floor":21,"key":"PowerPotion"}],"is_trial":false,"path_per_floor":["M","M","?","$","?","E","R","E","T","M","R","M","R","M","R","B",null,"M","M","?","M","?","R","M","E"],"character_chosen":"DEFECT","items_purchased":["Loop","Conserve Battery"],"campfire_rested":3,"item_purchase_floors":[4,4],"current_hp_per_floor":[75,75,75,75,64,64,64,34,34,24,46,37,59,57,57,47,75,41,26,26,14,14,36,23,0],"gold":206,"neow_bonus":"THREE_ENEMY_KILL","is_prod":false,"is_daily":false,"chose_seed":false,"campfire_upgraded":2,"win_rate":0,"timestamp":1557287442,"path_taken":["M","M","?","?","?","E","R","E","T","M","R","M","R","M","R","BOSS","M","M","?","M","?","R","M","E"],"build_version":"2019-01-23","purchased_purges":0,"victory":false,"max_hp_per_floor":[75,75,75,75,75,75,75,75,75,75,75,75,75,75,75,75,75,75,75,75,75,75,75,75,75],"card_choices":[{"not_picked":["Ball Lightning","Hologram"],"picked":"Cold Snap","floor":1},{"not_picked":["Compile Driver","Leap","Redo"],"picked":"SKIP","floor":2},{"not_picked":["Recycle","Undo"],"picked":"Consume","floor":6},{"not_picked":["Redo","Streamline"],"picked":"Cold Snap","floor":8},{"not_picked":["Beam Cell","Hello World"],"picked":"Chill","floor":10},{"not_picked":["Genetic Algorithm","Leap","Skim"],"picked":"SKIP","floor":12},{"not_picked":["Barrage","Hologram"],"picked":"Sunder","floor":14},{"not_picked":["Core Surge","Fission"],"picked":"Echo Form","floor":16},{"not_picked":["Sweeping Beam","Glacier"],"picked":"Loop+1","floor":18},{"not_picked":["Turbo","Chaos"],"picked":"Blizzard","floor":19},{"not_picked":["Cold Snap","Stack"],"picked":"Seek","floor":21},{"not_picked":["Hologram","Rip and Tear","Ball Lightning"],"picked":"SKIP","floor":21},{"not_picked":["Storm","Stack+1"],"picked":"Steam+1","floor":24},{"not_picked":["Sunder","Go for the Eyes","FTL"],"picked":"SKIP","floor":24}],"player_experience":958297,"relics_obtained":[{"floor":6,"key":"Pantograph"},{"floor":8,"key":"Smiling Mask"},{"floor":9,"key":"Cables"}],"event_choices":[{"damage_healed":0,"gold_gain":0,"cards_transformed":["Defend_B"],"player_choice":"Transformed","damage_taken":0,"max_hp_gain":0,"max_hp_loss":0,"event_name":"Transmorgrifier","floor":3,"gold_loss":0,"cards_obtained":["Darkness"]},{"damage_healed":0,"gold_gain":75,"player_choice":"Gather Gold","damage_taken":11,"max_hp_gain":0,"max_hp_loss":0,"event_name":"World of Goop","floor":5,"gold_loss":0},{"damage_healed":0,"gold_gain":0,"player_choice":"Stole Relic","damage_taken":0,"relics_obtained":["Prayer Wheel"],"max_hp_gain":0,"max_hp_loss":0,"event_name":"Addict","floor":20,"gold_loss":0,"cards_obtained":["Shame"]},{"damage_healed":0,"gold_gain":0,"cards_transformed":["Strike_B","Defend_B"],"player_choice":"Became Test Subject","damage_taken":0,"max_hp_gain":0,"max_hp_loss":0,"event_name":"Drug Dealer","floor":22,"gold_loss":0,"cards_obtained":["Stack","Biased Cognition"]}],"is_beta":false,"boss_relics":[{"not_picked":["Runic Pyramid","Eternal Feather"],"picked":"Ectoplasm"}],"items_purged_floors":[],"is_endless":false,"potions_floor_spawned":[6,8,12,14,19,21],"killed_by":"Gremlin Leader","ascension_level":3}