{"path_per_floor":["M","?","M","M","?","E","?","R","T","T","M","E","T","E","R"],"character_chosen":"IRONCLAD","items_purchased":[],"gold_per_floor":[113,113,125,145,145,177,177,177,177,203,216,246,272,302,302,302],"floor_reached":16,"campfire_rested":0,"playtime":514,"current_hp_per_floor":[70,63,60,62,67,47,36,36,36,36,35,27,29,13,13,0],"items_purged":[],"gold":302,"score":207,"play_id":"12600689-d485-4bb5-bdfc-8c097e50bf33","local_time":"20180415164234","is_prod":false,"is_daily":false,"chose_seed":false,"is_ascension_mode":true,"campfire_upgraded":2,"timestamp":1523824954,"path_taken":["M","?","M","M","?","E","?","R","T","?","?","E","?","E","R","BOSS"],"build_version":"2018-04-12","seed_source_timestamp":10891526670799,"purchased_purges":0,"victory":false,"master_deck":["Strike_R","Strike_R","Strike_R","Strike_R","Defend_R","Defend_R","Defend_R","Defend_R","Bash+1","AscendersBane","Heavy Blade","Clothesline+1","Brutality+1","Combust","Uppercut","Pummel","Clash"],"max_hp_per_floor":[75,75,75,75,80,80,80,80,80,80,80,80,82,84,84,84],"relics":["Burning Blood","Prayer Wheel","Singing Bowl","Bronze Scales","Bag of Marbles","Shuriken","Dream Catcher","Pen Nib"],"card_choices":[{"not_picked":["Iron Wave","Uppercut"],"picked":"Heavy Blade","floor":1},{"not_picked":["Iron Wave","True Grit"],"picked":"Clothesline","floor":3},{"not_picked":["Entrench","Body Slam"],"picked":"Brutality","floor":6},{"not_picked":["Havoc","Heavy Blade"],"picked":"Combust","floor":9},{"not_picked":["Clash","Perfected Strike"],"picked":"Uppercut","floor":10},{"not_picked":["Flex","Havoc"],"picked":"Pummel","floor":11},{"not_picked":["Body Slam","Twin Strike"],"picked":"Clash","floor":12}],"player_experience":886397,"potions_floor_usage":[6,12,16],"damage_taken":[{"damage":4,"enemies":"2 Louse","floor":1,"turns":4},{"damage":9,"enemies":"Jaw Worm","floor":3,"turns":3},{"damage":4,"enemies":"Small Slimes","floor":4,"turns":4},{"damage":38,"enemies":"Lagavulin","floor":6,"turns":8},{"damage":7,"enemies":"2 Fungi Beasts","floor":11,"turns":3},{"damage":14,"enemies":"Gremlin Nob","floor":12,"turns":3},{"damage":24,"enemies":"Lagavulin","floor":14,"turns":5},{"damage":13,"enemies":"Hexaghost","floor":16,"turns":7}],"event_choices":[{"event_name":"Golden Wing","player_choice":"Card Removal","floor":2,"damage_taken":0},{"event_name":"Big Fish","player_choice":"Donut","floor":5,"damage_taken":0},{"event_name":"Scrap Ooze","player_choice":"success","floor":7,"damage_taken":11}],"boss_relics":[],"potions_floor_spawned":[1,6,11],"seed_played":"-8371889199772656924","killed_by":"Hexaghost","ascension_level":15,"is_trial":false}