{"gold_per_floor":[116,126,126,144,144,144,319,319,343,343,368,382,400,441,441,441],"floor_reached":16,"playtime":741,"items_purged":[],"score":183,"play_id":"e1cb41eb-b0f0-427e-a17d-be52ebe95f05","local_time":"20190511130824","is_ascension_mode":true,"campfire_choices":[{"data":"Bash","floor":6,"key":"SMITH"},{"data":"True Grit","floor":8,"key":"SMITH"},{"data":"True Grit","floor":10,"key":"SMITH"},{"data":"Pommel Strike","floor":15,"key":"SMITH"}],"neow_cost":"PERCENT_DAMAGE","seed_source_timestamp":582540127179097,"circlet_count":0,"master_deck":["AscendersBane","Strike_R+1","Strike_R+1","Strike_R","Strike_R","Strike_R","Defend_R","Defend_R","Defend_R","Defend_R","Bash+1","True Grit+1","True Grit+1","Wild Strike","Doubt","Demon Form","Metallicize","Headbutt","Pommel Strike+1"],"relics":["Burning Blood","Golden Idol","Dream Catcher","Strawberry"],"potions_floor_usage":[14],"damage_taken":[{"damage":0,"enemies":"Small Slimes","floor":1,"turns":4},{"damage":4,"enemies":"Jaw Worm","floor":2,"turns":5},{"damage":3,"enemies":"Cultist","floor":4,"turns":5},{"damage":0,"enemies":"Exordium Wildlife","floor":11,"turns":4},{"damage":18,"enemies":"Large Slime","floor":12,"turns":5},{"damage":1,"enemies":"2 Fungi Beasts","floor":13,"turns":6},{"damage":11,"enemies":"Lagavulin","floor":14,"turns":7},{"damage":65,"enemies":"Hexaghost","floor":16,"turns":9}],"seed_played":"-1601656802803357394","potions_obtained":[{"floor":1,"key":"GamblersBrew"},{"floor":11,"key":"FairyPotion"},{"floor":13,"key":"Regen Potion"}],"is_trial":false,"path_per_floor":["M","M","?","M","?","R","?","R","T","R","M","M","M","E","R","B"],"character_chosen":"IRONCLAD","items_purchased":[],"campfire_rested":0,"item_purchase_floors":[],"current_hp_per_floor":[73,75,56,59,35,35,35,35,35,35,41,29,34,51,51,0],"gold":441,"neow_bonus":"TWENTY_PERCENT_HP_BONUS","is_prod":false,"is_daily":false,"chose_seed":false,"campfire_upgraded":4,"win_rate":0,"timestamp":1557576504,"path_taken":["M","M","?","M","?","R","?","R","T","R","?","?","M","E","R","BOSS"],"build_version":"2019-01-23","purchased_purges":0,"victory":false,"max_hp_per_floor":[96,96,96,96,96,96,96,96,96,96,96,96,96,103,103,103],"card_choices":[{"not_picked":["Dropkick","Iron Wave"],"picked":"True Grit","floor":1},{"not_picked":["Thunderclap","Flex"],"picked":"True Grit","floor":2},{"not_picked":["Evolve","Clash"],"picked":"Wild Strike","floor":4},{"not_picked":["Anger","Rage"],"picked":"Demon Form","floor":11},{"not_picked":["Rupture","True Grit"],"picked":"Metallicize","floor":12},{"not_picked":["Perfected Strike","Pummel"],"picked":"Headbutt","floor":13},{"not_picked":["Ghostly Armor","Juggernaut"],"picked":"Pommel Strike","floor":14}],"player_experience":361446,"relics_obtained":[{"floor":9,"key":"Dream Catcher"},{"floor":14,"key":"Strawberry"}],"event_choices":[{"damage_healed":0,"gold_gain":0,"player_choice":"Entered Light","damage_taken":19,"max_hp_gain":0,"max_hp_loss":0,"event_name":"Shining Light","floor":3,"gold_loss":0,"cards_upgraded":["Strike_R","Strike_R"]},{"damage_healed":0,"gold_gain":0,"player_choice":"Take Damage","damage_taken":24,"relics_obtained":["Golden Idol"],"max_hp_gain":0,"max_hp_loss":0,"event_name":"Golden Idol","floor":5,"gold_loss":0},{"damage_healed":0,"gold_gain":175,"player_choice":"AGREE","damage_taken":0,"max_hp_gain":0,"max_hp_loss":0,"event_name":"Liars Game","floor":7,"gold_loss":0,"cards_obtained":["Doubt"]}],"is_beta":false,"boss_relics":[],"items_purged_floors":[],"is_endless":false,"potions_floor_spawned":[1,11,12,13],"killed_by":"Hexaghost","ascension_level":11}