{"gold_per_floor":[18,43,43,60,80,110,110,130,130,142,153,153,153,170,170,269,269,283,6,21,21,37,37,50,50,50,83,158,169,169,169,169,265,265,281,295,313,166,217,232,232,263,289,289,6,6,6,0,0,0],"floor_reached":51,"playtime":4002,"items_purged":["Thunder Strike","Loop"],"score":1100,"play_id":"802fe7ff-f04c-4432-bb6b-4dcbfe7fd3ee","local_time":"20180929000238","is_ascension_mode":true,"campfire_choices":[{"floor":7.0,"key":"REST"},{"floor":12.0,"key":"REST"},{"data":"Conserve Battery","floor":15.0,"key":"SMITH"},{"floor":23.0,"key":"REST"},{"data":"Seek","floor":25.0,"key":"SMITH"},{"data":"Hologram","floor":30.0,"key":"SMITH"},{"floor":32.0,"key":"REST"},{"floor":41.0,"key":"REST"},{"floor":44.0,"key":"REST"},{"floor":49,"key":"REST"}],"neow_cost":"NO_GOLD","seed_source_timestamp":1914380642704532,"circlet_count":0,"master_deck":["Strike_B","Strike_B","Defend_B","Defend_B","Defend_B","Defend_B","Zap","Dualcast","AscendersBane","Compile Driver","Streamline+1","Leap","Rebound+1","Sweeping Beam+1","Beam Cell+1","Conserve Battery+1","Beam Cell+1","Seek+1","Melter+1","Hologram+1","Rip and Tear+1","Turbo","White Noise","Sweeping Beam+1","Fission","Stack","Turbo","Streamline+1","Core Surge+1","Sweeping Beam+1","Barrage+1","Dark Shackles"],"special_seed":0,"relics":["FrozenCore","Strawberry","Molten Egg 2","Mango","Letter Opener","Bag of Marbles","FossilizedHelix","Vajra","Fusion Hammer","Pen Nib","Prayer Wheel","Smiling Mask","Happy Flower","Oddly Smooth Stone","Red Mask"],"potions_floor_usage":[50,50],"damage_taken":[{"damage":1.0,"enemies":"Cultist","floor":1.0,"turns":4.0},{"damage":1.0,"enemies":"2 Louse","floor":4.0,"turns":2.0},{"damage":10.0,"enemies":"Small Slimes","floor":5.0,"turns":3.0},{"damage":36.0,"enemies":"3 Sentries","floor":6.0,"turns":9.0},{"damage":6.0,"enemies":"Looter","floor":8.0,"turns":2.0},{"damage":11.0,"enemies":"Blue Slaver","floor":10.0,"turns":4.0},{"damage":4.0,"enemies":"Red Slaver","floor":11.0,"turns":3.0},{"damage":7.0,"enemies":"Looter","floor":14.0,"turns":4.0},{"damage":45.0,"enemies":"The Guardian","floor":16.0,"turns":9.0},{"damage":19.0,"enemies":"2 Thieves","floor":18.0,"turns":5.0},{"damage":5.0,"enemies":"Chosen","floor":20.0,"turns":4.0},{"damage":15.0,"enemies":"Colosseum Slavers","floor":21.0,"turns":3.0},{"damage":0.0,"enemies":"Sentry and Sphere","floor":22.0,"turns":2.0},{"damage":1.0,"enemies":"Cultist and Chosen","floor":24.0,"turns":6.0},{"damage":0.0,"enemies":"Gremlin Leader","floor":27.0,"turns":4.0},{"damage":6.0,"enemies":"Chosen and Byrds","floor":29.0,"turns":4.0},{"damage":68.0,"enemies":"Collector","floor":33.0,"turns":11.0},{"damage":0.0,"enemies":"Orb Walker","floor":35.0,"turns":1.0},{"damage":8.0,"enemies":"3 Darklings","floor":36.0,"turns":3.0},{"damage":0.0,"enemies":"Maw","floor":37.0,"turns":6.0},{"damage":0.0,"enemies":"Mysterious Sphere","floor":39.0,"turns":3.0},{"damage":7.0,"enemies":"4 Shapes","floor":40.0,"turns":8.0},{"damage":22.0,"enemies":"2 Orb Walkers","floor":42.0,"turns":4.0},{"damage":11,"enemies":"Awakened One","floor":50,"turns":14}],"seed_played":"-5392399730739751428","potions_obtained":[{"floor":1.0,"key":"Swift Potion"},{"floor":8.0,"key":"SmokeBomb"},{"floor":10.0,"key":"Fire Potion"},{"floor":11.0,"key":"Dexterity Potion"},{"floor":18.0,"key":"FearPotion"},{"floor":22.0,"key":"EssenceOfSteel"},{"floor":42.0,"key":"FocusPotion"}],"is_trial":false,"path_per_floor":["M","T","?","M","M","E","R","M","T","M","M","R","?","M","R","B",null,"M","$","M","?","M","R","M","R","T","E","?","M","R","?","R","B",null,"M","M","M","$","?","M","R","E","T","R","$","?","$","?","R","B"],"character_chosen":"DEFECT","items_purchased":["Hologram","Bag of Marbles","Pen Nib","Oddly Smooth Stone","Sweeping Beam+1","Barrage+1"],"campfire_rested":7,"item_purchase_floors":[19,19,38,45,45,45],"current_hp_per_floor":[67,74,56,55,45,23,51,45,45,34,30,58,58,51,51,6,74,55,55,50,35,35,63,62,62,62,62,53,47,47,47,75,7,74,74,66,66,66,66,59,87,65,65,93,93,93,93,93,96,85],"gold":0,"neow_bonus":"TRANSFORM_TWO_CARDS","is_prod":false,"is_daily":false,"chose_seed":false,"campfire_upgraded":3,"win_rate":0,"timestamp":1538193758,"path_taken":["M","?","?","M","M","E","R","M","T","M","M","R","?","?","R","BOSS","M","$","M","?","?","R","M","R","T","E","?","M","R","?","R","BOSS","M","M","M","$","?","M","R","E","T","R","$","?","?","?","R","BOSS"],"build_version":"2018-09-27","purchased_purges":2,"victory":true,"max_hp_per_floor":[75,82,82,82,82,96,96,96,96,96,96,96,96,96,96,96,96,96,96,96,96,96,96,96,96,96,96,96,96,96,96,96,96,96,96,96,96,96,96,96,96,96,96,96,96,96,96,96,96,96],"card_choices":[{"not_picked":["Darkness","Rebound"],"picked":"Compile Driver","floor":1.0},{"not_picked":["Go for the Eyes+1","Melter+1"],"picked":"Streamline+1","floor":4.0},{"not_picked":["Gash+1","Defragment"],"picked":"Leap","floor":5.0},{"not_picked":["Defragment","Barrage+1"],"picked":"Rebound+1","floor":6.0},{"not_picked":["Tempest","Loop"],"picked":"Sweeping Beam+1","floor":8.0},{"not_picked":["Consume","Chaos"],"picked":"Beam Cell+1","floor":10.0},{"not_picked":["Coolheaded","Leap"],"picked":"Conserve Battery","floor":11.0},{"not_picked":["Rebound+1","Coolheaded"],"picked":"Beam Cell+1","floor":14.0},{"not_picked":["Fission","Amplify"],"picked":"Seek","floor":16.0},{"not_picked":["Sunder+1","Beam Cell+1"],"picked":"Melter+1","floor":18.0},{"not_picked":["Glacier","Reinforced Body"],"picked":"Rip and Tear+1","floor":20.0},{"not_picked":["Compile Driver+1","Aggregate","Skim"],"picked":"SKIP","floor":22.0},{"not_picked":["Scrape+1","Coolheaded+1"],"picked":"Turbo","floor":24.0},{"not_picked":["Leap","Barrage+1"],"picked":"White Noise","floor":27.0},{"not_picked":["Glacier","Go for the Eyes+1"],"picked":"Sweeping Beam+1","floor":29.0},{"not_picked":["Biased Cognition","Creative AI"],"picked":"Fission","floor":33.0},{"not_picked":["Hello World+1","Fusion"],"picked":"Stack","floor":35.0},{"not_picked":["Scrape+1","Lockon+1"],"picked":"Turbo","floor":36.0},{"not_picked":["Rebound+1","Conserve Battery+1"],"picked":"Streamline+1","floor":37.0},{"not_picked":["Double Energy","Stack+1"],"picked":"Core Surge+1","floor":40.0},{"not_picked":["Streamline+1","Leap","Stack"],"picked":"SKIP","floor":40.0},{"not_picked":["Chaos","Steam","Undo"],"picked":"SKIP","floor":42.0},{"not_picked":["Panacea","Enlightenment"],"picked":"Dark Shackles","floor":46.0}],"player_experience":489287,"relics_obtained":[{"floor":2.0,"key":"Strawberry"},{"floor":6.0,"key":"Mango"},{"floor":9.0,"key":"Letter Opener"},{"floor":26.0,"key":"FossilizedHelix"},{"floor":27.0,"key":"Vajra"},{"floor":39.0,"key":"Prayer Wheel"},{"floor":42.0,"key":"Smiling Mask"},{"floor":43.0,"key":"Happy Flower"}],"event_choices":[{"event_name":"Scrap Ooze","player_choice":"success","floor":3.0,"damage_taken":18.0},{"event_name":"Liars Game","player_choice":"disagreed","floor":13.0,"damage_taken":0.0},{"event_name":"Colosseum","player_choice":"Fight","floor":21.0,"damage_taken":0.0},{"event_name":"Colosseum","player_choice":"Fled From Nobs","floor":21.0,"damage_taken":0.0},{"event_name":"FaceTrader","player_choice":"Touch","floor":28.0,"damage_taken":0.0},{"event_name":"Ghosts","player_choice":"Ignored","floor":31.0,"damage_taken":0.0},{"event_name":"Mysterious Sphere","player_choice":"Fight","floor":39.0,"damage_taken":0.0},{"event_name":"SensoryStone","player_choice":"Memory 1","floor":46.0,"damage_taken":0.0},{"event_name":"Tomb of Lord Red Mask","player_choice":"Paid","floor":48,"damage_taken":0}],"is_beta":false,"boss_relics":[{"not_picked":["Eternal Feather","Coffee Dripper"],"picked":"FrozenCore"},{"not_picked":["Nuclear Battery","Pandora\u0027s Box"],"picked":"Fusion Hammer"}],"items_purged_floors":[19,45],"is_endless":false,"potions_floor_spawned":[1,8,10,11,18,21,22,24,35,36,37,42],"ascension_level":12}