{"path_per_floor":["M","?","M","M","?","R","M","M","T","R","?","M","?","M","R","B",null,"M","M","?","$","M","R","?","R","T","$","M","M","E"],"character_chosen":"THE_SILENT","items_purchased":["Bottled Flame","Apotheosis"],"gold_per_floor":[113,113,131,148,223,223,241,261,261,261,288,307,307,326,326,422,422,434,454,454,28,43,43,43,43,43,43,53,64,91],"floor_reached":31,"campfire_rested":1,"playtime":2489,"current_hp_per_floor":[69,55,52,52,41,41,37,37,37,37,37,37,60,60,60,28,60,60,47,47,47,23,44,44,44,44,44,44,39,8],"items_purged":[],"gold":91,"score":311,"play_id":"4a8bb0f5-9798-41d7-93f1-d344fe6717a4","is_prod":false,"is_daily":false,"is_ascension_mode":true,"campfire_upgraded":4,"path_taken":["M","?","M","M","?","R","M","?","T","R","?","M","?","?","R","BOSS","M","M","?","$","M","R","?","R","T","$","M","M","E","M"],"build_version":"2018-02-15-PROD1","purchased_purges":0,"victory":false,"master_deck":["Defend_G+1","Defend_G+1","Defend_G+1","Defend_G+1","Defend_G+1","Strike_G+1","Strike_G+1","Strike_G+1","Strike_G+1","Strike_G+1","Survivor","Neutralize+1","Outmaneuver+1","Adrenaline","Heel Hook","Dash+1","Bouncing Flask+1","Deadly Poison","Bullet Time","Apotheosis+1","Backflip","Writhe","Crippling Poison+1","Adrenaline","Calculated Gamble"],"max_hp_per_floor":[70,70,70,70,70,70,70,70,70,70,70,70,70,70,70,70,70,70,70,70,70,70,70,70,70,70,70,70,70,70],"relics":["Ring of the Snake","Sundial","Odd Mushroom","Philosopher\u0027s Stone","Bottled Flame","Ornamental Fan","Gambling Chip","Lantern"],"card_choices":[{"not_picked":["Underhanded Strike","Quick Slash"],"picked":"Outmaneuver"},{"not_picked":["Deflect","Predator"],"picked":"Adrenaline"},{"not_picked":["Prepared","Dodge and Roll"],"picked":"Heel Hook"},{"not_picked":["Dagger Spray","Backflip"],"picked":"Dash"},{"not_picked":["Dagger Spray","Acrobatics"],"picked":"Bouncing Flask"},{"not_picked":["Deflect","Prepared"],"picked":"Deadly Poison"},{"not_picked":["Burst","Tactician"],"picked":"Bullet Time"},{"not_picked":["Infinite Blades","Flying Knee"],"picked":"Backflip"},{"not_picked":["Acrobatics","Choke"],"picked":"Crippling Poison"},{"not_picked":["Dagger Throw","Flying Knee"],"picked":"Adrenaline"},{"not_picked":["Quick Slash","Sucker Punch"],"picked":"Calculated Gamble"}],"player_experience":330500,"potions_floor_usage":[11,11,16,19,22,30,30],"damage_taken":[{"damage":1,"enemies":"2 Louse","floor":1,"turns":2},{"damage":3,"enemies":"Jaw Worm","floor":3,"turns":6},{"damage":0,"enemies":"Small Slimes","floor":4,"turns":3},{"damage":4,"enemies":"Red Slaver","floor":7,"turns":5},{"damage":0,"enemies":"2 Fungi Beasts","floor":8,"turns":4},{"damage":0,"enemies":"The Mushroom Lair","floor":11,"turns":5},{"damage":0,"enemies":"Looter","floor":12,"turns":3},{"damage":0,"enemies":"Exordium Wildlife","floor":14,"turns":3},{"damage":32,"enemies":"Slime Boss","floor":16,"turns":15},{"damage":0,"enemies":"Chosen","floor":18,"turns":4},{"damage":13,"enemies":"Shell Parasite","floor":19,"turns":5},{"damage":39,"enemies":"Centurion and Healer","floor":22,"turns":8},{"damage":0,"enemies":"3 Cultists","floor":28,"turns":5},{"damage":5,"enemies":"Snake Plant","floor":29,"turns":4},{"damage":31,"enemies":"Gremlin Leader","floor":30,"turns":7},{"damage":10,"enemies":"Centurion and Healer","floor":31,"turns":2}],"event_choices":[{"event_name":"Shining Light","player_choice":"Entered Light","floor":2,"damage_taken":0},{"event_name":"World of Goop","player_choice":"Gather Gold","floor":5,"damage_taken":0},{"event_name":"Mushrooms","player_choice":"Fought Mushrooms","floor":11,"damage_taken":0},{"event_name":"Big Fish","player_choice":"Banana","floor":13,"damage_taken":0},{"event_name":"Back to Basics","player_choice":"Simplicity","floor":20,"damage_taken":0},{"event_name":"The Mausoleum","player_choice":"Yes","floor":24,"damage_taken":0}],"boss_relics":[{"not_picked":["Orrery","Tiny House"],"picked":"Philosopher\u0027s Stone"}],"potions_floor_spawned":[4,7,11,14,16,18,29],"seed_played":"2860929946784218053","killed_by":"Centurion and Healer","ascension_level":5,"is_trial":false}