{"gold_per_floor":[113,113,132,145,11,37,37,68,117,117,136,286,286,298,298,298],"floor_reached":16,"playtime":380,"items_purged":["Strike_R"],"score":220,"play_id":"9521987e-76a6-4ed0-9ae8-17e5a8a7541f","local_time":"20190305132122","is_ascension_mode":true,"campfire_choices":[{"floor":7,"key":"REST"},{"floor":10,"key":"REST"},{"data":"True Grit","floor":15,"key":"SMITH"}],"neow_cost":"NONE","seed_source_timestamp":353064416198681,"circlet_count":0,"master_deck":["AscendersBane","Strike_R","Strike_R","Strike_R","Strike_R","Defend_R","Defend_R","Defend_R","Defend_R","Bash+1","Uppercut+1","Ghostly Armor","True Grit","True Grit","True Grit+1","Spot Weakness","Doubt","Twin Strike"],"relics":["Burning Blood","Self Forming Clay","Orichalcum","Lantern"],"potions_floor_usage":[6,16,16],"damage_taken":[{"damage":7,"enemies":"Jaw Worm","floor":1,"turns":3},{"damage":2,"enemies":"Cultist","floor":3,"turns":4},{"damage":17,"enemies":"Small Slimes","floor":4,"turns":4},{"damage":56,"enemies":"Gremlin Nob","floor":6,"turns":5},{"damage":36,"enemies":"Lagavulin","floor":8,"turns":8},{"damage":0,"enemies":"Looter","floor":11,"turns":4},{"damage":11,"enemies":"Exordium Thugs","floor":14,"turns":4},{"damage":35,"enemies":"Hexaghost","floor":16,"turns":10}],"seed_played":"5651363731827022541","potions_obtained":[{"floor":1,"key":"BloodPotion"},{"floor":2,"key":"LiquidBronze"},{"floor":8,"key":"Fire Potion"},{"floor":14,"key":"Strength Potion"}],"is_trial":false,"path_per_floor":["M","?","M","M","$","E","R","E","T","R","M","?","?","M","R","B"],"character_chosen":"IRONCLAD","items_purchased":["True Grit"],"campfire_rested":2,"item_purchase_floors":[5],"current_hp_per_floor":[67,67,71,60,60,17,39,9,9,31,37,37,37,32,32,0],"gold":298,"neow_bonus":"UPGRADE_CARD","is_prod":false,"is_daily":false,"chose_seed":false,"campfire_upgraded":1,"win_rate":0,"timestamp":1551817282,"path_taken":["M","?","M","?","$","E","R","E","T","R","M","?","?","?","R","BOSS"],"build_version":"2019-02-06","purchased_purges":1,"victory":false,"max_hp_per_floor":[75,75,75,75,75,75,75,75,75,75,75,75,75,75,75,75],"card_choices":[{"not_picked":["Ghostly Armor","Hemokinesis"],"picked":"Uppercut","floor":1},{"not_picked":["Body Slam","Clash"],"picked":"Ghostly Armor","floor":3},{"not_picked":["Wild Strike","Flex","Body Slam"],"picked":"SKIP","floor":4},{"not_picked":["Pommel Strike","Limit Break"],"picked":"True Grit","floor":6},{"not_picked":["Warcry","Body Slam"],"picked":"True Grit","floor":8},{"not_picked":["Dual Wield","Body Slam"],"picked":"Spot Weakness","floor":11},{"not_picked":["Sword Boomerang","Headbutt"],"picked":"Twin Strike","floor":14}],"player_experience":1157112,"relics_obtained":[{"floor":6,"key":"Self Forming Clay"},{"floor":8,"key":"Orichalcum"},{"floor":9,"key":"Lantern"}],"event_choices":[{"damage_healed":0,"gold_gain":0,"player_choice":"Got Potions","damage_taken":0,"max_hp_gain":0,"max_hp_loss":0,"event_name":"Lab","floor":2,"gold_loss":0},{"damage_healed":0,"gold_gain":150,"player_choice":"AGREE","damage_taken":0,"max_hp_gain":0,"max_hp_loss":0,"event_name":"Liars Game","floor":12,"gold_loss":0,"cards_obtained":["Doubt"]},{"damage_healed":0,"gold_gain":0,"player_choice":"Forge","damage_taken":0,"max_hp_gain":0,"max_hp_loss":0,"event_name":"Accursed Blacksmith","floor":13,"gold_loss":0,"cards_upgraded":["Uppercut"]}],"is_beta":true,"boss_relics":[],"items_purged_floors":[5],"is_endless":false,"potions_floor_spawned":[1,8,14],"killed_by":"Hexaghost","ascension_level":20}