{"path_per_floor":["M","?","$","M","?","E","R","$","T","E","M","M","M","M","R","B",null,"M","?","?","?","$","E","R","M","T","M","M","M","?","M","R"],"character_chosen":"THE_SILENT","items_purchased":["Dash","Riddle With Holes","Panache"],"gold_per_floor":[110,70,2,21,21,56,56,20,101,126,144,164,181,193,193,297,297,310,310,310,310,38,63,63,82,106,126,144,158,258,278,278],"floor_reached":33,"campfire_rested":3,"playtime":1909,"current_hp_per_floor":[62,62,62,62,48,28,49,49,49,46,46,46,44,44,44,33,79,65,65,65,49,49,28,54,52,52,31,24,17,17,28,54],"items_purged":["Normality"],"gold":278,"score":457,"play_id":"a2db4237-9ca7-45c5-b39c-81ff38c53bcb","local_time":"20180321211700","is_prod":false,"is_daily":false,"is_ascension_mode":true,"campfire_upgraded":1,"timestamp":1521681420,"path_taken":["M","?","$","M","?","E","R","?","T","E","M","?","M","?","R","BOSS","M","?","?","?","?","E","R","?","T","M","M","M","?","M","R","BOSS"],"build_version":"2018-03-15v3","purchased_purges":1,"victory":false,"master_deck":["Defend_G","Defend_G","Defend_G","Defend_G","Defend_G","Strike_G","Strike_G","Strike_G","Strike_G","Strike_G","Survivor","Neutralize","Parasite","Blur+1","Dash+1","Quick Slash","Bullet Time","Riddle With Holes","Glass Knife+1","Prepared","Terror","Blur","Infinite Blades","Tools of the Trade","Regret","Injury","Dodge and Roll+1","Footwork","Panache","Riddle With Holes+1","Storm of Steel","Blade Dance","PiercingWail+1","Concentrate"],"max_hp_per_floor":[70,70,70,70,70,70,70,70,70,70,70,70,70,70,70,70,88,88,88,88,88,88,88,88,88,88,88,88,88,88,88,88],"relics":["Ring of the Snake","Darkstone Periapt","Centennial Puzzle","Lantern","Gremlin Horn","Omamori","Tough Bandages","Nloth\u0027s Gift","Enchiridion","Mummified Hand","Bag of Marbles"],"card_choices":[{"not_picked":["Quick Slash","Slice"],"picked":"Blur"},{"not_picked":["Deadly Poison","Crippling Poison"],"picked":"Quick Slash"},{"not_picked":["Masterful Stab","Cloak And Dagger"],"picked":"Bullet Time"},{"not_picked":["Backflip","Phantasmal Killer"],"picked":"Glass Knife"},{"not_picked":["Flechettes","Slice"],"picked":"Prepared"},{"not_picked":["Outmaneuver","Skewer"],"picked":"Terror"},{"not_picked":["PiercingWail","Quick Slash"],"picked":"Blur"},{"not_picked":["Poisoned Stab","Bouncing Flask"],"picked":"Infinite Blades"},{"not_picked":["Die Die Die","Unload"],"picked":"Tools of the Trade"},{"not_picked":["Calculated Gamble","PiercingWail"],"picked":"Dodge and Roll"},{"not_picked":["Glass Knife","Cloak And Dagger"],"picked":"Riddle With Holes"},{"not_picked":["Deadly Poison","Backflip"],"picked":"Storm of Steel"},{"not_picked":["Poisoned Stab","Quick Slash"],"picked":"Blade Dance"},{"not_picked":["Leg Sweep","Bane"],"picked":"PiercingWail"},{"not_picked":["Sucker Punch","Bouncing Flask"],"picked":"Concentrate"}],"player_experience":582046,"potions_floor_usage":[6,6,10,10,16,16,16,23,31,33],"damage_taken":[{"damage":1,"enemies":"Small Slimes","floor":1,"turns":4},{"damage":0,"enemies":"Cultist","floor":4,"turns":4},{"damage":20,"enemies":"Lagavulin","floor":6,"turns":11},{"damage":3,"enemies":"Gremlin Nob","floor":10,"turns":4},{"damage":0,"enemies":"Jaw Worm","floor":11,"turns":4},{"damage":0,"enemies":"Looter","floor":12,"turns":2},{"damage":2,"enemies":"Exordium Thugs","floor":13,"turns":3},{"damage":0,"enemies":"Blue Slaver","floor":14,"turns":3},{"damage":11,"enemies":"Slime Boss","floor":16,"turns":9},{"damage":14,"enemies":"Shell Parasite","floor":18,"turns":6},{"damage":21,"enemies":"Gremlin Leader","floor":23,"turns":6},{"damage":2,"enemies":"Chosen","floor":25,"turns":4},{"damage":21,"enemies":"Snake Plant","floor":27,"turns":3},{"damage":7,"enemies":"Sentry and Sphere","floor":28,"turns":3},{"damage":7,"enemies":"Snecko","floor":29,"turns":4},{"damage":1,"enemies":"3 Cultists","floor":31,"turns":5},{"damage":58,"enemies":"Collector","floor":33,"turns":9}],"event_choices":[{"event_name":"The Woman in Blue","player_choice":"Bought 3 Potions","floor":2,"damage_taken":0},{"event_name":"Shining Light","player_choice":"Entered Light","floor":5,"damage_taken":0},{"event_name":"N\u0027loth","player_choice":"Traded a Calling Bell","floor":19,"damage_taken":0},{"event_name":"The Library","player_choice":"Read","floor":20,"damage_taken":0},{"event_name":"Cursed Tome","player_choice":"Obtained Book","floor":21,"damage_taken":0},{"event_name":"Golden Shrine","player_choice":"Pray","floor":30,"damage_taken":0}],"boss_relics":[{"not_picked":["Velvet Choker","Lizard Tail"],"picked":"Calling Bell"}],"potions_floor_spawned":[6,10,11,13,18,28,29],"seed_played":"2002166039070238328","killed_by":"Collector","ascension_level":11,"is_trial":false}