{"gold_per_floor":[411,31,31,44,63,63,73,131,154,164,164,89,121,191,191,269,269,288,307,307,319,369,369,384,404,482,494,494,494,494,512,512,512],"floor_reached":33,"playtime":1532,"items_purged":[],"score":518,"play_id":"a17ff046-4bda-481e-8273-02492f30190a","local_time":"20190408032823","is_ascension_mode":true,"campfire_choices":[{"data":"Noxious Fumes","floor":6,"key":"SMITH"},{"data":"Crippling Poison","floor":11,"key":"SMITH"},{"data":"Neutralize","floor":15,"key":"SMITH"},{"floor":23,"key":"REST"},{"floor":28,"key":"REST"},{"floor":30,"key":"REST"},{"data":"Deadly Poison","floor":32,"key":"SMITH"}],"neow_cost":"CURSE","seed_source_timestamp":579521005262000,"circlet_count":0,"master_deck":["AscendersBane","Defend_G","Defend_G","Defend_G","Defend_G","Defend_G","Strike_G","Strike_G","Strike_G","Strike_G","Strike_G","Survivor","Neutralize+1","Endless Agony","Noxious Fumes+1","Masterful Stab","Crippling Poison+1","Deadly Poison+1","Backflip","Footwork+1","Backflip","Noxious Fumes+1","Escape Plan"],"relics":["Ring of the Serpent","Old Coin","Bronze Scales","PreservedInsect","Tiny Chest","Art of War","Anchor","Frozen Egg 2","The Courier"],"potions_floor_usage":[10,20,20,33,33],"damage_taken":[{"damage":0,"enemies":"Jaw Worm","floor":1,"turns":6},{"damage":0,"enemies":"Small Slimes","floor":4,"turns":4},{"damage":0,"enemies":"Cultist","floor":5,"turns":4},{"damage":1,"enemies":"Blue Slaver","floor":7,"turns":4},{"damage":19,"enemies":"Gremlin Nob","floor":8,"turns":4},{"damage":1,"enemies":"Red Slaver","floor":10,"turns":3},{"damage":2,"enemies":"3 Sentries","floor":13,"turns":6},{"damage":19,"enemies":"The Guardian","floor":16,"turns":9},{"damage":8,"enemies":"Shell Parasite","floor":18,"turns":5},{"damage":4,"enemies":"3 Byrds","floor":19,"turns":3},{"damage":1,"enemies":"Colosseum Slavers","floor":20,"turns":4},{"damage":17,"enemies":"Snake Plant","floor":21,"turns":4},{"damage":18,"enemies":"Snecko","floor":24,"turns":7},{"damage":22,"enemies":"Chosen and Byrds","floor":25,"turns":6},{"damage":7,"enemies":"Centurion and Healer","floor":27,"turns":6},{"damage":24,"enemies":"3 Cultists","floor":31,"turns":5},{"damage":33,"enemies":"Automaton","floor":33,"turns":6}],"seed_played":"-9175756547416044235","potions_obtained":[{"floor":4,"key":"Fire Potion"},{"floor":7,"key":"AttackPotion"},{"floor":10,"key":"FearPotion"},{"floor":18,"key":"SteroidPotion"},{"floor":25,"key":"LiquidBronze"},{"floor":31,"key":"GhostInAJar"}],"is_trial":false,"path_per_floor":["M","$","?","M","M","R","M","E","T","M","R","?","E","T","R","B",null,"M","M","?","M","?","R","M","M","T","M","R","?","R","M","R","B"],"character_chosen":"THE_SILENT","items_purchased":["Noxious Fumes","Bronze Scales","PreservedInsect"],"campfire_rested":3,"item_purchase_floors":[2,2,2],"current_hp_per_floor":[59,59,64,64,64,64,63,44,44,43,43,43,41,41,41,22,59,51,47,46,29,29,50,32,10,10,3,24,24,45,21,21,0],"gold":512,"neow_bonus":"ONE_RARE_RELIC","is_prod":false,"is_daily":false,"chose_seed":false,"campfire_upgraded":4,"win_rate":0,"timestamp":1554708503,"path_taken":["M","$","?","M","M","R","M","E","T","M","R","?","E","?","R","BOSS","M","M","?","M","?","R","M","?","T","M","R","?","R","?","R","BOSS"],"build_version":"2019-01-23","purchased_purges":0,"victory":false,"max_hp_per_floor":[66,66,71,71,71,71,71,71,71,71,71,71,71,71,71,71,71,71,71,71,71,71,71,71,71,71,71,71,71,71,71,71,71],"card_choices":[{"not_picked":["Concentrate","Poisoned Stab"],"picked":"Endless Agony","floor":1},{"not_picked":["Eviscerate","Quick Slash","Outmaneuver"],"picked":"SKIP","floor":4},{"not_picked":["Poisoned Stab","Dagger Throw"],"picked":"Masterful Stab","floor":5},{"not_picked":["Cloak And Dagger","Terror"],"picked":"Crippling Poison","floor":7},{"not_picked":["Masterful Stab","Prepared"],"picked":"Deadly Poison","floor":8},{"not_picked":["Backstab","Distraction"],"picked":"Backflip","floor":10},{"not_picked":["Distraction","Blade Dance","Flying Knee"],"picked":"SKIP","floor":13},{"not_picked":["Poisoned Stab","Prepared","Outmaneuver"],"picked":"SKIP","floor":18},{"not_picked":["Quick Slash","Setup","Finisher"],"picked":"SKIP","floor":19},{"not_picked":["Eviscerate","Cloak And Dagger"],"picked":"Footwork+1","floor":21},{"not_picked":["Bane","Skewer","Distraction"],"picked":"SKIP","floor":24},{"not_picked":["Choke","Tactician","Prepared"],"picked":"SKIP","floor":25},{"not_picked":["Sucker Punch","Cloak And Dagger"],"picked":"Backflip","floor":27},{"not_picked":["Concentrate","Prepared"],"picked":"Escape Plan","floor":31}],"player_experience":1723885,"relics_obtained":[{"floor":8,"key":"Tiny Chest"},{"floor":9,"key":"Art of War"},{"floor":13,"key":"Anchor"},{"floor":14,"key":"Frozen Egg 2"},{"floor":26,"key":"The Courier"}],"event_choices":[{"damage_healed":0,"gold_gain":0,"player_choice":"Donut","damage_taken":0,"max_hp_gain":5,"max_hp_loss":0,"event_name":"Big Fish","floor":3,"gold_loss":0},{"cards_removed":["Writhe"],"damage_healed":0,"gold_gain":0,"player_choice":"Card Removal","damage_taken":0,"max_hp_gain":0,"max_hp_loss":0,"event_name":"The Cleric","floor":12,"gold_loss":75},{"damage_healed":0,"gold_gain":0,"player_choice":"Fight","damage_taken":0,"max_hp_gain":0,"max_hp_loss":0,"event_name":"Colosseum","floor":20,"gold_loss":0},{"damage_healed":0,"gold_gain":0,"player_choice":"Fled From Nobs","damage_taken":0,"max_hp_gain":0,"max_hp_loss":0,"event_name":"Colosseum","floor":20,"gold_loss":0},{"damage_healed":0,"gold_gain":50,"player_choice":"Pray","damage_taken":0,"max_hp_gain":0,"max_hp_loss":0,"event_name":"Golden Shrine","floor":22,"gold_loss":0},{"damage_healed":0,"gold_gain":0,"player_choice":"Copied","damage_taken":0,"max_hp_gain":0,"max_hp_loss":0,"event_name":"Duplicator","floor":29,"gold_loss":0,"cards_obtained":["Noxious Fumes"]}],"is_beta":false,"boss_relics":[{"not_picked":["Black Star","Coffee Dripper"],"picked":"Ring of the Serpent"}],"items_purged_floors":[],"is_endless":false,"potions_floor_spawned":[4,7,8,10,18,25,31],"killed_by":"Automaton","ascension_level":20}