{"gold_per_floor":[359,359,72,72,92,130,130,203,230,230,282,326,326,350,350,439,439,462,462,149,149,24,24,19,87,163,198,212,212,212,228,228,228],"floor_reached":33,"playtime":1558,"items_purged":["Injury","Normality"],"score":628,"play_id":"ad26b249-58a5-4c09-acdf-3b4504a39957","local_time":"20190408035939","is_ascension_mode":true,"campfire_choices":[{"data":"Disarm","floor":7,"key":"SMITH"},{"data":"Flame Barrier","floor":10,"key":"SMITH"},{"data":"Bash","floor":13,"key":"SMITH"},{"data":"Clothesline","floor":15,"key":"SMITH"},{"data":"Fiend Fire","floor":23,"key":"SMITH"},{"data":"True Grit","floor":30,"key":"SMITH"},{"data":"Inflame","floor":32,"key":"SMITH"}],"neow_cost":"PERCENT_DAMAGE","seed_source_timestamp":581370259473164,"circlet_count":0,"master_deck":["AscendersBane","Strike_R","Strike_R","Strike_R","Strike_R","Strike_R","Defend_R","Defend_R","Defend_R","Defend_R","Bash+1","Flame Barrier+1","Headbutt","Disarm+1","Clothesline+1","Shrug It Off","Fiend Fire+1","Clumsy","Clumsy","Feel No Pain","Disarm+1","RitualDagger","Inflame+1","Pummel","Armaments+1","Reaper","True Grit+1"],"relics":["Burning Blood","Golden Idol","Bronze Scales","Oddly Smooth Stone","Shuriken","Pen Nib","Meat on the Bone","Calling Bell","Art of War","Mercury Hourglass","FossilizedHelix","DollysMirror","Tiny Chest","Gremlin Horn","Lantern","WingedGreaves"],"potions_floor_usage":[6,8,12,12,27,33],"damage_taken":[{"damage":7,"enemies":"Jaw Worm","floor":1,"turns":4},{"damage":1,"enemies":"Small Slimes","floor":5,"turns":4},{"damage":8,"enemies":"Gremlin Nob","floor":6,"turns":3},{"damage":32,"enemies":"Gremlin Nob","floor":8,"turns":4},{"damage":7,"enemies":"3 Sentries","floor":12,"turns":6},{"damage":4,"enemies":"2 Louse","floor":14,"turns":4},{"damage":20,"enemies":"Hexaghost","floor":16,"turns":9},{"damage":4,"enemies":"3 Byrds","floor":18,"turns":3},{"damage":13,"enemies":"2 Thieves","floor":24,"turns":4},{"damage":0,"enemies":"Book of Stabbing","floor":25,"turns":7},{"damage":27,"enemies":"Slavers","floor":27,"turns":4},{"damage":21,"enemies":"Snecko","floor":28,"turns":6},{"damage":0,"enemies":"Cultist and Chosen","floor":31,"turns":5},{"damage":90,"enemies":"Collector","floor":33,"turns":10}],"seed_played":"3203083872036304768","potions_obtained":[{"floor":1,"key":"Swift Potion"},{"floor":6,"key":"AttackPotion"},{"floor":8,"key":"EssenceOfSteel"},{"floor":25,"key":"Poison Potion"},{"floor":28,"key":"Block Potion"}],"is_trial":false,"path_per_floor":["M","?","$","?","M","E","R","?","T","R","?","E","R","M","R","B",null,"M","?","$","?","$","R","M","E","T","E","M","T","R","M","R","B"],"character_chosen":"IRONCLAD","items_purchased":["Bronze Scales","PowerPotion","DollysMirror","Inflame","Pummel"],"campfire_rested":0,"item_purchase_floors":[3,3,20,22,22],"current_hp_per_floor":[49,49,49,54,59,57,57,31,31,31,31,30,30,44,44,42,71,73,73,73,67,67,67,60,66,66,57,47,47,47,61,61,0],"gold":228,"neow_bonus":"TWO_FIFTY_GOLD","is_prod":false,"is_daily":false,"chose_seed":false,"campfire_upgraded":7,"win_rate":0,"timestamp":1554710379,"path_taken":["M","?","$","?","M","E","R","?","T","R","?","E","R","M","R","BOSS","M","?","$","?","?","R","?","E","T","E","M","?","R","M","R","BOSS"],"build_version":"2019-01-23","purchased_purges":2,"victory":false,"max_hp_per_floor":[75,75,75,80,80,80,80,80,80,80,80,80,80,80,80,80,80,80,80,80,80,80,80,80,80,80,80,80,80,80,80,80,80],"card_choices":[{"not_picked":["Iron Wave","Rupture"],"picked":"Flame Barrier","floor":1},{"not_picked":["Cleave","Havoc"],"picked":"Headbutt","floor":5},{"not_picked":["Rage","Second Wind"],"picked":"Disarm","floor":6},{"not_picked":["Warcry","Havoc"],"picked":"Clothesline","floor":8},{"not_picked":["Warcry","Battle Trance"],"picked":"Shrug It Off","floor":12},{"not_picked":["Twin Strike","Heavy Blade","Cleave"],"picked":"SKIP","floor":14},{"not_picked":["Brutality","Impervious"],"picked":"Fiend Fire","floor":16},{"not_picked":["Flame Barrier","Warcry"],"picked":"Feel No Pain","floor":18},{"not_picked":["Clothesline","Searing Blow","Clash+1"],"picked":"SKIP","floor":24},{"not_picked":["Bloodletting","Whirlwind"],"picked":"Armaments+1","floor":25},{"not_picked":["True Grit","Uppercut"],"picked":"Reaper","floor":27},{"not_picked":["Body Slam","Infernal Blade"],"picked":"True Grit","floor":28},{"not_picked":["Rupture","Perfected Strike+1","Sword Boomerang"],"picked":"SKIP","floor":31},{"not_picked":["Rupture","Perfected Strike+1","Sword Boomerang"],"picked":"SKIP","floor":31}],"player_experience":1725700,"relics_obtained":[{"floor":6,"key":"Oddly Smooth Stone"},{"floor":8,"key":"Shuriken"},{"floor":9,"key":"Pen Nib"},{"floor":12,"key":"Meat on the Bone"},{"floor":17,"key":"Art of War"},{"floor":17,"key":"Mercury Hourglass"},{"floor":17,"key":"FossilizedHelix"},{"floor":25,"key":"Tiny Chest"},{"floor":26,"key":"Gremlin Horn"},{"floor":27,"key":"Lantern"},{"floor":29,"key":"WingedGreaves"}],"event_choices":[{"damage_healed":0,"gold_gain":0,"player_choice":"Take Wound","damage_taken":0,"relics_obtained":["Golden Idol"],"max_hp_gain":0,"max_hp_loss":0,"event_name":"Golden Idol","floor":2,"gold_loss":0,"cards_obtained":["Injury"]},{"damage_healed":0,"gold_gain":0,"player_choice":"Donut","damage_taken":0,"max_hp_gain":5,"max_hp_loss":0,"event_name":"Big Fish","floor":4,"gold_loss":0},{"damage_healed":0,"gold_gain":0,"player_choice":"Searched \u00271\u0027 times","damage_taken":0,"max_hp_gain":0,"max_hp_loss":0,"event_name":"Dead Adventurer","floor":8,"gold_loss":0},{"damage_healed":0,"gold_gain":52,"player_choice":"Gained Gold","damage_taken":0,"max_hp_gain":0,"max_hp_loss":0,"event_name":"Golden Wing","floor":11,"gold_loss":0},{"damage_healed":0,"gold_gain":0,"player_choice":"Ignored","damage_taken":0,"max_hp_gain":0,"max_hp_loss":0,"event_name":"Ghosts","floor":19,"gold_loss":0},{"damage_healed":0,"gold_gain":0,"player_choice":"Joined the Cult","damage_taken":6,"max_hp_gain":0,"max_hp_loss":0,"event_name":"Nest","floor":21,"gold_loss":0,"cards_obtained":["RitualDagger"]}],"is_beta":false,"boss_relics":[{"not_picked":["Runic Cube","Black Star"],"picked":"Calling Bell"}],"items_purged_floors":[3,20],"is_endless":false,"potions_floor_spawned":[1,6,8,25,28],"killed_by":"Collector","ascension_level":20}