{"gold_per_floor":[111,70,87,102,120,120,147,163,163,195,215,140,158,185,185,256,256,272,472,210,210,135,167,167,187,235,235,235,235,235,265,265,344,344,356,356,356,11,31,66,66,94,162,162,1,1,1,34,34,34,34,34,34,34,60,60],"floor_reached":57,"playtime":2557,"items_purged":["Endless Agony","Night Terror"],"score":3580,"play_id":"04e51b18-ce54-4ca1-835a-f4f6223e5321","local_time":"20190511184612","is_ascension_mode":true,"campfire_choices":[{"data":"Flechettes","floor":6.0,"key":"SMITH"},{"data":"Eviscerate+1","floor":15.0,"key":"PURGE"},{"data":"Tactician","floor":24.0,"key":"SMITH"},{"data":"Well Laid Plans","floor":27.0,"key":"SMITH"},{"data":"Acrobatics","floor":32,"key":"SMITH"},{"data":"Prepared","floor":41,"key":"SMITH"},{"data":"Footwork","floor":44,"key":"SMITH"},{"floor":49,"key":"RECALL"},{"data":"Dodge and Roll+1","floor":53,"key":"PURGE"}],"neow_cost":"NONE","seed_source_timestamp":96433351472574,"circlet_count":0,"master_deck":["AscendersBane","Survivor+1","Flechettes+1","Expertise+1","Endless Agony+1","Backflip+1","Well Laid Plans+1","Prepared+1","Noxious Fumes+1","Tactician+1","Escape Plan+1","Acrobatics+1","Footwork+1","Secret Technique","Blur"],"special_seed":0,"relics":["Pandora\u0027s Box","Whetstone","Tingsha","Incense Burner","Odd Mushroom","Peace Pipe","Black Star","Juzu Bracelet","Sundial","Mercury Hourglass","Paper Crane","Darkstone Periapt","Empty Cage","Tough Bandages","Frozen Egg 2","War Paint","Molten Egg 2","Happy Flower","Mark of the Bloom","The Specimen","Blood Vial","Centennial Puzzle","Anchor"],"potions_floor_usage":[31,56,56],"damage_taken":[{"damage":6.0,"enemies":"Cultist","floor":1.0,"turns":3.0},{"damage":5.0,"enemies":"Small Slimes","floor":3.0,"turns":3.0},{"damage":5.0,"enemies":"Jaw Worm","floor":4.0,"turns":4.0},{"damage":0.0,"enemies":"Red Slaver","floor":5.0,"turns":4.0},{"damage":26.0,"enemies":"Gremlin Nob","floor":7.0,"turns":5.0},{"damage":4.0,"enemies":"Looter","floor":8.0,"turns":2.0},{"damage":0.0,"enemies":"Lagavulin","floor":10.0,"turns":6.0},{"damage":1.0,"enemies":"The Mushroom Lair","floor":11.0,"turns":2.0},{"damage":6.0,"enemies":"Large Slime","floor":13.0,"turns":4.0},{"damage":6.0,"enemies":"Gremlin Nob","floor":14.0,"turns":3.0},{"damage":0.0,"enemies":"Hexaghost","floor":16.0,"turns":7.0},{"damage":17.0,"enemies":"Spheric Guardian","floor":18.0,"turns":5.0},{"damage":0.0,"enemies":"Book of Stabbing","floor":23.0,"turns":5.0},{"damage":0.0,"enemies":"Chosen","floor":25.0,"turns":5.0},{"damage":26,"enemies":"Slavers","floor":31,"turns":5},{"damage":0,"enemies":"Automaton","floor":33,"turns":2},{"damage":1,"enemies":"Orb Walker","floor":35,"turns":2},{"damage":0,"enemies":"3 Darklings","floor":39,"turns":1},{"damage":0,"enemies":"Nemesis","floor":40,"turns":1},{"damage":0,"enemies":"Giant Head","floor":42,"turns":1},{"damage":0,"enemies":"Nemesis","floor":48,"turns":1},{"damage":0,"enemies":"Time Eater","floor":50,"turns":6},{"damage":0,"enemies":"Donu and Deca","floor":51,"turns":1},{"damage":0,"enemies":"Shield and Spear","floor":55,"turns":1},{"damage":0,"enemies":"The Heart","floor":56,"turns":4}],"seed_played":"-4782108166118419029","potions_obtained":[{"floor":3.0,"key":"Ancient Potion"},{"floor":10.0,"key":"SkillPotion"},{"floor":14.0,"key":"Fire Potion"},{"floor":16.0,"key":"EssenceOfSteel"},{"floor":23.0,"key":"Swift Potion"},{"floor":48,"key":"PowerPotion"}],"is_trial":false,"path_per_floor":["M","$","M","M","M","R","E","M","T","E","?","$","M","E","R","B",null,"M","?","$","?","?","E","R","M","T","R","?","?","?","E","R","B",null,"M","?","?","$","M","E","R","E","T","R","$","?","?","E","R","B","B",null,"R","$","E","B",null],"character_chosen":"THE_SILENT","items_purchased":["Well Laid Plans","Juzu Bracelet","Tough Bandages","Happy Flower"],"campfire_rested":0,"item_purchase_floors":[2,20,38,45],"current_hp_per_floor":[53,53,48,43,43,43,17,13,13,13,12,12,6,9,9,9,52,35,35,35,35,35,35,35,35,35,35,35,35,35,9,9,9,52,51,51,51,51,51,51,51,51,51,51,51,51,51,51,51,51,51,51,51,51,51,51],"gold":60,"neow_bonus":"BOSS_RELIC","is_prod":false,"is_daily":false,"chose_seed":false,"campfire_upgraded":6,"win_rate":0,"timestamp":1557571572,"path_taken":["M","$","M","M","M","R","E","?","T","E","?","$","M","E","R","BOSS","M","?","$","?","?","E","R","M","T","R","?","?","?","E","R","BOSS","M","?","?","$","M","E","R","E","T","R","$","?","?","E","R","BOSS","BOSS","R","$","E","BOSS"],"build_version":"2019-01-23","purchased_purges":2,"victory":true,"max_hp_per_floor":[66,66,66,66,66,66,66,66,66,66,66,66,66,66,66,66,66,66,66,66,66,66,66,66,66,66,66,66,66,66,66,66,66,66,66,66,66,66,66,66,66,66,66,66,66,66,66,66,66,66,66,66,66,66,66,66],"card_choices":[{"not_picked":["Poisoned Stab","Bane"],"picked":"Backflip","floor":1.0},{"not_picked":["Setup","Bane","Infinite Blades"],"picked":"SKIP","floor":3.0},{"not_picked":["Outmaneuver","Blade Dance","Backflip"],"picked":"SKIP","floor":4.0},{"not_picked":["Reflex","Riddle With Holes","Blade Dance"],"picked":"SKIP","floor":5.0},{"not_picked":["Dagger Throw","Deadly Poison"],"picked":"Prepared","floor":7.0},{"not_picked":["Dash","Deflect","Quick Slash"],"picked":"SKIP","floor":8.0},{"not_picked":["Prepared","Well Laid Plans"],"picked":"Noxious Fumes","floor":10.0},{"not_picked":["Eviscerate","Dagger Throw"],"picked":"Tactician","floor":11.0},{"not_picked":["Crippling Poison","Flying Knee"],"picked":"Escape Plan","floor":13.0},{"not_picked":["Quick Slash","Envenom","Blade Dance"],"picked":"SKIP","floor":14.0},{"not_picked":["Dodge and Roll","Backstab","Escape Plan+1"],"picked":"SKIP","floor":18.0},{"not_picked":["Eviscerate","Endless Agony"],"picked":"Footwork","floor":23.0},{"not_picked":["Footwork","Outmaneuver","Deadly Poison"],"picked":"SKIP","floor":25.0},{"not_picked":["Poisoned Stab","Finisher+1","Dodge and Roll"],"picked":"SKIP","floor":31},{"not_picked":["Cloak And Dagger","Slice","Caltrops"],"picked":"SKIP","floor":35},{"not_picked":["Bouncing Flask","Flying Knee+1","Dagger Throw"],"picked":"SKIP","floor":39},{"not_picked":["Bullet Time","Skewer","Flying Knee"],"picked":"SKIP","floor":40},{"not_picked":["Flechettes","Dodge and Roll","Flying Knee"],"picked":"SKIP","floor":42},{"not_picked":["Flechettes","Flying Knee"],"picked":"Dodge and Roll","floor":42},{"not_picked":["Discovery","Purity"],"picked":"Secret Technique","floor":47},{"not_picked":["Acrobatics","Leg Sweep"],"picked":"Blur","floor":48},{"not_picked":["Masterful Stab+1","Endless Agony+1","Dagger Spray+1"],"picked":"SKIP","floor":55}],"player_experience":1618354,"relics_obtained":[{"floor":7.0,"key":"Whetstone"},{"floor":9.0,"key":"Tingsha"},{"floor":10.0,"key":"Incense Burner"},{"floor":11.0,"key":"Odd Mushroom"},{"floor":14.0,"key":"Peace Pipe"},{"floor":23.0,"key":"Sundial"},{"floor":23.0,"key":"Mercury Hourglass"},{"floor":31,"key":"Paper Crane"},{"floor":31,"key":"Darkstone Periapt"},{"floor":42,"key":"Frozen Egg 2"},{"floor":42,"key":"War Paint"},{"floor":43,"key":"Molten Egg 2"},{"floor":48,"key":"The Specimen"},{"floor":48,"key":"Blood Vial"},{"floor":55,"key":"Centennial Puzzle"},{"floor":55,"key":"Anchor"}],"event_choices":[{"damage_healed":0.0,"max_hp_gain":0.0,"max_hp_loss":0.0,"gold_gain":0.0,"event_name":"Mushrooms","player_choice":"Fought Mushrooms","floor":11.0,"gold_loss":0.0,"damage_taken":0.0},{"damage_healed":0.0,"max_hp_gain":0.0,"max_hp_loss":0.0,"gold_gain":200.0,"event_name":"Wheel of Change","player_choice":"Gold","floor":19.0,"gold_loss":0.0,"damage_taken":0.0},{"damage_healed":0.0,"max_hp_gain":0.0,"max_hp_loss":0.0,"gold_gain":0.0,"cards_transformed":["Dodge and Roll","All Out Attack"],"event_name":"Drug Dealer","player_choice":"Became Test Subject","floor":21.0,"gold_loss":0.0,"damage_taken":0.0,"cards_obtained":["Slice","Acrobatics"]},{"cards_removed":["Slice"],"damage_healed":0.0,"max_hp_gain":0.0,"max_hp_loss":0.0,"gold_gain":0.0,"event_name":"Beggar","player_choice":"Gave Gold","floor":22.0,"gold_loss":75.0,"damage_taken":0.0},{"damage_healed":0.0,"max_hp_gain":0.0,"max_hp_loss":0.0,"gold_gain":0.0,"event_name":"Cursed Tome","player_choice":"Ignored","floor":28.0,"gold_loss":0.0,"damage_taken":0.0},{"damage_healed":0.0,"max_hp_gain":0.0,"max_hp_loss":0.0,"gold_gain":0.0,"event_name":"N\u0027loth","player_choice":"Ignored","floor":29.0,"gold_loss":0.0,"damage_taken":0.0},{"damage_healed":0.0,"max_hp_gain":0.0,"max_hp_loss":0.0,"gold_gain":0.0,"event_name":"Vampires","player_choice":"Ignored","floor":30.0,"gold_loss":0.0,"damage_taken":0.0},{"damage_healed":0,"gold_gain":0,"player_choice":"Ignored","damage_taken":0,"max_hp_gain":0,"max_hp_loss":0,"event_name":"Tomb of Lord Red Mask","floor":36,"gold_loss":0},{"cards_removed":["Neutralize"],"damage_healed":0,"gold_gain":0,"player_choice":"Purged","damage_taken":0,"max_hp_gain":0,"max_hp_loss":0,"event_name":"Purifier","floor":37,"gold_loss":0},{"damage_healed":0,"gold_gain":0,"player_choice":"Upgrade","damage_taken":0,"relics_obtained":["Mark of the Bloom"],"max_hp_gain":0,"max_hp_loss":0,"event_name":"MindBloom","floor":46,"gold_loss":0,"cards_upgraded":["Survivor","Expertise","Endless Agony","Noxious Fumes","Dodge and Roll"]},{"damage_healed":0,"gold_gain":0,"player_choice":"Memory 1","damage_taken":0,"max_hp_gain":0,"max_hp_loss":0,"event_name":"SensoryStone","floor":47,"gold_loss":0}],"is_beta":false,"boss_relics":[{"not_picked":["Fusion Hammer","Velvet Choker"],"picked":"Black Star"},{"not_picked":["Orrery","Eternal Feather"],"picked":"Empty Cage"}],"items_purged_floors":[12,20],"is_endless":false,"potions_floor_spawned":[3,8,10,14,16,23,33,40,48,55],"ascension_level":20}