{"path_per_floor":["M","M","?","M","M","M","M","E","T","E","M","E","R","M","R","B",null,"M","M","M","$","M","E","M","R","T","E","M","R","?","E","R","B",null,"M","?","?","?","M","R","E","M","T","E","M","R","?","M","R","B"],"character_chosen":"THE_SILENT","items_purchased":["Backstab","Thread and Needle","Caltrops"],"gold_per_floor":[114,133,133,148,164,183,193,225,225,250,268,300,300,319,319,418,418,418,418,418,3,3,3,3,3,3,3,3,3,3,3,3,3,3,3,3,0,0,0,0,0,0,0,0,0,0,0,0,0,0],"floor_reached":51,"campfire_rested":0,"playtime":5507,"current_hp_per_floor":[69,69,51,51,46,42,42,47,47,43,40,52,52,52,52,52,77,77,77,77,77,77,76,76,76,76,77,77,77,77,77,77,50,77,77,77,77,77,65,65,41,43,43,36,50,50,50,47,47,53],"items_purged":[],"gold":0,"play_id":"453bb89e-e305-4103-a145-dcae83f7ab4f","is_prod":false,"is_daily":false,"is_ascension_mode":false,"campfire_upgraded":8,"path_taken":["M","M","?","M","M","M","M","E","T","E","M","E","R","M","R","BOSS","M","M","M","$","M","E","M","R","T","E","M","R","?","E","R","BOSS","M","?","?","?","M","R","E","M","T","E","M","R","?","?","R","BOSS"],"build_version":"2018-02-01-PROD3","purchased_purges":1,"victory":true,"master_deck":["Defend_G","Defend_G","Defend_G","Defend_G","Defend_G","Strike_G","Strike_G","Strike_G","Strike_G","Survivor","Neutralize+1","Quick Slash","Blade Dance+1","Backflip+1","Backstab","Quick Slash","After Image+1","Blade Dance+1","Dagger Spray","Escape Plan","Sucker Punch","Escape Plan","Adrenaline","Finisher+1","Endless Agony+1","Backstab","Caltrops+1","Escape Plan","Unload","Sucker Punch+1","Escape Plan","Dagger Spray+1","Deflect+1","A Thousand Cuts+1","Prepared+1","Riddle With Holes","Phantasmal Killer+1"],"max_hp_per_floor":[70,70,70,70,70,70,70,70,70,70,70,77,77,77,77,77,77,77,77,77,77,77,77,77,77,77,77,77,77,77,77,77,77,77,77,77,77,77,77,77,77,77,77,77,77,77,77,77,77,77],"relics":["Ring of the Snake","Meat on the Bone","Letter Opener","Pantograph","Bag of Marbles","Strawberry","Ectoplasm","Thread and Needle","Ginger","Blood Vial","Nloth\u0027s Gift","Peace Pipe","White Beast Statue","Red Mask","Kunai","Ancient Tea Set","Oddly Smooth Stone"],"card_choices":[{"not_picked":["Acrobatics","Flying Knee"],"picked":"Quick Slash"},{"not_picked":["Bane","PiercingWail"],"picked":"Blade Dance"},{"not_picked":["Eviscerate","Prepared"],"picked":"Backflip"},{"not_picked":["Prepared","Acrobatics"],"picked":"Backstab"},{"not_picked":["Leg Sweep","Slice"],"picked":"Quick Slash"},{"not_picked":["Flying Knee","Sucker Punch"],"picked":"After Image"},{"not_picked":["Prepared","Bane"],"picked":"Blade Dance"},{"not_picked":["Dodge and Roll","Outmaneuver"],"picked":"Dagger Spray"},{"not_picked":["Choke","Slice"],"picked":"Escape Plan"},{"not_picked":["Night Terror","Skewer"],"picked":"Sucker Punch"},{"not_picked":["Eviscerate","All Out Attack"],"picked":"Escape Plan"},{"not_picked":["Corpse Explosion","Night Terror"],"picked":"Adrenaline"},{"not_picked":["Riddle With Holes","Dagger Spray"],"picked":"Finisher"},{"not_picked":["Poisoned Stab","Flying Knee"],"picked":"Endless Agony"},{"not_picked":["Slice","All Out Attack"],"picked":"Escape Plan"},{"not_picked":["Backflip","Bane"],"picked":"Unload"},{"not_picked":["Slice","Flying Knee"],"picked":"Sucker Punch"},{"not_picked":["Outmaneuver","Eviscerate"],"picked":"Escape Plan"},{"not_picked":["Poisoned Stab","Deflect"],"picked":"Dagger Spray"},{"not_picked":["Flechettes","Dagger Spray"],"picked":"Deflect"},{"not_picked":["Dodge and Roll","Acrobatics"],"picked":"A Thousand Cuts"},{"not_picked":["Slice","Flying Knee"],"picked":"Prepared"},{"not_picked":["Dagger Spray","Deadly Poison"],"picked":"Riddle With Holes"},{"not_picked":["Crippling Poison","Deflect"],"picked":"Phantasmal Killer"}],"player_experience":38477,"potions_floor_usage":[10,16,16,33,33,39,41,44,45,50,50],"damage_taken":[{"damage":1,"enemies":"2 Louse","floor":1,"turns":5},{"damage":0,"enemies":"Jaw Worm","floor":2,"turns":5},{"damage":0,"enemies":"Small Slimes","floor":4,"turns":2},{"damage":5,"enemies":"Gremlin Gang","floor":5,"turns":4},{"damage":4,"enemies":"Exordium Thugs","floor":6,"turns":5},{"damage":0,"enemies":"Looter","floor":7,"turns":3},{"damage":7,"enemies":"Gremlin Nob","floor":8,"turns":5},{"damage":4,"enemies":"3 Sentries","floor":10,"turns":5},{"damage":3,"enemies":"Lots of Slimes","floor":11,"turns":3},{"damage":7,"enemies":"Gremlin Nob","floor":12,"turns":3},{"damage":0,"enemies":"Gremlin Gang","floor":14,"turns":1},{"damage":25,"enemies":"Hexaghost","floor":16,"turns":8},{"damage":0,"enemies":"Chosen","floor":18,"turns":3},{"damage":0,"enemies":"Shell Parasite","floor":19,"turns":3},{"damage":0,"enemies":"3 Cultists","floor":20,"turns":3},{"damage":0,"enemies":"Snake Plant","floor":22,"turns":3},{"damage":1,"enemies":"Slavers","floor":23,"turns":3},{"damage":0,"enemies":"Chosen and Byrds","floor":24,"turns":5},{"damage":0,"enemies":"Gremlin Leader","floor":27,"turns":7},{"damage":0,"enemies":"Centurion and Healer","floor":28,"turns":5},{"damage":0,"enemies":"Book of Stabbing","floor":31,"turns":5},{"damage":27,"enemies":"Automaton","floor":33,"turns":8},{"damage":0,"enemies":"3 Darklings","floor":35,"turns":4},{"damage":12,"enemies":"3 Shapes","floor":39,"turns":2},{"damage":26,"enemies":"Giant Head","floor":41,"turns":9},{"damage":0,"enemies":"3 Darklings","floor":42,"turns":2},{"damage":21,"enemies":"Nemesis","floor":44,"turns":7},{"damage":0,"enemies":"Maw","floor":45,"turns":7},{"damage":17,"enemies":"4 Shapes","floor":48,"turns":4},{"damage":21,"enemies":"Donu and Deca","floor":50,"turns":9}],"event_choices":[{"event_name":"Scrap Ooze","player_choice":"success","floor":3,"damage_taken":18},{"event_name":"N\u0027loth","player_choice":"Traded a Frozen Eye","floor":30,"damage_taken":0},{"event_name":"Accursed Blacksmith","player_choice":"Forge","floor":36,"damage_taken":0},{"event_name":"Tomb of Lord Red Mask","player_choice":"Paid","floor":37,"damage_taken":0},{"event_name":"Bonfire Elementals","player_choice":"BASIC","floor":38,"damage_taken":0},{"event_name":"Mysterious Sphere","player_choice":"Ignore","floor":47,"damage_taken":0}],"boss_relics":[{"not_picked":["Sozu","Snecko Eye"],"picked":"Ectoplasm"},{"not_picked":["Runic Dome","Calling Bell"],"picked":"White Beast Statue"}],"potions_floor_spawned":[4,5,7,12,16,18,22,24,31,35,39,41,42,44,45,48],"seed_played":"8728984113876267225","ascension_level":0,"is_trial":false}