{"gold_per_floor":[116,116,136,136,13,13,40,54,54,54,82,82,111,127,127,206,206,219,238,257,270,270,270,287,287,287,38,68,68],"floor_reached":29,"playtime":721,"items_purged":["Strike_B","Strike_B"],"score":504,"play_id":"4942b22e-a6fc-4837-b42e-2bec14abc5f9","local_time":"20190327180234","is_ascension_mode":true,"campfire_choices":[{"data":"Zap","floor":6.0,"key":"SMITH"},{"data":"Sweeping Beam","floor":10.0,"key":"SMITH"},{"data":"Ball Lightning","floor":12.0,"key":"SMITH"},{"data":"White Noise","floor":15.0,"key":"SMITH"},{"floor":23,"key":"REST"},{"data":"Defragment","floor":25,"key":"SMITH"}],"neow_cost":"NONE","seed_source_timestamp":1234198742612491,"circlet_count":0,"master_deck":["AscendersBane","Strike_B+1","Strike_B+1","Defend_B+1","Defend_B","Defend_B+1","Defend_B","Zap+1","Dualcast","Self Repair","Cold Snap","Sweeping Beam+1","Ball Lightning+1","White Noise+1","FTL","Compile Driver","Thunder Strike","Ball Lightning","Steam+1","Defragment+1","Genetic Algorithm","Capacitor","Fission"],"special_seed":0,"relics":["Cracked Core","NeowsBlessing","Bottled Flame","War Paint","Art of War","Philosopher\u0027s Stone","Nloth\u0027s Gift","Whetstone","Regal Pillow"],"potions_floor_usage":[16,24,28,29],"damage_taken":[{"damage":0.0,"enemies":"Small Slimes","floor":1.0,"turns":1.0},{"damage":0.0,"enemies":"Jaw Worm","floor":3.0,"turns":1.0},{"damage":0.0,"enemies":"Gremlin Nob","floor":7.0,"turns":1.0},{"damage":4.0,"enemies":"Cultist","floor":8.0,"turns":3.0},{"damage":15.0,"enemies":"Lagavulin","floor":11.0,"turns":6.0},{"damage":10.0,"enemies":"Gremlin Nob","floor":13.0,"turns":3.0},{"damage":15.0,"enemies":"Gremlin Gang","floor":14.0,"turns":3.0},{"damage":17,"enemies":"Slime Boss","floor":16,"turns":7},{"damage":15,"enemies":"3 Byrds","floor":18,"turns":4},{"damage":23,"enemies":"Shell Parasite","floor":19,"turns":4},{"damage":31,"enemies":"Shelled Parasite and Fungi","floor":20,"turns":4},{"damage":6,"enemies":"Chosen and Byrds","floor":21,"turns":6},{"damage":4,"enemies":"Cultist and Chosen","floor":24,"turns":5},{"damage":5,"enemies":"Gremlin Leader","floor":28,"turns":6},{"damage":39,"enemies":"Shelled Parasite and Fungi","floor":29,"turns":3}],"seed_played":"-7674810942443095848","potions_obtained":[{"floor":1.0,"key":"FearPotion"},{"floor":3.0,"key":"Swift Potion"},{"floor":13.0,"key":"FearPotion"},{"floor":14.0,"key":"PowerPotion"},{"floor":16,"key":"FocusPotion"},{"floor":19,"key":"GamblersBrew"},{"floor":21,"key":"AttackPotion"}],"is_trial":false,"path_per_floor":["M","?","M","?","$","R","E","M","T","R","E","R","E","M","R","B",null,"M","M","M","M","?","R","M","R","T","$","E","M"],"character_chosen":"DEFECT","items_purchased":["Sweeping Beam","Genetic Algorithm","Capacitor"],"campfire_rested":1,"item_purchase_floors":[5,27,27],"current_hp_per_floor":[64,64,71,71,71,71,71,71,71,71,63,63,53,45,45,28,60,52,36,12,13,13,34,30,30,30,30,32,0],"gold":68,"neow_bonus":"THREE_ENEMY_KILL","is_prod":false,"is_daily":false,"chose_seed":false,"campfire_upgraded":5,"win_rate":0,"timestamp":1553724154,"path_taken":["M","?","M","?","$","R","E","?","T","R","E","R","E","M","R","BOSS","M","M","M","?","?","R","?","R","T","$","E","M"],"build_version":"2019-03-15","purchased_purges":2,"victory":false,"max_hp_per_floor":[71,71,71,71,71,71,71,71,71,71,71,71,71,71,71,71,71,71,71,71,71,71,71,71,71,71,71,71,71],"card_choices":[{"not_picked":["Force Field","Aggregate"],"picked":"Self Repair","floor":1.0},{"not_picked":["Coolheaded","Loop"],"picked":"Cold Snap","floor":3.0},{"not_picked":["Auto Shields","Darkness"],"picked":"Ball Lightning","floor":7.0},{"not_picked":["Barrage","Scrape","Stack"],"picked":"SKIP","floor":8.0},{"not_picked":["Leap","Skim"],"picked":"White Noise","floor":11.0},{"not_picked":["Reprogram","Lockon"],"picked":"FTL","floor":13.0},{"not_picked":["Cold Snap","Hologram"],"picked":"Compile Driver","floor":14.0},{"not_picked":["Hyperbeam","Rainbow"],"picked":"Thunder Strike","floor":16},{"not_picked":["Aggregate","Recycle"],"picked":"Ball Lightning","floor":18},{"not_picked":["Beam Cell","Gash","Barrage"],"picked":"SKIP","floor":19},{"not_picked":["Doom and Gloom","Barrage+1"],"picked":"Steam+1","floor":20},{"not_picked":["Blizzard","Go for the Eyes","Steam"],"picked":"SKIP","floor":21},{"not_picked":["Ball Lightning","Scrape"],"picked":"Defragment","floor":24},{"not_picked":["Coolheaded","Compile Driver"],"picked":"Fission","floor":28}],"player_experience":2300204,"relics_obtained":[{"floor":7.0,"key":"Bottled Flame"},{"floor":9.0,"key":"War Paint"},{"floor":11.0,"key":"Potion Belt"},{"floor":13.0,"key":"Art of War"},{"floor":26,"key":"Whetstone"},{"floor":28,"key":"Regal Pillow"}],"event_choices":[{"damage_healed":0.0,"max_hp_gain":0.0,"max_hp_loss":0.0,"gold_gain":0.0,"event_name":"The Cleric","player_choice":"Leave","floor":2.0,"gold_loss":0.0,"damage_taken":0.0},{"damage_healed":0.0,"max_hp_gain":0.0,"max_hp_loss":0.0,"gold_gain":0.0,"event_name":"Match and Keep!","player_choice":"0 cards matched","floor":4.0,"gold_loss":0.0,"damage_taken":0.0,"cards_obtained":[]},{"damage_healed":0,"gold_gain":0,"player_choice":"Traded Relic","damage_taken":0,"relics_obtained":["Nloth\u0027s Gift"],"max_hp_gain":0,"max_hp_loss":0,"event_name":"N\u0027loth","floor":22,"relics_lost":["Potion Belt"],"gold_loss":0}],"is_beta":true,"boss_relics":[{"not_picked":["Black Star","Eternal Feather"],"picked":"Philosopher\u0027s Stone"}],"items_purged_floors":[5,27],"is_endless":false,"potions_floor_spawned":[1,3,8,13,14,16,19,21],"killed_by":"Shelled Parasite and Fungi","ascension_level":15}