{"gold_per_floor":[115,125,125,125,141,141,141,171,171,207,256,256,275,299,299,430,430,449,462,372,385,400,434,434,455,531,531,552,268,268,74,74,176,176,193,293,307,67,67,102,102,122,167,201,214,228,242,296,296,296],"floor_reached":51,"playtime":4241,"items_purged":["Strike_B"],"score":1005,"play_id":"b5df6452-953c-4bc7-8953-3252a87b3f1a","local_time":"20190429172314","is_ascension_mode":true,"campfire_choices":[{"data":"Zap","floor":6,"key":"SMITH"},{"data":"Coolheaded","floor":12,"key":"SMITH"},{"floor":15,"key":"REST"},{"data":"Genetic Algorithm","floor":32,"key":"SMITH"},{"data":"Night Terror","floor":41,"key":"SMITH"},{"data":"Scrape","floor":49,"key":"SMITH"}],"neow_cost":"NONE","seed_source_timestamp":1550386845023956,"circlet_count":0,"master_deck":["Strike_B","Defend_B","Defend_B","Defend_B","Defend_B","Zap+1","Dualcast+1","Purity","Conserve Battery","Coolheaded+1","Ball Lightning","Sweeping Beam","Compile Driver","All For One","Hologram+1","Gash","Glacier","Genetic Algorithm+1","Scrape+1","Double Energy+1","Gash","Doppelganger","Night Terror+1","Double Energy+1","Madness+1","Madness+1","Forethought+1","Inflame+1","Madness+1","Beam Cell","Stack+1","Havoc+1","True Grit+1"],"relics":["FrozenCore","Bloody Idol","Unceasing Top","PreservedInsect","Ancient Tea Set","Nuclear Battery","Pantograph","Nilry\u0027s Codex","Pear","PrismaticShard","Lantern","Incense Burner","Toxic Egg 2","Smiling Mask","Bag of Preparation","Mummified Hand","Pocketwatch"],"potions_floor_usage":[18,28,37,50,50,50],"damage_taken":[{"damage":2,"enemies":"Jaw Worm","floor":1,"turns":4},{"damage":5,"enemies":"Small Slimes","floor":2,"turns":3},{"damage":0,"enemies":"2 Louse","floor":5,"turns":3},{"damage":19,"enemies":"3 Sentries","floor":10,"turns":7},{"damage":1,"enemies":"Gremlin Gang","floor":13,"turns":3},{"damage":0,"enemies":"Blue Slaver","floor":14,"turns":2},{"damage":20,"enemies":"The Guardian","floor":16,"turns":10},{"damage":0,"enemies":"Shell Parasite","floor":18,"turns":4},{"damage":0,"enemies":"Spheric Guardian","floor":19,"turns":3},{"damage":16,"enemies":"Centurion and Healer","floor":21,"turns":6},{"damage":0,"enemies":"Sentry and Sphere","floor":22,"turns":3},{"damage":12,"enemies":"Book of Stabbing","floor":23,"turns":4},{"damage":14,"enemies":"Snake Plant","floor":25,"turns":3},{"damage":0,"enemies":"Snecko","floor":28,"turns":2},{"damage":10,"enemies":"Automaton","floor":33,"turns":6},{"damage":5,"enemies":"Orb Walker","floor":35,"turns":3},{"damage":0,"enemies":"Mind Bloom Boss Battle","floor":36,"turns":3},{"damage":7,"enemies":"3 Shapes","floor":37,"turns":4},{"damage":0,"enemies":"Giant Head","floor":40,"turns":4},{"damage":0,"enemies":"Maw","floor":42,"turns":4},{"damage":0,"enemies":"Reptomancer","floor":44,"turns":4},{"damage":0,"enemies":"Transient","floor":45,"turns":5},{"damage":0,"enemies":"Jaw Worm Horde","floor":46,"turns":2},{"damage":0,"enemies":"Spire Growth","floor":47,"turns":3},{"damage":14,"enemies":"2 Orb Walkers","floor":48,"turns":4},{"damage":52,"enemies":"Donu and Deca","floor":50,"turns":10}],"seed_played":"3611838978619324960","potions_obtained":[{"floor":5,"key":"SneckoOil"},{"floor":13,"key":"Ancient Potion"},{"floor":16,"key":"EssenceOfSteel"},{"floor":18,"key":"Strength Potion"},{"floor":19,"key":"SmokeBomb"},{"floor":23,"key":"Weak Potion"},{"floor":33,"key":"Swift Potion"},{"floor":40,"key":"Dexterity Potion"},{"floor":44,"key":"PowerPotion"}],"is_trial":false,"path_per_floor":["M","M","?","?","M","R","?","?","T","E","T","R","M","M","R","B",null,"M","M","?","M","M","E","?","M","T","?","M","$","?","$","R","B",null,"M","?","M","$","?","E","R","M","T","E","M","M","M","?","R","B",null],"character_chosen":"DEFECT","items_purchased":["PrismaticShard","Lantern","Gash","Toxic Egg 2"],"campfire_rested":1,"item_purchase_floors":[29,31,31,38],"current_hp_per_floor":[66,61,61,54,54,54,36,36,36,17,17,17,16,16,38,18,61,61,61,61,45,45,33,17,3,13,41,41,41,41,41,41,61,79,79,85,83,83,72,77,77,82,85,85,85,85,85,76,76,33],"gold":296,"neow_bonus":"RANDOM_COLORLESS","is_prod":false,"is_daily":false,"chose_seed":false,"campfire_upgraded":5,"win_rate":0,"timestamp":1556554994,"path_taken":["M","M","?","?","M","R","?","?","T","E","?","R","M","M","R","BOSS","M","M","?","M","?","E","?","M","T","?","M","$","?","?","R","BOSS","M","?","M","$","?","E","R","M","T","E","M","M","M","?","R","BOSS"],"build_version":"2019-01-23","purchased_purges":1,"victory":true,"max_hp_per_floor":[75,75,75,75,75,75,75,75,75,75,75,75,75,75,75,75,75,75,75,75,75,75,75,75,75,85,85,85,85,85,85,85,85,85,85,85,85,85,85,85,85,85,85,85,85,85,85,85,85,85],"card_choices":[{"not_picked":["Beam Cell","Turbo"],"picked":"Conserve Battery","floor":1},{"not_picked":["Turbo","Rebound"],"picked":"Coolheaded","floor":2},{"not_picked":["Creative AI","Hologram"],"picked":"Ball Lightning","floor":5},{"not_picked":["Turbo","Streamline"],"picked":"Sweeping Beam","floor":10},{"not_picked":["Redo","Sweeping Beam","Turbo"],"picked":"SKIP","floor":13},{"not_picked":["Turbo","Rainbow"],"picked":"Compile Driver","floor":14},{"not_picked":["Buffer","Electrodynamics"],"picked":"All For One","floor":16},{"not_picked":["Steam","Compile Driver"],"picked":"Hologram+1","floor":18},{"not_picked":["Compile Driver","Coolheaded"],"picked":"Gash","floor":19},{"not_picked":["Stack","Redo"],"picked":"Glacier","floor":21},{"not_picked":["Rip and Tear","Hologram+1"],"picked":"Genetic Algorithm","floor":22},{"not_picked":["Coolheaded","Steam"],"picked":"Scrape","floor":23},{"not_picked":["Streamline","Lockon"],"picked":"Double Energy+1","floor":25},{"not_picked":["Electrodynamics","Cold Snap","Darkness+1"],"picked":"SKIP","floor":28},{"not_picked":["Fission","Venomology"],"picked":"Doppelganger","floor":33},{"not_picked":["Bane+1","Dagger Spray","Compile Driver"],"picked":"SKIP","floor":35},{"not_picked":["Armaments+1","Backflip+1"],"picked":"Night Terror","floor":36},{"not_picked":["Leap","Streamline+1"],"picked":"Double Energy+1","floor":37},{"not_picked":["Rainbow+1","Clothesline+1"],"picked":"Forethought+1","floor":40},{"not_picked":["Sword Boomerang","Bloodletting+1"],"picked":"Inflame+1","floor":42},{"not_picked":["Tactician+1","Heavy Blade+1"],"picked":"Madness+1","floor":44},{"not_picked":["Cold Snap+1","Dagger Throw"],"picked":"Beam Cell","floor":45},{"not_picked":["Predator+1","Hyperbeam"],"picked":"Stack+1","floor":46},{"not_picked":["Perfected Strike","Steam+1"],"picked":"Havoc+1","floor":47},{"not_picked":["Heavy Blade+1","Coolheaded+1"],"picked":"True Grit+1","floor":48}],"player_experience":247935,"relics_obtained":[{"floor":9,"key":"Unceasing Top"},{"floor":10,"key":"PreservedInsect"},{"floor":11,"key":"Ancient Tea Set"},{"floor":23,"key":"Pantograph"},{"floor":24,"key":"Nilry\u0027s Codex"},{"floor":26,"key":"Pear"},{"floor":36,"key":"Incense Burner"},{"floor":40,"key":"Smiling Mask"},{"floor":43,"key":"Bag of Preparation"},{"floor":44,"key":"Mummified Hand"},{"floor":48,"key":"Pocketwatch"}],"event_choices":[{"damage_healed":0,"gold_gain":0,"player_choice":"Ignored","damage_taken":0,"max_hp_gain":0,"max_hp_loss":0,"event_name":"Liars Game","floor":3,"gold_loss":0},{"cards_removed":["Strike_B"],"damage_healed":0,"gold_gain":0,"player_choice":"Card Removal","damage_taken":7,"max_hp_gain":0,"max_hp_loss":0,"event_name":"Golden Wing","floor":4,"gold_loss":0},{"damage_healed":0,"gold_gain":0,"player_choice":"Take Damage","damage_taken":18,"relics_obtained":["Golden Idol"],"max_hp_gain":0,"max_hp_loss":0,"event_name":"Golden Idol","floor":7,"gold_loss":0},{"damage_healed":0,"gold_gain":30,"player_choice":"Searched \u00271\u0027 times","damage_taken":0,"max_hp_gain":0,"max_hp_loss":0,"event_name":"Dead Adventurer","floor":8,"gold_loss":0},{"cards_removed":["Strike_B"],"damage_healed":0,"gold_gain":0,"player_choice":"Upgrade and Remove","damage_taken":0,"max_hp_gain":0,"max_hp_loss":0,"event_name":"Designer","floor":20,"gold_loss":90,"cards_upgraded":["Dualcast"]},{"damage_healed":0,"gold_gain":0,"player_choice":"Obtained Book","damage_taken":16,"max_hp_gain":0,"max_hp_loss":0,"event_name":"Cursed Tome","floor":24,"gold_loss":0},{"damage_healed":28,"gold_gain":0,"player_choice":"Heal","damage_taken":0,"max_hp_gain":0,"max_hp_loss":0,"event_name":"The Library","floor":27,"gold_loss":0},{"damage_healed":0,"gold_gain":0,"player_choice":"Gave Idol","damage_taken":0,"relics_obtained":["Bloody Idol"],"max_hp_gain":0,"max_hp_loss":0,"event_name":"Forgotten Altar","floor":30,"relics_lost":["Golden Idol"],"gold_loss":0},{"damage_healed":0,"gold_gain":0,"player_choice":"Fight","damage_taken":0,"max_hp_gain":0,"max_hp_loss":0,"event_name":"MindBloom","floor":36,"gold_loss":0},{"damage_healed":0,"gold_gain":0,"player_choice":"Embrace Madness","damage_taken":11,"max_hp_gain":0,"max_hp_loss":0,"event_name":"Winding Halls","floor":39,"gold_loss":0,"cards_obtained":["Madness","Madness"]},{"damage_healed":0,"gold_gain":0,"player_choice":"Fight","damage_taken":0,"max_hp_gain":0,"max_hp_loss":0,"event_name":"Mysterious Sphere","floor":48,"gold_loss":0}],"is_beta":false,"boss_relics":[{"not_picked":["Coffee Dripper","Philosopher\u0027s Stone"],"picked":"Nuclear Battery"},{"not_picked":["Empty Cage","Velvet Choker"],"picked":"FrozenCore"}],"items_purged_floors":[29],"is_endless":false,"potions_floor_spawned":[5,13,16,18,19,23,33,35,40,44,47],"ascension_level":6}