{"gold_per_floor":[115,115,126,126,176,176,207,219,219,237,251,32,52,384,384,461,461,478,478,478,498,498],"floor_reached":22,"playtime":1439,"items_purged":[],"score":392,"play_id":"d0877d54-d09e-401a-b582-30e8574adb0f","local_time":"20190413175956","is_ascension_mode":true,"campfire_choices":[{"data":"Neutralize","floor":6,"key":"SMITH"},{"data":"Leg Sweep","floor":15,"key":"SMITH"}],"neow_cost":"NONE","seed_source_timestamp":170321576340086,"circlet_count":0,"master_deck":["AscendersBane","Defend_G","Defend_G","Defend_G","Defend_G","Defend_G","Strike_G","Strike_G","Strike_G","Strike_G","Strike_G","Survivor","Neutralize+1","Sucker Punch","Noxious Fumes+1","Leg Sweep+1","Deflect","Acrobatics","Dodge and Roll","Burst+1","PiercingWail","Ghostly","Ghostly","Ghostly","Predator"],"relics":["Ring of the Snake","Mummified Hand","Gremlin Horn","TwistedFunnel","Old Coin","HoveringKite"],"potions_floor_usage":[16,21],"damage_taken":[{"damage":0,"enemies":"2 Louse","floor":1,"turns":5},{"damage":3,"enemies":"Cultist","floor":3,"turns":5},{"damage":11,"enemies":"Lagavulin","floor":7,"turns":10},{"damage":7,"enemies":"Small Slimes","floor":8,"turns":4},{"damage":1,"enemies":"Looter","floor":10,"turns":4},{"damage":1,"enemies":"Exordium Thugs","floor":11,"turns":5},{"damage":1,"enemies":"Red Slaver","floor":13,"turns":4},{"damage":6,"enemies":"3 Sentries","floor":14,"turns":8},{"damage":21,"enemies":"Hexaghost","floor":16,"turns":12},{"damage":23,"enemies":"3 Byrds","floor":18,"turns":6},{"damage":13,"enemies":"Shell Parasite","floor":21,"turns":11},{"damage":26,"enemies":"Shelled Parasite and Fungi","floor":22,"turns":7}],"seed_played":"6153568426615000326","potions_obtained":[{"floor":1,"key":"SkillPotion"},{"floor":10,"key":"FearPotion"},{"floor":14,"key":"Strength Potion"},{"floor":16,"key":"GamblersBrew"}],"is_trial":false,"path_per_floor":["M","?","M","?","?","R","E","M","T","M","M","$","M","E","R","B",null,"M","?","?","M","M"],"character_chosen":"THE_SILENT","items_purchased":["TwistedFunnel"],"campfire_rested":0,"item_purchase_floors":[12],"current_hp_per_floor":[65,70,67,67,67,67,56,49,49,48,47,47,46,40,40,19,63,40,38,38,25,0],"gold":498,"neow_bonus":"TEN_PERCENT_HP_BONUS","is_prod":false,"is_daily":false,"chose_seed":false,"campfire_upgraded":2,"win_rate":0,"timestamp":1555192796,"path_taken":["M","?","M","?","?","R","E","M","T","?","M","$","M","E","R","BOSS","M","?","?","?","M"],"build_version":"2019-01-23","purchased_purges":0,"victory":false,"max_hp_per_floor":[72,77,77,77,77,77,77,77,77,77,77,77,77,77,77,77,77,77,38,38,38,38],"card_choices":[{"not_picked":["Catalyst","Outmaneuver"],"picked":"Sucker Punch","floor":1},{"not_picked":["Terror","Blade Dance"],"picked":"Noxious Fumes","floor":3},{"not_picked":["Backflip","Die Die Die"],"picked":"Leg Sweep","floor":7},{"not_picked":["Accuracy","Blade Dance","Infinite Blades"],"picked":"SKIP","floor":8},{"not_picked":["Quick Slash","Infinite Blades"],"picked":"Deflect","floor":10},{"not_picked":["All Out Attack","Slice"],"picked":"Acrobatics","floor":11},{"not_picked":["Acrobatics","Endless Agony","Deflect"],"picked":"SKIP","floor":13},{"not_picked":["Bane","Heel Hook"],"picked":"Dodge and Roll","floor":14},{"not_picked":["Storm of Steel","Venomology"],"picked":"Burst","floor":16},{"not_picked":["Deflect+1","Endless Agony"],"picked":"PiercingWail","floor":18},{"not_picked":["Underhanded Strike","Concentrate"],"picked":"Predator","floor":21}],"player_experience":1838849,"relics_obtained":[{"floor":7,"key":"Mummified Hand"},{"floor":9,"key":"Gremlin Horn"},{"floor":14,"key":"Old Coin"}],"event_choices":[{"damage_healed":0,"gold_gain":0,"player_choice":"Donut","damage_taken":0,"max_hp_gain":5,"max_hp_loss":0,"event_name":"Big Fish","floor":2,"gold_loss":0},{"damage_healed":0,"gold_gain":0,"player_choice":"Grow","damage_taken":0,"max_hp_gain":0,"max_hp_loss":0,"event_name":"Living Wall","floor":4,"gold_loss":0,"cards_upgraded":["Noxious Fumes"]},{"damage_healed":0,"gold_gain":50,"player_choice":"Pray","damage_taken":0,"max_hp_gain":0,"max_hp_loss":0,"event_name":"Golden Shrine","floor":5,"gold_loss":0},{"damage_healed":0,"gold_gain":0,"player_choice":"Became a Ghost","damage_taken":0,"max_hp_gain":0,"max_hp_loss":39,"event_name":"Ghosts","floor":19,"gold_loss":0,"cards_obtained":["Ghostly","Ghostly","Ghostly"]},{"damage_healed":0,"gold_gain":0,"player_choice":"Upgraded","damage_taken":0,"max_hp_gain":0,"max_hp_loss":0,"event_name":"Upgrade Shrine","floor":20,"gold_loss":0,"cards_upgraded":["Burst"]}],"is_beta":false,"boss_relics":[{"not_picked":["Tiny House","Calling Bell"],"picked":"HoveringKite"}],"items_purged_floors":[],"is_endless":false,"potions_floor_spawned":[1,10,13,14,16],"killed_by":"Shelled Parasite and Fungi","ascension_level":20}