{"gold_per_floor":[117,127,127,52,52,52,24,24,24,34,34,34,54,71,71,149,149,167,167,167,142,52,52,52,52,52,62,80,80,100,111,111,186,186,201,201,216,216,63,63,96,96,96,96,126,126,143,162,162,162,162],"floor_reached":52,"playtime":1893,"items_purged":["Writhe"],"score":1825,"play_id":"8871bfd1-9d0a-49d1-8c51-64bc80898150","local_time":"20180911163749","is_ascension_mode":true,"campfire_choices":[{"data":"Neutralize","floor":6,"key":"SMITH"},{"data":"Sucker Punch","floor":8,"key":"SMITH"},{"data":"Noxious Fumes","floor":11,"key":"SMITH"},{"data":"Footwork","floor":15,"key":"SMITH"},{"data":"Noxious Fumes","floor":23,"key":"SMITH"},{"data":"Leg Sweep","floor":25,"key":"SMITH"},{"data":"Backflip","floor":29,"key":"SMITH"},{"data":"Backflip","floor":32,"key":"SMITH"},{"data":"Footwork","floor":40,"key":"SMITH"},{"data":"Tools of the Trade","floor":42,"key":"SMITH"},{"data":"Cloak And Dagger","floor":44,"key":"SMITH"},{"data":"Defend_G","floor":49,"key":"SMITH"}],"neow_cost":"TEN_PERCENT_HP_LOSS","seed_source_timestamp":605154899299376,"circlet_count":0,"master_deck":["Defend_G+1","Defend_G","Defend_G","Defend_G","Defend_G","Strike_G","Strike_G","Strike_G","Survivor","Neutralize+1","AscendersBane","After Image","Sucker Punch+1","Predator","Backflip+1","Noxious Fumes+1","Footwork+1","Noxious Fumes+1","Leg Sweep+1","Backflip+1","Cloak And Dagger+1","Tools of the Trade+1","Deflect","Footwork+1","Deflect"],"relics":["Ring of the Snake","FaceOfCleric","Paper Crane","Busted Crown","Pear","Coffee Dripper","Orichalcum","Shuriken","FossilizedHelix"],"potions_floor_usage":[27,27,41,45,51],"damage_taken":[{"damage":1,"enemies":"2 Louse","floor":1,"turns":4},{"damage":0,"enemies":"Cultist","floor":2,"turns":4},{"damage":0,"enemies":"Jaw Worm","floor":10,"turns":4},{"damage":3,"enemies":"2 Fungi Beasts","floor":13,"turns":5},{"damage":3,"enemies":"Large Slime","floor":14,"turns":7},{"damage":23,"enemies":"Slime Boss","floor":16,"turns":13},{"damage":0,"enemies":"Spheric Guardian","floor":18,"turns":6},{"damage":14,"enemies":"2 Thieves","floor":21,"turns":4},{"damage":1,"enemies":"Chosen and Byrds","floor":27,"turns":7},{"damage":0,"enemies":"Sentry and Sphere","floor":28,"turns":6},{"damage":0,"enemies":"Cultist and Chosen","floor":30,"turns":6},{"damage":13,"enemies":"Shelled Parasite and Fungi","floor":31,"turns":7},{"damage":24,"enemies":"Automaton","floor":33,"turns":12},{"damage":0,"enemies":"Orb Walker","floor":35,"turns":5},{"damage":0,"enemies":"3 Shapes","floor":37,"turns":6},{"damage":0,"enemies":"Giant Head","floor":41,"turns":12},{"damage":10,"enemies":"Nemesis","floor":45,"turns":9},{"damage":0,"enemies":"Maw","floor":47,"turns":9},{"damage":0,"enemies":"3 Darklings","floor":48,"turns":6},{"damage":4,"enemies":"Donu and Deca","floor":50,"turns":15},{"damage":61,"enemies":"Awakened One","floor":51,"turns":21}],"seed_played":"8586872989431132872","potions_obtained":[{"floor":2,"key":"Ancient Potion"},{"floor":16,"key":"SkillPotion"},{"floor":18,"key":"PowerPotion"},{"floor":19,"key":"Regen Potion"},{"floor":28,"key":"Energy Potion"},{"floor":31,"key":"AttackPotion"},{"floor":45,"key":"Fire Potion"},{"floor":48,"key":"SneckoOil"}],"is_trial":false,"path_per_floor":["M","M","?","?","$","R","$","R","T","M","R","$","M","M","R","B",null,"M","?","?","M","$","R","$","R","T","M","M","R","M","M","R","B",null,"M","?","M","?","$","R","E","R","T","R","E","?","M","M","R","B","B"],"character_chosen":"THE_SILENT","items_purchased":["Backflip","Leg Sweep","Footwork"],"campfire_rested":0,"item_purchase_floors":[7,22,39],"current_hp_per_floor":[58,58,58,58,58,58,58,58,58,59,59,59,57,55,55,33,56,57,57,57,44,44,44,44,44,54,69,70,70,71,59,59,36,70,71,71,72,83,83,83,84,84,84,84,75,75,76,77,77,74,14],"gold":162,"neow_bonus":"THREE_RARE_CARDS","is_prod":false,"is_daily":false,"chose_seed":false,"campfire_upgraded":12,"win_rate":0,"timestamp":1536709069,"path_taken":["M","M","?","?","$","R","?","R","T","M","R","$","?","M","R","BOSS","M","?","?","?","$","R","?","R","T","M","M","R","M","M","R","BOSS","M","?","M","?","$","R","E","R","T","R","E","?","?","?","R","BOSS","BOSS"],"build_version":"2018-09-10","purchased_purges":1,"victory":true,"max_hp_per_floor":[60,60,60,60,60,60,60,60,60,61,61,61,62,63,63,64,64,65,65,65,66,66,66,66,66,76,77,78,78,79,80,80,81,81,82,82,83,83,83,83,84,84,84,84,85,85,86,87,87,88,89],"card_choices":[{"not_picked":["Malaise","A Thousand Cuts"],"picked":"After Image","floor":0},{"not_picked":["Blade Dance","Prepared"],"picked":"Sucker Punch","floor":1},{"not_picked":["Sucker Punch","Terror"],"picked":"Predator","floor":2},{"not_picked":["Quick Slash","Slice"],"picked":"Noxious Fumes","floor":10},{"not_picked":["Noxious Fumes","PiercingWail"],"picked":"Footwork","floor":13},{"not_picked":["Dodge and Roll","Flechettes"],"picked":"Noxious Fumes","floor":14},{"not_picked":["Catalyst"],"picked":"SKIP","floor":18},{"not_picked":["Underhanded Strike"],"picked":"SKIP","floor":21},{"not_picked":["Blade Dance"],"picked":"SKIP","floor":27},{"not_picked":["Dagger Spray"],"picked":"SKIP","floor":28},{"not_picked":[],"picked":"Backflip","floor":30},{"not_picked":[],"picked":"Cloak And Dagger","floor":31},{"not_picked":[],"picked":"Tools of the Trade","floor":33},{"not_picked":[],"picked":"Deflect","floor":35},{"not_picked":["Choke+1"],"picked":"SKIP","floor":37},{"not_picked":["Sucker Punch+1"],"picked":"SKIP","floor":41},{"not_picked":["Expertise"],"picked":"SKIP","floor":45},{"not_picked":["Finisher"],"picked":"SKIP","floor":47},{"not_picked":[],"picked":"Deflect","floor":48}],"player_experience":921536,"relics_obtained":[{"floor":9,"key":"Paper Crane"},{"floor":26,"key":"Pear"},{"floor":41,"key":"Orichalcum"},{"floor":43,"key":"Shuriken"},{"floor":45,"key":"FossilizedHelix"}],"event_choices":[{"event_name":"FaceTrader","player_choice":"Trade","floor":3,"damage_taken":0},{"event_name":"The Cleric","player_choice":"Card Removal","floor":4,"damage_taken":0},{"event_name":"The Lab","player_choice":"Got Potions","floor":19,"damage_taken":0},{"event_name":"Ghosts","player_choice":"Ignored","floor":20,"damage_taken":0},{"event_name":"Tomb of Lord Red Mask","player_choice":"Ignored","floor":36,"damage_taken":0},{"event_name":"Winding Halls","player_choice":"Writhe","floor":38,"damage_taken":0},{"event_name":"Falling","player_choice":"Removed Attack","floor":46,"damage_taken":0}],"is_beta":true,"boss_relics":[{"not_picked":["Runic Pyramid","Orrery"],"picked":"Busted Crown"},{"not_picked":["Black Star","Ring of the Serpent"],"picked":"Coffee Dripper"}],"items_purged_floors":[39],"is_endless":false,"potions_floor_spawned":[2,16,18,28,31,37,45,48],"ascension_level":20}