{"gold_per_floor":[109,209,219,229,244,244,277,277,277,277,60,85,95,106,106,206,256,274,61,77,97,97],"floor_reached":22,"playtime":4685,"items_purged":["Parasite"],"score":198,"play_id":"733a8042-b019-4230-ac99-d86003f54e91","local_time":"20190403203335","is_ascension_mode":false,"campfire_choices":[{"floor":6.0,"key":"REST"},{"floor":10.0,"key":"REST"},{"floor":15.0,"key":"REST"}],"neow_cost":"NONE","seed_source_timestamp":0,"circlet_count":0,"master_deck":["Strike_R","Strike_R","Strike_R","Strike_R","Strike_R","Defend_R","Defend_R","Defend_R+1","Defend_R","Bash","Cleave","Thunderclap","Armaments","Iron Wave","Fire Breathing","Combust","Disarm","Rampage","Flame Barrier","Pommel Strike","Bludgeon","Dual Wield","Thunderclap+1","Impervious","Burning Pact","Entrench"],"special_seed":0,"relics":["Burning Blood","NeowsBlessing","Gremlin Horn","Letter Opener","Mummified Hand","Tiny House"],"potions_floor_usage":[],"damage_taken":[{"damage":0.0,"enemies":"Small Slimes","floor":1.0,"turns":1.0},{"damage":0.0,"enemies":"Cultist","floor":3.0,"turns":1.0},{"damage":0.0,"enemies":"2 Louse","floor":4.0,"turns":1.0},{"damage":65.0,"enemies":"Exordium Thugs","floor":5.0,"turns":9.0},{"damage":38.0,"enemies":"Gremlin Nob","floor":7.0,"turns":5.0},{"damage":23.0,"enemies":"3 Sentries","floor":12.0,"turns":6.0},{"damage":2.0,"enemies":"3 Louse","floor":13.0,"turns":2.0},{"damage":12.0,"enemies":"Exordium Wildlife","floor":14.0,"turns":4.0},{"damage":35.0,"enemies":"The Guardian","floor":16.0,"turns":16.0},{"damage":33.0,"enemies":"Shell Parasite","floor":18.0,"turns":7.0},{"damage":29.0,"enemies":"3 Byrds","floor":20.0,"turns":5.0},{"damage":19.0,"enemies":"Cultist and Chosen","floor":21.0,"turns":9.0},{"damage":30,"enemies":"3 Cultists","floor":22,"turns":5}],"seed_played":"7169062303840088526","potions_obtained":[{"floor":1.0,"key":"Block Potion"},{"floor":16.0,"key":"Fire Potion"},{"floor":17.0,"key":"Regen Potion"}],"is_trial":false,"path_per_floor":["M","?","M","M","M","R","E","?","T","R","$","E","M","M","R","B",null,"M","$","M","M","M"],"character_chosen":"IRONCLAD","items_purchased":["Combust","Block Potion","SpeedPotion","Disarm","Impervious"],"campfire_rested":3,"item_purchase_floors":[11,11,11,11,19],"current_hp_per_floor":[80,80,80,80,21,45,13,33,33,57,57,40,44,38,62,33,85,58,58,40,27,0],"gold":97,"neow_bonus":"THREE_ENEMY_KILL","is_prod":false,"is_daily":false,"chose_seed":false,"campfire_upgraded":0,"win_rate":0.0,"timestamp":1554316415,"path_taken":["M","?","?","M","M","R","E","?","T","R","$","E","M","M","R","BOSS","M","$","M","M","M"],"build_version":"2019-01-23","purchased_purges":1,"victory":false,"max_hp_per_floor":[80,80,80,80,80,80,80,80,80,80,80,80,80,80,80,80,85,85,82,82,82,82],"card_choices":[{"not_picked":["True Grit","Bloodletting"],"picked":"Cleave","floor":1.0},{"not_picked":["Headbutt","Hemokinesis"],"picked":"Thunderclap","floor":3.0},{"not_picked":["Blood for Blood","Shrug It Off"],"picked":"Armaments","floor":4.0},{"not_picked":["Hemokinesis","Twin Strike"],"picked":"Iron Wave","floor":5.0},{"not_picked":["Body Slam","Thunderclap"],"picked":"Fire Breathing","floor":7.0},{"not_picked":["Body Slam","Clash"],"picked":"Rampage","floor":12.0},{"not_picked":["Shrug It Off","Fiend Fire"],"picked":"Flame Barrier","floor":13.0},{"not_picked":["Bloodletting","Combust"],"picked":"Pommel Strike","floor":14.0},{"not_picked":["Feed","Demon Form"],"picked":"Bludgeon","floor":16.0},{"not_picked":["Twin Strike","Seeing Red"],"picked":"Dual Wield","floor":17.0},{"not_picked":["Feel No Pain","Clash+1"],"picked":"Thunderclap+1","floor":18.0},{"not_picked":["Clash","Dual Wield"],"picked":"Burning Pact","floor":20.0},{"not_picked":["Twin Strike","Blood for Blood+1"],"picked":"Entrench","floor":21.0}],"player_experience":1062,"relics_obtained":[{"floor":7.0,"key":"Gremlin Horn"},{"floor":9.0,"key":"Letter Opener"},{"floor":12.0,"key":"Mummified Hand"}],"event_choices":[{"damage_healed":0.0,"max_hp_gain":0.0,"max_hp_loss":0.0,"gold_gain":100.0,"event_name":"Golden Shrine","player_choice":"Pray","floor":2.0,"gold_loss":0.0,"damage_taken":0.0},{"damage_healed":20.0,"max_hp_gain":0.0,"max_hp_loss":0.0,"gold_gain":0.0,"event_name":"Mushrooms","player_choice":"Healed and dodged fight","floor":8.0,"gold_loss":0.0,"damage_taken":0.0,"cards_obtained":["Parasite"]}],"is_beta":false,"boss_relics":[{"not_picked":["Philosopher\u0027s Stone","Fusion Hammer"],"picked":"Tiny House"}],"items_purged_floors":[19],"is_endless":false,"potions_floor_spawned":[1,12,16],"killed_by":"3 Cultists","ascension_level":0}