{"gold_per_floor":[115,40,40,14,30,30,64,64,88,88,98,98,110,35,35,106,106,118,118,130,130,130],"floor_reached":22,"playtime":647,"items_purged":["Strike_R"],"score":383,"play_id":"3ad36299-58fc-4a3f-9837-ddd8a9cf1e78","local_time":"20190311105631","is_ascension_mode":true,"campfire_choices":[{"data":"True Grit","floor":6,"key":"SMITH"},{"data":"Bash","floor":8,"key":"SMITH"},{"data":"Rupture","floor":10,"key":"SMITH"},{"data":"Sword Boomerang","floor":12,"key":"SMITH"},{"data":"Heavy Blade","floor":15,"key":"SMITH"}],"neow_cost":"NONE","seed_source_timestamp":690739015382480,"circlet_count":0,"master_deck":["AscendersBane","Strike_R+1","Defend_R+1","Defend_R+1","Bash+1","Rupture+1","Sword Boomerang+1","True Grit+1","Bloodletting+1","Twin Strike","Heavy Blade+1","Demon Form","Sever Soul+1","Flame Barrier+1","Brutality+1","Warcry+1","Writhe"],"relics":["Burning Blood","NeowsBlessing","Vajra","War Paint","Astrolabe","Singing Bowl"],"potions_floor_usage":[16,20,22],"damage_taken":[{"damage":0,"enemies":"2 Louse","floor":1,"turns":1},{"damage":0,"enemies":"Jaw Worm","floor":5,"turns":1},{"damage":0,"enemies":"Lagavulin","floor":7,"turns":1},{"damage":3,"enemies":"Small Slimes","floor":11,"turns":3},{"damage":3,"enemies":"2 Fungi Beasts","floor":13,"turns":5},{"damage":45,"enemies":"Hexaghost","floor":16,"turns":7},{"damage":27,"enemies":"2 Thieves","floor":18,"turns":5},{"damage":22,"enemies":"Shell Parasite","floor":20,"turns":2},{"damage":27,"enemies":"Colosseum Slavers","floor":22,"turns":2}],"seed_played":"-1315675561637398456","potions_obtained":[{"floor":1,"key":"Swift Potion"},{"floor":11,"key":"Explosive Potion"},{"floor":13,"key":"Energy Potion"},{"floor":18,"key":"FearPotion"},{"floor":20,"key":"GamblersBrew"}],"is_trial":false,"path_per_floor":["M","?","?","$","M","R","E","R","T","R","M","R","M","$","R","B",null,"M","?","M","?","?"],"character_chosen":"IRONCLAD","items_purchased":["Sword Boomerang"],"campfire_rested":0,"item_purchase_floors":[4],"current_hp_per_floor":[74,74,51,51,57,57,63,63,63,63,66,66,69,69,69,30,64,43,43,27,27,0],"gold":130,"neow_bonus":"THREE_ENEMY_KILL","is_prod":false,"is_daily":false,"chose_seed":false,"campfire_upgraded":5,"win_rate":0,"timestamp":1552316191,"path_taken":["M","?","?","?","?","R","E","R","T","R","M","R","M","$","R","BOSS","M","?","M","?","?"],"build_version":"2019-01-23","purchased_purges":1,"victory":false,"max_hp_per_floor":[75,75,75,75,75,75,75,75,75,75,75,75,75,75,75,75,75,75,75,75,75,75],"card_choices":[{"not_picked":["Combust","Headbutt"],"picked":"Rupture","floor":1},{"not_picked":["Clash","Havoc"],"picked":"True Grit","floor":5},{"not_picked":["True Grit","Uppercut"],"picked":"Bloodletting","floor":7},{"not_picked":["Anger","Armaments"],"picked":"Twin Strike","floor":11},{"not_picked":["Clothesline","Clash"],"picked":"Heavy Blade","floor":13},{"not_picked":["Juggernaut","Feed"],"picked":"Demon Form","floor":16},{"not_picked":["Anger","Warcry","Flex"],"picked":"SKIP","floor":18},{"not_picked":["Body Slam","Clash"],"picked":"Warcry+1","floor":20}],"player_experience":1025731,"relics_obtained":[{"floor":7,"key":"Vajra"},{"floor":9,"key":"War Paint"}],"event_choices":[{"cards_removed":["Strike_R"],"damage_healed":0,"gold_gain":0,"player_choice":"Card Removal","damage_taken":0,"max_hp_gain":0,"max_hp_loss":0,"event_name":"The Cleric","floor":2,"gold_loss":75},{"damage_healed":0,"gold_gain":0,"player_choice":"Entered Light","damage_taken":23,"max_hp_gain":0,"max_hp_loss":0,"event_name":"Shining Light","floor":3,"gold_loss":0,"cards_upgraded":["Strike_R","Defend_R"]},{"cards_removed":["Defend_R"],"damage_healed":0,"gold_gain":0,"player_choice":"Elegance","damage_taken":0,"max_hp_gain":0,"max_hp_loss":0,"event_name":"Back to Basics","floor":19,"gold_loss":0},{"damage_healed":0,"gold_gain":0,"player_choice":"Opened","damage_taken":0,"relics_obtained":["Singing Bowl"],"max_hp_gain":0,"max_hp_loss":0,"event_name":"The Mausoleum","floor":21,"gold_loss":0,"cards_obtained":["Writhe"]},{"damage_healed":0,"gold_gain":0,"player_choice":"Fight","damage_taken":0,"max_hp_gain":0,"max_hp_loss":0,"event_name":"Colosseum","floor":22,"gold_loss":0}],"is_beta":false,"boss_relics":[{"not_picked":["Calling Bell","Black Star"],"picked":"Astrolabe"}],"items_purged_floors":[14],"is_endless":false,"potions_floor_spawned":[1,11,13,18,20],"killed_by":"Colosseum Slavers","ascension_level":17}