{"path_per_floor":["M","?","$","M","M","$","?","$","T","M","R","M","?","?","R","B",null,"M","M","$","M","M","R","E","M","T","?","M","?","?","M","R"],"character_chosen":"IRONCLAD","items_purchased":["Gremlin Horn","Singing Bowl","War Paint"],"gold_per_floor":[369,444,26,42,62,62,62,62,62,82,82,94,94,94,94,198,198,213,223,5,16,26,26,56,72,118,118,135,135,185,195,195],"floor_reached":33,"campfire_rested":2,"playtime":1022,"current_hp_per_floor":[65,54,54,55,62,62,67,67,67,43,43,56,56,56,56,24,85,64,44,44,18,23,50,47,23,23,23,17,17,17,14,43],"items_purged":["Defend_R"],"gold":195,"score":284,"play_id":"415dac0c-c37d-4108-ae99-78d67c9cd392","local_time":"20180310215524","is_prod":false,"is_daily":false,"is_ascension_mode":false,"campfire_upgraded":2,"timestamp":1520736924,"path_taken":["M","?","$","M","M","?","?","$","T","?","R","M","?","?","R","BOSS","M","M","$","M","?","R","E","M","T","?","M","?","?","M","R","BOSS"],"build_version":"2018-03-09","purchased_purges":1,"victory":false,"master_deck":["Strike_R+1","Strike_R","Strike_R","Strike_R+1","Strike_R","Defend_R+1","Defend_R+1","Bash+1","Clash+1","Inflame+1","Thunderclap+1","Rampage+1"],"max_hp_per_floor":[72,72,72,72,74,74,79,79,79,81,81,83,83,83,83,85,85,85,87,87,89,91,91,91,93,93,93,95,95,95,97,97],"relics":["Burning Blood","Gremlin Horn","Singing Bowl","Blood Vial","Runic Cube","War Paint","Calipers","Whetstone"],"card_choices":[{"not_picked":["Pummel","Twin Strike"],"picked":"Clash"},{"not_picked":["Flex","True Grit"],"picked":"Inflame"},{"not_picked":["Infernal Blade","Sword Boomerang"],"picked":"Thunderclap"},{"not_picked":["Juggernaut","Armaments"],"picked":"Rampage"}],"player_experience":434704,"potions_floor_usage":[12,12,16,19,21,31,31,31,33],"damage_taken":[{"damage":13,"enemies":"Jaw Worm","floor":1,"turns":3},{"damage":5,"enemies":"2 Louse","floor":4,"turns":3},{"damage":1,"enemies":"Cultist","floor":5,"turns":3},{"damage":34,"enemies":"Exordium Thugs","floor":10,"turns":5},{"damage":0,"enemies":"3 Louse","floor":12,"turns":2},{"damage":42,"enemies":"The Guardian","floor":16,"turns":8},{"damage":27,"enemies":"Spheric Guardian","floor":18,"turns":4},{"damage":39,"enemies":"3 Byrds","floor":19,"turns":4},{"damage":36,"enemies":"Snecko","floor":21,"turns":5},{"damage":5,"enemies":"3 Cultists","floor":22,"turns":4},{"damage":11,"enemies":"Gremlin Leader","floor":24,"turns":4},{"damage":34,"enemies":"Snake Plant","floor":25,"turns":3},{"damage":16,"enemies":"Centurion and Healer","floor":28,"turns":4},{"damage":13,"enemies":"Slaver and Parasite","floor":31,"turns":4},{"damage":57,"enemies":"Champ","floor":33,"turns":8}],"event_choices":[{"event_name":"World of Goop","player_choice":"Gather Gold","floor":2,"damage_taken":0},{"event_name":"Big Fish","player_choice":"Donut","floor":7,"damage_taken":0},{"event_name":"Living Wall","player_choice":"Forget","floor":13,"damage_taken":0},{"event_name":"Accursed Blacksmith","player_choice":"Forge","floor":14,"damage_taken":0},{"event_name":"Drug Dealer","player_choice":"Ignored","floor":27,"damage_taken":0},{"event_name":"Cursed Tome","player_choice":"Ignored","floor":29,"damage_taken":0},{"event_name":"The Joust","player_choice":"Bet on Murderer","floor":30,"damage_taken":0}],"boss_relics":[{"not_picked":["Calling Bell","Mark of Pain"],"picked":"Runic Cube"}],"potions_floor_spawned":[1,5,10,12,18,22,24,28,31],"seed_played":"2073737198721872425","killed_by":"Champ","ascension_level":0,"is_trial":false}