{"gold_per_floor":[116,116,191,202,215,215,242,242,242,242,262,279,196,224,224,298,298,312,312,330,344,355,355,355],"floor_reached":24,"playtime":1327,"items_purged":[],"score":416,"play_id":"b3a8d61b-5eef-4d76-a89e-4b16c2147e75","local_time":"20190402144821","is_ascension_mode":true,"campfire_choices":[{"data":"White Noise","floor":6,"key":"SMITH"},{"data":"Static Discharge","floor":8,"key":"SMITH"},{"data":"Hologram","floor":15,"key":"SMITH"},{"floor":23,"key":"REST"}],"neow_cost":"NONE","seed_source_timestamp":102056275599187,"circlet_count":0,"master_deck":["AscendersBane","Strike_B","Strike_B","Strike_B","Defend_B","Defend_B","Defend_B","Defend_B","Zap+1","Dualcast","White Noise+1","Hologram+1","Ball Lightning","Static Discharge+1","Ball Lightning","Rebound","Streamline","Coolheaded","Seek","Loop","Seek","Conserve Battery+1","Consume"],"relics":["Cracked Core","Happy Flower","Torii","Kunai","Pen Nib","Philosopher\u0027s Stone"],"potions_floor_usage":[7,7,16,18,21,22,24,24],"damage_taken":[{"damage":3,"enemies":"2 Louse","floor":1,"turns":3},{"damage":7,"enemies":"Small Slimes","floor":4,"turns":4},{"damage":0,"enemies":"Jaw Worm","floor":5,"turns":3},{"damage":11,"enemies":"Gremlin Nob","floor":7,"turns":3},{"damage":1,"enemies":"2 Fungi Beasts","floor":11,"turns":3},{"damage":9,"enemies":"Lots of Slimes","floor":12,"turns":3},{"damage":10,"enemies":"3 Sentries","floor":14,"turns":5},{"damage":4,"enemies":"Hexaghost","floor":16,"turns":7},{"damage":4,"enemies":"3 Byrds","floor":18,"turns":2},{"damage":29,"enemies":"Shell Parasite","floor":20,"turns":5},{"damage":9,"enemies":"Centurion and Healer","floor":21,"turns":7},{"damage":10,"enemies":"Snecko","floor":22,"turns":4},{"damage":30,"enemies":"Slavers","floor":24,"turns":2}],"seed_played":"215863842519063612","potions_obtained":[{"floor":4,"key":"Fire Potion"},{"floor":5,"key":"Poison Potion"},{"floor":11,"key":"Ancient Potion"},{"floor":16,"key":"Swift Potion"},{"floor":20,"key":"SkillPotion"},{"floor":21,"key":"Ancient Potion"},{"floor":22,"key":"SpeedPotion"}],"is_trial":false,"path_per_floor":["M","?","?","M","M","R","E","R","T","?","M","M","$","E","R","B",null,"M","?","M","M","M","R","E"],"character_chosen":"DEFECT","items_purchased":["Streamline","SteroidPotion"],"campfire_rested":1,"item_purchase_floors":[13,13],"current_hp_per_floor":[61,61,50,43,43,43,32,32,32,32,31,22,22,12,12,8,55,51,51,22,13,3,24,0],"gold":355,"neow_bonus":"RANDOM_COMMON_RELIC","is_prod":false,"is_daily":false,"chose_seed":false,"campfire_upgraded":3,"win_rate":0,"timestamp":1554230901,"path_taken":["M","?","?","M","M","R","E","R","T","?","M","M","?","E","R","BOSS","M","?","M","M","?","R","E"],"build_version":"2019-01-23","purchased_purges":0,"victory":false,"max_hp_per_floor":[71,71,71,71,71,71,71,71,71,71,71,71,71,71,71,71,71,71,71,71,71,71,71,71],"card_choices":[{"not_picked":["Hologram","Undo"],"picked":"White Noise","floor":1},{"not_picked":["Leap","Gash"],"picked":"Hologram","floor":4},{"not_picked":["Darkness","Steam Power"],"picked":"Ball Lightning","floor":5},{"not_picked":["Chill","Doom and Gloom"],"picked":"Static Discharge","floor":7},{"not_picked":["Turbo","Stack"],"picked":"Ball Lightning","floor":11},{"not_picked":["White Noise","Meteor Strike"],"picked":"Rebound","floor":12},{"not_picked":["Tempest","Ball Lightning"],"picked":"Coolheaded","floor":14},{"not_picked":["Core Surge","Buffer"],"picked":"Seek","floor":16},{"not_picked":["Fusion","Steam+1"],"picked":"Loop","floor":18},{"not_picked":["Redo","Leap"],"picked":"Conserve Battery+1","floor":20},{"not_picked":["Sweeping Beam","Leap+1"],"picked":"Consume","floor":21},{"not_picked":["Rebound","Steam Power","Recycle"],"picked":"SKIP","floor":22}],"player_experience":1528414,"relics_obtained":[{"floor":7,"key":"Torii"},{"floor":9,"key":"Kunai"},{"floor":14,"key":"Pen Nib"}],"event_choices":[{"damage_healed":0,"gold_gain":0,"player_choice":"Grow","damage_taken":0,"max_hp_gain":0,"max_hp_loss":0,"event_name":"Living Wall","floor":2,"gold_loss":0,"cards_upgraded":["Zap"]},{"damage_healed":0,"gold_gain":75,"player_choice":"Gather Gold","damage_taken":11,"max_hp_gain":0,"max_hp_loss":0,"event_name":"World of Goop","floor":3,"gold_loss":0},{"damage_healed":0,"gold_gain":0,"player_choice":"Ignored","damage_taken":0,"max_hp_gain":0,"max_hp_loss":0,"event_name":"Liars Game","floor":10,"gold_loss":0},{"damage_healed":0,"gold_gain":0,"cards_transformed":["Strike_B"],"player_choice":"Transformed","damage_taken":0,"max_hp_gain":0,"max_hp_loss":0,"event_name":"Transmorgrifier","floor":19,"gold_loss":0,"cards_obtained":["Seek"]}],"is_beta":false,"boss_relics":[{"not_picked":["Velvet Choker","White Beast Statue"],"picked":"Philosopher\u0027s Stone"}],"items_purged_floors":[],"is_endless":false,"potions_floor_spawned":[4,5,11,16,20,21,22],"killed_by":"Slavers","ascension_level":20}