{"path_per_floor":["M","M","?","M","M","R","E","M","T","M","E","R","T","?","R","B",null,"M","?","M","T","?","R","E","R","T","R","T","E","?","$","R","B",null,"M","T","M","M","M","R","E","M","T","?","$","R","$","M","R","B"],"character_chosen":"THE_SILENT","items_purchased":["Noxious Fumes","War Paint","Ancient Tea Set","Backstab","Die Die Die","Finisher"],"gold_per_floor":[113,124,124,144,163,163,191,206,263,283,317,317,341,341,341,437,437,454,369,387,387,387,387,419,419,443,443,443,478,478,65,65,165,165,176,176,191,204,220,220,250,260,260,260,50,50,12,28,28,28],"floor_reached":51,"campfire_rested":0,"playtime":3627,"current_hp_per_floor":[63,63,56,56,56,56,53,53,53,52,51,51,51,38,38,31,63,63,63,61,61,61,61,61,61,61,61,61,63,63,63,63,35,63,56,56,58,59,50,50,44,46,46,62,62,62,62,63,70,69],"items_purged":["Regret"],"gold":28,"score":598,"play_id":"7c9360f7-ce13-4cc4-a77b-13584af0cb55","is_prod":false,"is_daily":false,"is_ascension_mode":false,"campfire_upgraded":3,"path_taken":["M","M","?","M","?","R","E","M","T","M","E","R","?","?","R","BOSS","M","?","?","?","?","R","E","R","T","R","?","E","?","$","R","BOSS","M","?","M","M","M","R","E","M","T","?","$","R","$","M","R","BOSS"],"build_version":"2018-02-15-PROD1","purchased_purges":1,"victory":true,"master_deck":["Defend_G","Defend_G+1","Defend_G","Defend_G","Strike_G+1","Strike_G+1","Strike_G","Survivor+1","Neutralize","Well Laid Plans","Cloak And Dagger+1","Backstab+1","Blur+1","Finisher+1","Caltrops","Backstab+1","Adrenaline","Infinite Blades","Leg Sweep+1","Crippling Poison+1","Noxious Fumes","Backstab+1","Die Die Die+1","Noxious Fumes+1","Predator+1","Caltrops+1","Die Die Die+1","Finisher+1","Quick Slash+1"],"max_hp_per_floor":[63,63,63,63,63,63,63,63,63,63,63,63,63,63,63,63,63,63,63,63,63,63,63,63,63,63,63,63,63,63,63,63,63,63,63,63,63,63,63,63,63,63,63,63,63,63,63,63,70,70],"relics":["Ring of the Snake","Ninja Scroll","Tiny Chest","Pen Nib","Blood Vial","White Beast Statue","Bronze Scales","Shovel","Art of War","Molten Egg 2","Bottled Flame","Oddly Smooth Stone","Paper Crane","Happy Flower","Toolbox","War Paint","Ancient Tea Set","Unceasing Top","Cursed Key","Gambling Chip","Whetstone","Omamori","Thread and Needle","Tough Bandages","Strawberry"],"card_choices":[{"not_picked":["Heel Hook","Calculated Gamble"],"picked":"Well Laid Plans"},{"not_picked":["Backflip","PiercingWail"],"picked":"Cloak And Dagger"},{"not_picked":["PiercingWail","Prepared"],"picked":"Backstab"},{"not_picked":["Cloak And Dagger","Dodge and Roll"],"picked":"Blur"},{"not_picked":["Bane","Concentrate"],"picked":"Finisher"},{"not_picked":["Sucker Punch","Outmaneuver"],"picked":"Caltrops"},{"not_picked":["Bullet Time","Heel Hook"],"picked":"Backstab"},{"not_picked":["Wraith Form","Bullet Time"],"picked":"Adrenaline"},{"not_picked":["Calculated Gamble","Sucker Punch"],"picked":"Infinite Blades"},{"not_picked":["Poisoned Stab","Sucker Punch"],"picked":"Leg Sweep"},{"not_picked":["Deadly Poison","Calculated Gamble"],"picked":"Crippling Poison"},{"not_picked":["Grand Finale","After Image"],"picked":"Die Die Die"},{"not_picked":["Escape Plan","Finisher"],"picked":"Noxious Fumes"},{"not_picked":["Distraction","Setup"],"picked":"Predator"},{"not_picked":["Deadly Poison","Slice"],"picked":"Caltrops"},{"not_picked":["All Out Attack","Flechettes"],"picked":"Quick Slash"}],"player_experience":265358,"potions_floor_usage":[5,10,11,24,33,35,39,41,50,50,50],"damage_taken":[{"damage":0,"enemies":"Small Slimes","floor":1,"turns":3},{"damage":0,"enemies":"2 Louse","floor":2,"turns":3},{"damage":0,"enemies":"Cultist","floor":4,"turns":4},{"damage":0,"enemies":"Exordium Wildlife","floor":5,"turns":3},{"damage":3,"enemies":"3 Sentries","floor":7,"turns":14},{"damage":0,"enemies":"2 Fungi Beasts","floor":8,"turns":3},{"damage":1,"enemies":"Large Slime","floor":10,"turns":5},{"damage":1,"enemies":"Lagavulin","floor":11,"turns":6},{"damage":9,"enemies":"The Guardian","floor":16,"turns":9},{"damage":0,"enemies":"Shell Parasite","floor":18,"turns":1},{"damage":2,"enemies":"Chosen","floor":20,"turns":3},{"damage":2,"enemies":"Slavers","floor":24,"turns":4},{"damage":0,"enemies":"Book of Stabbing","floor":29,"turns":2},{"damage":28,"enemies":"Collector","floor":33,"turns":5},{"damage":7,"enemies":"3 Darklings","floor":35,"turns":2},{"damage":0,"enemies":"Orb Walker","floor":37,"turns":1},{"damage":1,"enemies":"Maw","floor":38,"turns":6},{"damage":11,"enemies":"Sphere and 2 Shapes","floor":39,"turns":3},{"damage":8,"enemies":"Giant Head","floor":41,"turns":6},{"damage":0,"enemies":"3 Darklings","floor":42,"turns":2},{"damage":0,"enemies":"Maw","floor":48,"turns":5},{"damage":1,"enemies":"Awakened One","floor":50,"turns":8}],"event_choices":[{"event_name":"Golden Wing","player_choice":"Card Removal","floor":3,"damage_taken":0},{"event_name":"Shining Light","player_choice":"Entered Light","floor":14,"damage_taken":0},{"event_name":"Addict","player_choice":"Obtained Relic","floor":19,"damage_taken":0},{"event_name":"The Woman in Blue","player_choice":"Bought 0 Potions","floor":22,"damage_taken":0},{"event_name":"The Lab","player_choice":"Got Potions","floor":30,"damage_taken":0},{"event_name":"Winding Halls","player_choice":"Writhe","floor":44,"damage_taken":0}],"boss_relics":[{"not_picked":["Runic Pyramid","Philosopher\u0027s Stone"],"picked":"White Beast Statue"},{"not_picked":["Sozu","Snecko Eye"],"picked":"Cursed Key"}],"potions_floor_spawned":[1,4,7,8,18,20,24,29,33,35,37,38,39,41,42,48],"seed_played":"7584770902446958509","ascension_level":0,"is_trial":false}