{"gold_per_floor":[117,7,7,19,94,123,123,156,156,172,199,199,217,231,231,326,326,345,9,28,28,28,28,60,87,111,121,121,149,0,16,16,120,120,136,136,149,29,55,88,135,11,11,11,11,11,46,46,46,46],"floor_reached":51,"playtime":3295,"items_purged":["Strike_R"],"score":1126,"play_id":"a2d76e15-324f-4107-8263-6f52506c37b3","local_time":"20190511203756","is_ascension_mode":true,"campfire_choices":[{"data":"Bludgeon","floor":7,"key":"SMITH"},{"data":"Flame Barrier","floor":12,"key":"SMITH"},{"data":"Burning Pact","floor":15,"key":"SMITH"},{"floor":28,"key":"REST"},{"floor":32,"key":"REST"},{"floor":44,"key":"DIG"},{"floor":46,"key":"DIG"},{"floor":49,"key":"DIG"}],"neow_cost":"TEN_PERCENT_HP_LOSS","seed_source_timestamp":0,"circlet_count":0,"master_deck":["AscendersBane","Strike_R","Strike_R","Defend_R","Defend_R+1","Defend_R","Defend_R","Bash","Bludgeon+1","Flame Barrier+1","Evolve","Burning Pact+1","Ghostly Armor","Sentinel","Offering","Metallicize","Body Slam+1","J.A.X.+1","Headbutt","Sword Boomerang","Heavy Blade","Reaper","Limit Break","Limit Break","Heavy Blade+1","Sword Boomerang","Sword Boomerang+1","Flash of Steel","Whirlwind","Thinking Ahead","Flash of Steel","Finesse","Battle Trance+1"],"special_seed":0,"relics":["Burning Blood","Ice Cream","Bag of Marbles","Mercury Hourglass","Mango","Pocketwatch","Fusion Hammer","Brimstone","Ancient Tea Set","Bottled Tornado","Red Mask","War Paint","Red Skull","Empty Cage","Boot","Shovel","Bird Faced Urn","StoneCalendar","Omamori","Du-Vu Doll","Pen Nib","Vajra"],"potions_floor_usage":[16,21,27,29,50],"damage_taken":[{"damage":7,"enemies":"Jaw Worm","floor":1,"turns":2},{"damage":0,"enemies":"2 Louse","floor":4,"turns":3},{"damage":23,"enemies":"3 Sentries","floor":6,"turns":8},{"damage":23,"enemies":"Lagavulin","floor":8,"turns":4},{"damage":0,"enemies":"Cultist","floor":10,"turns":1},{"damage":8,"enemies":"3 Sentries","floor":11,"turns":5},{"damage":0,"enemies":"Red Slaver","floor":13,"turns":3},{"damage":10,"enemies":"3 Louse","floor":14,"turns":3},{"damage":29,"enemies":"Slime Boss","floor":16,"turns":9},{"damage":0,"enemies":"Spheric Guardian","floor":18,"turns":4},{"damage":0,"enemies":"3 Byrds","floor":20,"turns":2},{"damage":0,"enemies":"Snake Plant","floor":21,"turns":1},{"damage":41,"enemies":"Gremlin Leader","floor":24,"turns":6},{"damage":23,"enemies":"Masked Bandits","floor":25,"turns":3},{"damage":3,"enemies":"3 Cultists","floor":27,"turns":3},{"damage":19,"enemies":"Slavers","floor":29,"turns":4},{"damage":9,"enemies":"Sentry and Sphere","floor":31,"turns":3},{"damage":31,"enemies":"Champ","floor":33,"turns":7},{"damage":7,"enemies":"3 Shapes","floor":35,"turns":5},{"damage":6,"enemies":"Orb Walker","floor":37,"turns":2},{"damage":18,"enemies":"Giant Head","floor":40,"turns":4},{"damage":61,"enemies":"2 Orb Walkers","floor":41,"turns":4},{"damage":37,"enemies":"Reptomancer","floor":47,"turns":4},{"damage":26,"enemies":"Awakened One","floor":50,"turns":4}],"seed_played":"234128978376360668","potions_obtained":[{"floor":1,"key":"AttackPotion"},{"floor":6,"key":"Block Potion"},{"floor":11,"key":"Explosive Potion"},{"floor":13,"key":"PowerPotion"},{"floor":20,"key":"SmokeBomb"},{"floor":27,"key":"SpeedPotion"},{"floor":29,"key":"Energy Potion"},{"floor":31,"key":"SpeedPotion"}],"is_trial":false,"path_per_floor":["M","$","?","M","?","E","R","E","T","M","E","R","M","M","R","B",null,"M","$","M","M","?","?","E","?","T","M","R","E","$","M","R","B",null,"M","?","M","$","T","E","?","$","T","R","?","R","E","$","R","B",null],"character_chosen":"IRONCLAD","items_purchased":["Flame Barrier","Evolve","Brimstone","Ancient Tea Set","Reaper","Sword Boomerang","Flash of Steel","Whirlwind"],"campfire_rested":2,"item_purchase_floors":[2,2,19,19,30,38,42,42],"current_hp_per_floor":[71,71,64,70,59,42,42,25,39,45,43,43,49,45,45,22,70,76,76,82,86,69,69,34,17,17,20,47,34,34,45,72,72,86,85,85,85,85,85,88,60,60,60,60,50,50,63,63,63,91],"gold":46,"neow_bonus":"THREE_RARE_CARDS","is_prod":false,"is_daily":false,"chose_seed":false,"campfire_upgraded":3,"win_rate":0,"timestamp":1557596276,"path_taken":["M","$","?","M","?","E","R","E","T","M","E","R","M","M","R","BOSS","M","$","M","M","?","?","E","?","T","M","R","E","$","M","R","BOSS","M","?","?","$","?","E","?","?","T","R","?","R","E","$","R","BOSS"],"build_version":"2019-05-07","purchased_purges":1,"victory":true,"max_hp_per_floor":[72,72,72,72,72,72,72,72,86,86,86,86,86,86,86,86,86,86,86,86,86,91,91,91,91,91,91,91,91,91,91,91,91,91,91,91,91,91,91,91,91,91,91,91,91,91,91,91,91,91],"card_choices":[{"not_picked":["Feed","Exhume"],"picked":"Bludgeon","floor":0},{"not_picked":["Clash","Iron Wave","Heavy Blade"],"picked":"SKIP","floor":1},{"not_picked":["Clash","Power Through","Dual Wield"],"picked":"SKIP","floor":4},{"not_picked":["Intimidate","Rage","Twin Strike"],"picked":"SKIP","floor":6},{"not_picked":["True Grit","Cleave"],"picked":"Burning Pact","floor":8},{"not_picked":["Rage","Burning Pact"],"picked":"Ghostly Armor","floor":10},{"not_picked":["Pummel","Combust","Dual Wield"],"picked":"SKIP","floor":11},{"not_picked":["Spot Weakness","Anger","Clash"],"picked":"SKIP","floor":13},{"not_picked":["Searing Blow","Feed"],"picked":"Sentinel","floor":14},{"not_picked":["Fiend Fire","Juggernaut"],"picked":"Offering","floor":16},{"not_picked":["Pommel Strike","Fire Breathing+1"],"picked":"Metallicize","floor":18},{"not_picked":["Pommel Strike","Corruption"],"picked":"Body Slam+1","floor":20},{"not_picked":["Armaments","Exhume"],"picked":"Headbutt","floor":24},{"not_picked":["Twin Strike+1","Headbutt"],"picked":"Sword Boomerang","floor":25},{"not_picked":["Iron Wave","Disarm","Body Slam"],"picked":"SKIP","floor":27},{"not_picked":["Battle Trance","Reckless Charge"],"picked":"Heavy Blade","floor":29},{"not_picked":["Wild Strike","True Grit","Berserk"],"picked":"SKIP","floor":31},{"not_picked":["Feed","Brutality"],"picked":"Limit Break","floor":33},{"not_picked":["Corruption+1","True Grit+1","Headbutt"],"picked":"SKIP","floor":35},{"not_picked":["Flex+1","Metallicize+1"],"picked":"Heavy Blade+1","floor":37},{"not_picked":["Bludgeon","Immolate"],"picked":"Sword Boomerang+1","floor":40},{"not_picked":["Discovery","Blind"],"picked":"Thinking Ahead","floor":45},{"not_picked":["Discovery","Madness"],"picked":"Flash of Steel","floor":45},{"not_picked":["Jack Of All Trades","Swift Strike"],"picked":"Finesse","floor":45},{"not_picked":["Body Slam","Thunderclap"],"picked":"Battle Trance+1","floor":47}],"player_experience":299104,"relics_obtained":[{"floor":6,"key":"Bag of Marbles"},{"floor":8,"key":"Mercury Hourglass"},{"floor":9,"key":"Mango"},{"floor":11,"key":"Pocketwatch"},{"floor":24,"key":"Bottled Tornado"},{"floor":25,"key":"Red Mask"},{"floor":26,"key":"War Paint"},{"floor":29,"key":"Red Skull"},{"floor":39,"key":"Boot"},{"floor":40,"key":"Shovel"},{"floor":41,"key":"Bird Faced Urn"},{"floor":43,"key":"StoneCalendar"},{"floor":44,"key":"Omamori"},{"floor":46,"key":"Du-Vu Doll"},{"floor":47,"key":"Pen Nib"},{"floor":49,"key":"Vajra"}],"event_choices":[{"damage_healed":0,"gold_gain":0,"player_choice":"Success","damage_taken":7,"relics_obtained":["Ice Cream"],"max_hp_gain":0,"max_hp_loss":0,"event_name":"Scrap Ooze","floor":3,"gold_loss":0},{"damage_healed":0,"gold_gain":75,"player_choice":"Gather Gold","damage_taken":11,"max_hp_gain":0,"max_hp_loss":0,"event_name":"World of Goop","floor":5,"gold_loss":0},{"damage_healed":0,"gold_gain":0,"player_choice":"Shed Blood","damage_taken":22,"max_hp_gain":5,"max_hp_loss":0,"event_name":"Forgotten Altar","floor":22,"gold_loss":0},{"damage_healed":0,"gold_gain":0,"player_choice":"Obtain J.A.X.","damage_taken":0,"max_hp_gain":0,"max_hp_loss":0,"event_name":"Drug Dealer","floor":23,"gold_loss":0,"cards_obtained":["J.A.X."]},{"damage_healed":0,"gold_gain":0,"player_choice":"Fought Bandits","damage_taken":0,"max_hp_gain":0,"max_hp_loss":0,"event_name":"Masked Bandits","floor":25,"gold_loss":0},{"damage_healed":0,"gold_gain":0,"player_choice":"Copied","damage_taken":0,"max_hp_gain":0,"max_hp_loss":0,"event_name":"Duplicator","floor":36,"gold_loss":0,"cards_obtained":["Limit Break"]},{"damage_healed":0,"gold_gain":0,"player_choice":"Fight","damage_taken":0,"max_hp_gain":0,"max_hp_loss":0,"event_name":"Mysterious Sphere","floor":41,"gold_loss":0},{"damage_healed":0,"gold_gain":0,"player_choice":"Memory 3","damage_taken":10,"max_hp_gain":0,"max_hp_loss":0,"event_name":"SensoryStone","floor":45,"gold_loss":0}],"is_beta":true,"boss_relics":[{"not_picked":["Pandora\u0027s Box","Philosopher\u0027s Stone"],"picked":"Fusion Hammer"},{"not_picked":["Calling Bell","White Beast Statue"],"picked":"Empty Cage"}],"items_purged_floors":[38],"is_endless":false,"potions_floor_spawned":[1,6,11,13,20,27,29,31,41],"ascension_level":10}