{"gold_per_floor":[110,35,47,60,60,60,88,3,57,92,92,105,105,138,138,217,217,232,245,257,276,276,276,291,291,340,340,17,48,48,48,48,127,127,143,158,169,182,182],"floor_reached":39,"playtime":3003,"items_purged":[],"score":842,"play_id":"290b4008-89cd-4570-805c-d8e951f04027","local_time":"20190408220311","is_ascension_mode":true,"campfire_choices":[{"data":"Finisher","floor":6,"key":"SMITH"},{"data":"1","floor":11,"key":"LIFT"},{"floor":13,"key":"REST"},{"floor":15,"key":"REST"},{"data":"2","floor":23,"key":"LIFT"},{"data":"3","floor":25,"key":"LIFT"},{"floor":27,"key":"REST"},{"data":"A Thousand Cuts","floor":30,"key":"SMITH"},{"data":"Wraith Form v2","floor":32,"key":"SMITH"}],"neow_cost":"NONE","seed_source_timestamp":644954409316834,"circlet_count":0,"master_deck":["AscendersBane","Defend_G","Defend_G","Defend_G","Defend_G","Defend_G+1","Strike_G","Strike_G","Strike_G","Strike_G","Strike_G","Survivor","Neutralize","Slice","Well Laid Plans","Finisher+1","Well Laid Plans","Cloak And Dagger","Crippling Poison","Masterful Stab","Dodge and Roll+1","Caltrops","A Thousand Cuts+1","Dagger Spray","Calculated Gamble+1","Blade Dance","Wraith Form v2+1","Dodge and Roll+1","Adrenaline","Decay","Parasite","Regret","PiercingWail","Noxious Fumes"],"relics":["Ring of the Snake","Pen Nib","Bag of Preparation","Potion Belt","Regal Pillow","Girya","Question Card","Philosopher\u0027s Stone","Lantern","Happy Flower","War Paint","Calling Bell","Dream Catcher","Gremlin Horn","Calipers"],"potions_floor_usage":[7,14,19,21,29,33,38,38,39],"damage_taken":[{"damage":0,"enemies":"Cultist","floor":1,"turns":4},{"damage":0,"enemies":"Jaw Worm","floor":3,"turns":4},{"damage":0,"enemies":"Small Slimes","floor":4,"turns":4},{"damage":15,"enemies":"Lagavulin","floor":7,"turns":5},{"damage":10,"enemies":"3 Sentries","floor":10,"turns":12},{"damage":8,"enemies":"Gremlin Gang","floor":12,"turns":4},{"damage":46,"enemies":"Gremlin Nob","floor":14,"turns":5},{"damage":21,"enemies":"The Guardian","floor":16,"turns":13},{"damage":17,"enemies":"Spheric Guardian","floor":18,"turns":4},{"damage":2,"enemies":"Chosen","floor":19,"turns":5},{"damage":10,"enemies":"Centurion and Healer","floor":20,"turns":5},{"damage":0,"enemies":"3 Cultists","floor":21,"turns":5},{"damage":3,"enemies":"Snake Plant","floor":24,"turns":4},{"damage":15,"enemies":"Gremlin Leader","floor":29,"turns":6},{"damage":25,"enemies":"Automaton","floor":33,"turns":10},{"damage":6,"enemies":"3 Darklings","floor":35,"turns":2},{"damage":8,"enemies":"3 Shapes","floor":36,"turns":4},{"damage":0,"enemies":"3 Darklings","floor":37,"turns":3},{"damage":21,"enemies":"Writhing Mass","floor":38,"turns":6},{"damage":38,"enemies":"Spire Growth","floor":39,"turns":5}],"seed_played":"1272502594771173177","potions_obtained":[{"floor":4,"key":"FearPotion"},{"floor":10,"key":"Swift Potion"},{"floor":12,"key":"Ancient Potion"},{"floor":16,"key":"LiquidBronze"},{"floor":18,"key":"Poison Potion"},{"floor":24,"key":"Weak Potion"},{"floor":33,"key":"Fire Potion"},{"floor":35,"key":"Ancient Potion"},{"floor":36,"key":"FearPotion"}],"is_trial":false,"path_per_floor":["M","$","M","M","?","R","E","$","T","E","R","M","R","E","R","B",null,"M","M","M","M","?","R","M","R","T","R","$","E","R","?","R","B",null,"M","M","M","M","M"],"character_chosen":"THE_SILENT","items_purchased":["Well Laid Plans","Crippling Poison","Burst","Happy Flower"],"campfire_rested":3,"item_purchase_floors":[2,8,28,28],"current_hp_per_floor":[59,59,59,59,48,48,33,33,33,23,23,15,49,3,37,16,54,37,35,25,25,38,38,35,35,35,66,66,51,51,76,76,51,70,64,56,56,35,0],"gold":182,"neow_bonus":"RANDOM_COMMON_RELIC","is_prod":false,"is_daily":false,"chose_seed":false,"campfire_upgraded":3,"win_rate":0,"timestamp":1554775391,"path_taken":["M","$","?","M","?","R","E","$","T","E","R","M","R","E","R","BOSS","M","M","M","M","?","R","M","R","T","R","$","E","R","?","R","BOSS","M","M","?","?","M"],"build_version":"2019-01-23","purchased_purges":0,"victory":false,"max_hp_per_floor":[66,66,66,66,66,66,66,66,66,66,66,66,66,66,66,66,66,66,66,66,66,66,66,66,66,66,66,66,66,66,76,76,76,76,76,76,76,76,76],"card_choices":[{"not_picked":["Underhanded Strike","Prepared"],"picked":"Slice","floor":1},{"not_picked":["Catalyst","Acrobatics"],"picked":"Finisher","floor":3},{"not_picked":["Setup","Outmaneuver"],"picked":"Well Laid Plans","floor":4},{"not_picked":["Dodge and Roll","Dagger Spray"],"picked":"Cloak And Dagger","floor":7},{"not_picked":["Blade Dance","Flying Knee"],"picked":"Masterful Stab","floor":10},{"not_picked":["Outmaneuver","Prepared"],"picked":"Dodge and Roll","floor":12},{"not_picked":["Quick Slash","Grand Finale"],"picked":"Caltrops","floor":14},{"not_picked":["Glass Knife","Malaise","Doppelganger"],"picked":"A Thousand Cuts","floor":16},{"not_picked":["Reflex","Poisoned Stab+1","Leg Sweep"],"picked":"Dagger Spray","floor":18},{"not_picked":["Quick Slash","Poisoned Stab","Backstab"],"picked":"Calculated Gamble+1","floor":19},{"not_picked":["Expertise","Dodge and Roll","Slice"],"picked":"Blade Dance","floor":20},{"not_picked":["Escape Plan","Setup","Outmaneuver"],"picked":"Wraith Form v2","floor":21},{"not_picked":["Underhanded Strike","Heel Hook","Sucker Punch","Crippling Poison"],"picked":"SKIP","floor":24},{"not_picked":["Flying Knee+1","Crippling Poison","Cloak And Dagger"],"picked":"Dodge and Roll+1","floor":29},{"not_picked":["Corpse Explosion","Grand Finale","A Thousand Cuts"],"picked":"Adrenaline","floor":33},{"not_picked":["Outmaneuver","Dagger Throw","Flechettes"],"picked":"PiercingWail","floor":35},{"not_picked":["Flechettes","Tactician+1","Sucker Punch","Masterful Stab"],"picked":"SKIP","floor":36},{"not_picked":["Sucker Punch","Flying Knee+1","Catalyst"],"picked":"Noxious Fumes","floor":37},{"not_picked":["Quick Slash","Finisher","Slice","Deadly Poison"],"picked":"SKIP","floor":38}],"player_experience":1750396,"relics_obtained":[{"floor":7,"key":"Potion Belt"},{"floor":9,"key":"Regal Pillow"},{"floor":10,"key":"Girya"},{"floor":14,"key":"Question Card"},{"floor":26,"key":"Lantern"},{"floor":29,"key":"War Paint"},{"floor":34,"key":"Dream Catcher"},{"floor":34,"key":"Gremlin Horn"},{"floor":34,"key":"Calipers"}],"event_choices":[{"damage_healed":0,"gold_gain":0,"player_choice":"Success","damage_taken":11,"relics_obtained":["Bag of Preparation"],"max_hp_gain":0,"max_hp_loss":0,"event_name":"Scrap Ooze","floor":5,"gold_loss":0},{"damage_healed":13,"gold_gain":0,"player_choice":"Heal","damage_taken":0,"max_hp_gain":0,"max_hp_loss":0,"event_name":"The Library","floor":22,"gold_loss":0},{"cards_removed":["Burst"],"damage_healed":15,"gold_gain":0,"player_choice":"Offered Rare","damage_taken":0,"max_hp_gain":10,"max_hp_loss":0,"event_name":"Bonfire Elementals","floor":31,"gold_loss":0}],"is_beta":false,"boss_relics":[{"not_picked":["Empty Cage","Ectoplasm"],"picked":"Philosopher\u0027s Stone"},{"not_picked":["HoveringKite","Runic Dome"],"picked":"Calling Bell"}],"items_purged_floors":[],"is_endless":false,"potions_floor_spawned":[4,10,12,16,18,24,33,35,36],"killed_by":"Spire Growth","ascension_level":20}