{"gold_per_floor":[119,6,18,18,18,18,46,46,96,96,108,108,121,155,155,234,234,244,244,10,40,56,56,86,186,232,9,9,9,9,21,21,95,95,115,115,131,141,363,363,388,388,433,458,478,478,261,261,261,261,261,261,42,71,71],"floor_reached":56,"playtime":5826,"items_purged":["Strike_G","Accuracy+1","Tactician+1","Parasite"],"score":1897,"play_id":"6f195997-d293-42da-8113-0655c73f476c","local_time":"20190330193403","is_ascension_mode":true,"campfire_choices":[{"data":"Deadly Poison","floor":6.0,"key":"SMITH"},{"data":"Catalyst","floor":8.0,"key":"SMITH"},{"floor":10.0,"key":"REST"},{"data":"Footwork","floor":12.0,"key":"SMITH"},{"data":"Deadly Poison","floor":15.0,"key":"SMITH"},{"floor":23.0,"key":"REST"},{"floor":28.0,"key":"REST"},{"floor":30.0,"key":"REST"},{"floor":32.0,"key":"REST"},{"data":"Wraith Form v2","floor":40.0,"key":"SMITH"},{"floor":42.0,"key":"RECALL"},{"floor":46.0,"key":"REST"},{"data":"Malaise","floor":49.0,"key":"SMITH"},{"floor":52.0,"key":"REST"}],"neow_cost":"TEN_PERCENT_HP_LOSS","seed_source_timestamp":1493747724345110,"circlet_count":0,"master_deck":["AscendersBane","Defend_G","Defend_G","Defend_G","Defend_G","Defend_G","Survivor","Deadly Poison+1","Footwork+1","Catalyst+1","Deadly Poison+1","Corpse Explosion","Catalyst+1","Blur","Leg Sweep","Noxious Fumes","Well Laid Plans","Footwork+1","Wraith Form v2+1","Backflip","Backflip","PiercingWail","Prepared+1","Malaise+1","After Image","Dodge and Roll+1","Deflect+1","Crippling Poison+1","PiercingWail+1","Venomology+1"],"special_seed":0,"relics":["Ring of the Snake","Pen Nib","Art of War","The Courier","Astrolabe","TwistedFunnel","Red Mask","The Specimen","Prayer Wheel","Ornamental Fan","Potion Belt","Empty Cage","Dream Catcher","Toxic Egg 2","ClockworkSouvenir","Strawberry"],"potions_floor_usage":[54,55,55,55,55],"damage_taken":[{"damage":5.0,"enemies":"Cultist","floor":1.0,"turns":5.0},{"damage":1.0,"enemies":"Small Slimes","floor":3.0,"turns":2.0},{"damage":29.0,"enemies":"Gremlin Nob","floor":7.0,"turns":5.0},{"damage":0.0,"enemies":"2 Louse","floor":11.0,"turns":1.0},{"damage":0.0,"enemies":"Looter","floor":13.0,"turns":4.0},{"damage":30.0,"enemies":"3 Sentries","floor":14.0,"turns":11.0},{"damage":8.0,"enemies":"The Guardian","floor":16.0,"turns":6.0},{"damage":9.0,"enemies":"Spheric Guardian","floor":18.0,"turns":5.0},{"damage":0.0,"enemies":"Masked Bandits","floor":21.0,"turns":2.0},{"damage":7.0,"enemies":"Chosen","floor":22.0,"turns":5.0},{"damage":15.0,"enemies":"Slavers","floor":24.0,"turns":3.0},{"damage":10.0,"enemies":"Colosseum Slavers","floor":25.0,"turns":4.0},{"damage":5.0,"enemies":"Colosseum Nobs","floor":25.0,"turns":2.0},{"damage":12.0,"enemies":"Snake Plant","floor":31.0,"turns":3.0},{"damage":5.0,"enemies":"Champ","floor":33.0,"turns":9.0},{"damage":0.0,"enemies":"Orb Walker","floor":35.0,"turns":4.0},{"damage":0.0,"enemies":"3 Shapes","floor":37.0,"turns":3.0},{"damage":0.0,"enemies":"3 Darklings","floor":38.0,"turns":5.0},{"damage":9.0,"enemies":"Nemesis","floor":41.0,"turns":7.0},{"damage":11.0,"enemies":"Reptomancer","floor":44.0,"turns":5.0},{"damage":6.0,"enemies":"Writhing Mass","floor":45.0,"turns":7.0},{"damage":24.0,"enemies":"Awakened One","floor":50.0,"turns":18.0},{"damage":25,"enemies":"Shield and Spear","floor":54,"turns":6},{"damage":13,"enemies":"The Heart","floor":55,"turns":13}],"seed_played":"-6526228768629203139","potions_obtained":[{"floor":7.0,"key":"Regen Potion"},{"floor":14.0,"key":"EssenceOfSteel"},{"floor":16.0,"key":"GamblersBrew"},{"floor":18.0,"key":"Weak Potion"},{"floor":31.0,"key":"Ancient Potion"},{"floor":33.0,"key":"Fire Potion"},{"floor":38.0,"key":"EssenceOfSteel"},{"floor":41.0,"key":"SpeedPotion"}],"is_trial":false,"path_per_floor":["M","$","M","?","?","R","E","R","T","R","M","R","M","E","R","B",null,"M","?","$","?","M","R","E","?","T","$","R","?","R","M","R","B",null,"M","?","M","M","?","R","E","R","T","E","M","R","$","?","R","B",null,"R","$","E","B",null],"character_chosen":"THE_SILENT","items_purchased":["Footwork","TwistedFunnel","Noxious Fumes","Well Laid Plans","Crippling Poison+1","PowerPotion","ClockworkSouvenir","Ancient Potion"],"campfire_rested":7,"item_purchase_floors":[2,20,27,27,47,47,53,53],"current_hp_per_floor":[54,54,53,53,53,53,24,24,24,42,42,42,42,27,27,19,50,41,41,41,41,34,52,37,22,22,22,40,24,43,31,50,45,60,60,60,60,60,60,60,51,51,51,40,34,53,53,53,53,29,54,62,62,44,31],"gold":71,"neow_bonus":"THREE_RARE_CARDS","is_prod":false,"is_daily":false,"chose_seed":false,"campfire_upgraded":6,"win_rate":0,"timestamp":1553988843,"path_taken":["M","$","M","?","?","R","E","R","T","R","M","R","?","E","R","BOSS","M","?","$","?","M","R","E","?","T","?","R","?","R","M","R","BOSS","M","?","M","M","?","R","E","R","T","E","M","R","$","?","R","BOSS","R","$","E","BOSS"],"build_version":"2019-03-15","purchased_purges":4,"victory":true,"max_hp_per_floor":[60,60,60,60,60,60,60,60,60,60,60,60,60,60,60,60,60,60,60,60,60,60,60,60,60,60,60,60,65,65,65,65,65,65,65,65,65,65,65,65,65,65,65,65,65,65,62,62,62,62,62,62,62,69,69],"card_choices":[{"not_picked":["Envenom","Night Terror"],"picked":"Die Die Die","floor":0.0},{"not_picked":["Deflect","Setup"],"picked":"Deadly Poison","floor":1.0},{"not_picked":["Flying Knee","Prepared"],"picked":"Cloak And Dagger","floor":3.0},{"not_picked":["Dash","Sucker Punch"],"picked":"Catalyst","floor":7.0},{"not_picked":["Flechettes","Blade Dance","Outmaneuver"],"picked":"SKIP","floor":11.0},{"not_picked":["Dodge and Roll","Dagger Spray"],"picked":"Deadly Poison","floor":13.0},{"not_picked":["Sucker Punch","Riddle With Holes","Quick Slash"],"picked":"SKIP","floor":14.0},{"not_picked":["Venomology","Die Die Die"],"picked":"Corpse Explosion","floor":16.0},{"not_picked":["Flying Knee","Quick Slash","Skewer"],"picked":"SKIP","floor":18.0},{"not_picked":["Terror","Choke"],"picked":"Blur","floor":21.0},{"not_picked":["Distraction","Dagger Throw"],"picked":"Leg Sweep","floor":22.0},{"not_picked":["Infinite Blades","Grand Finale","Sucker Punch"],"picked":"SKIP","floor":24.0},{"not_picked":["Choke","Dodge and Roll"],"picked":"Footwork+1","floor":31.0},{"not_picked":["Cloak And Dagger","Slice","Quick Slash"],"picked":"SKIP","floor":31.0},{"not_picked":["Envenom","After Image"],"picked":"Wraith Form v2","floor":33.0},{"not_picked":["Predator","Dagger Spray+1"],"picked":"Backflip","floor":35.0},{"not_picked":["Dagger Spray","Blade Dance"],"picked":"Backflip","floor":35.0},{"not_picked":["Bane","Skewer"],"picked":"PiercingWail","floor":37.0},{"not_picked":["Backflip","Bane+1"],"picked":"Prepared+1","floor":37.0},{"not_picked":["Noxious Fumes","Bane"],"picked":"Malaise","floor":38.0},{"not_picked":["Quick Slash","Sucker Punch","Leg Sweep"],"picked":"SKIP","floor":38.0},{"not_picked":["Blade Dance","Accuracy"],"picked":"After Image","floor":41.0},{"not_picked":["Underhanded Strike","Tactician"],"picked":"Dodge and Roll+1","floor":44.0},{"not_picked":["Expertise+1","Flying Knee","Outmaneuver+1"],"picked":"SKIP","floor":45.0},{"not_picked":["Expertise+1","Reflex+1","Choke+1"],"picked":"SKIP","floor":45.0},{"not_picked":["Skewer","Tactician+1"],"picked":"Deflect+1","floor":46.0},{"not_picked":["Slice","Poisoned Stab"],"picked":"PiercingWail+1","floor":52.0},{"not_picked":["Quick Slash+1","PiercingWail+1"],"picked":"Venomology+1","floor":54}],"player_experience":2317624,"relics_obtained":[{"floor":7.0,"key":"Pen Nib"},{"floor":9.0,"key":"Art of War"},{"floor":14.0,"key":"The Courier"},{"floor":21.0,"key":"Red Mask"},{"floor":24.0,"key":"The Specimen"},{"floor":25.0,"key":"Prayer Wheel"},{"floor":25.0,"key":"Ornamental Fan"},{"floor":26.0,"key":"Potion Belt"},{"floor":41.0,"key":"Dream Catcher"},{"floor":44.0,"key":"Toxic Egg 2"},{"floor":54,"key":"Strawberry"}],"event_choices":[{"damage_healed":0.0,"max_hp_gain":0.0,"max_hp_loss":0.0,"gold_gain":0.0,"event_name":"The Cleric","player_choice":"Leave","floor":4.0,"gold_loss":0.0,"damage_taken":0.0},{"cards_removed":["Strike_G"],"damage_healed":0.0,"max_hp_gain":0.0,"max_hp_loss":0.0,"gold_gain":0.0,"event_name":"Bonfire Elementals","player_choice":"Offered Basic","floor":5.0,"gold_loss":0.0,"damage_taken":0.0},{"damage_healed":0.0,"max_hp_gain":0.0,"max_hp_loss":0.0,"gold_gain":0.0,"event_name":"Vampires","player_choice":"Ignored","floor":19.0,"gold_loss":0.0,"damage_taken":0.0},{"damage_healed":0.0,"max_hp_gain":0.0,"max_hp_loss":0.0,"gold_gain":0.0,"event_name":"Masked Bandits","player_choice":"Fought Bandits","floor":21.0,"gold_loss":0.0,"damage_taken":0.0},{"damage_healed":0.0,"max_hp_gain":0.0,"max_hp_loss":0.0,"gold_gain":0.0,"event_name":"Colosseum","player_choice":"Fight","floor":25.0,"gold_loss":0.0,"damage_taken":0.0},{"damage_healed":0.0,"max_hp_gain":0.0,"max_hp_loss":0.0,"gold_gain":0.0,"event_name":"Colosseum","player_choice":"Fought Nobs","floor":25.0,"gold_loss":0.0,"damage_taken":0.0},{"damage_healed":0.0,"max_hp_gain":5.0,"max_hp_loss":0.0,"gold_gain":0.0,"event_name":"Forgotten Altar","player_choice":"Shed Blood","floor":29.0,"gold_loss":0.0,"damage_taken":21.0},{"cards_removed":["Die Die Die"],"damage_healed":0.0,"max_hp_gain":0.0,"max_hp_loss":0.0,"gold_gain":0.0,"event_name":"Falling","player_choice":"Removed Attack","floor":36.0,"gold_loss":0.0,"damage_taken":0.0},{"damage_healed":0.0,"max_hp_gain":0.0,"max_hp_loss":0.0,"gold_gain":222.0,"event_name":"Tomb of Lord Red Mask","player_choice":"Wore Mask","floor":39.0,"gold_loss":0.0,"damage_taken":0.0},{"damage_healed":0.0,"max_hp_gain":0.0,"max_hp_loss":0.0,"gold_gain":0.0,"event_name":"Mysterious Sphere","player_choice":"Ignored","floor":48.0,"gold_loss":0.0,"damage_taken":0.0}],"is_beta":true,"boss_relics":[{"not_picked":["Busted Crown","HoveringKite"],"picked":"Astrolabe"},{"not_picked":["Lizard Tail","Ring of the Serpent"],"picked":"Empty Cage"}],"items_purged_floors":[2,20,27,47],"is_endless":false,"potions_floor_spawned":[7,14,16,18,25,31,33,37,38,41],"ascension_level":15}