{"gold_per_floor":[109,109,126,51,68,93,93,13,82,53,53,53],"floor_reached":12,"playtime":365,"items_purged":[],"score":152,"play_id":"d38a60d7-f485-44aa-bf58-f23cad122a5f","local_time":"20190505155610","is_ascension_mode":true,"campfire_choices":[{"data":"Footwork","floor":7.0,"key":"SMITH"},{"floor":11.0,"key":"REST"}],"neow_cost":"NONE","seed_source_timestamp":373966085249296,"circlet_count":0,"master_deck":["AscendersBane","Defend_G","Defend_G","Defend_G","Defend_G","Defend_G","Strike_G","Strike_G","Strike_G","Strike_G","Survivor","Neutralize","Footwork+1","Backflip","Infinite Blades","Dagger Spray","Adrenaline","Deadly Poison"],"special_seed":0,"relics":["Ring of the Snake","Vajra","Blood Vial","Blue Candle","Bottled Lightning"],"potions_floor_usage":[],"damage_taken":[{"damage":5.0,"enemies":"Small Slimes","floor":1.0,"turns":3.0},{"damage":0.0,"enemies":"Cultist","floor":3.0,"turns":6.0},{"damage":3.0,"enemies":"Jaw Worm","floor":5.0,"turns":12.0},{"damage":38.0,"enemies":"3 Sentries","floor":6.0,"turns":11.0},{"damage":56,"enemies":"Gremlin Nob","floor":12,"turns":5}],"seed_played":"8008648174833002390","potions_obtained":[{"floor":1.0,"key":"SkillPotion"}],"is_trial":false,"path_per_floor":["M","?","M","?","M","E","R","$","T","$","R","E"],"character_chosen":"THE_SILENT","items_purchased":["Adrenaline","Deadly Poison"],"campfire_rested":1,"item_purchase_floors":[8,10],"current_hp_per_floor":[54,54,56,56,55,19,19,19,19,19,38,0],"gold":53,"neow_bonus":"RANDOM_COMMON_RELIC","is_prod":false,"is_daily":false,"chose_seed":false,"campfire_upgraded":1,"win_rate":0,"timestamp":1557096970,"path_taken":["M","?","?","?","M","E","R","$","T","?","R","E"],"build_version":"2019-04-23","purchased_purges":0,"victory":false,"max_hp_per_floor":[66,66,66,66,66,66,66,66,66,66,66,66],"card_choices":[{"not_picked":["Skewer","Outmaneuver"],"picked":"Footwork","floor":1.0},{"not_picked":["Sucker Punch","Flying Knee"],"picked":"Backflip","floor":3.0},{"not_picked":["Dagger Throw","Caltrops"],"picked":"Infinite Blades","floor":5.0},{"not_picked":["Eviscerate","Infinite Blades"],"picked":"Dagger Spray","floor":6.0}],"player_experience":1219132,"relics_obtained":[{"floor":6.0,"key":"Blue Candle"},{"floor":9.0,"key":"Bottled Lightning"}],"event_choices":[{"damage_healed":0.0,"max_hp_gain":0.0,"max_hp_loss":0.0,"gold_gain":0.0,"event_name":"WeMeetAgain","player_choice":"Gave Potion","floor":2.0,"gold_loss":0.0,"damage_taken":0.0,"relics_obtained":["Blood Vial"]},{"cards_removed":["Strike_G"],"damage_healed":0.0,"max_hp_gain":0.0,"max_hp_loss":0.0,"gold_gain":0.0,"event_name":"The Cleric","player_choice":"Card Removal","floor":4.0,"gold_loss":75.0,"damage_taken":0.0}],"is_beta":true,"boss_relics":[],"items_purged_floors":[],"is_endless":false,"potions_floor_spawned":[1],"killed_by":"Gremlin Nob","ascension_level":20}