{"path_per_floor":["M","?","?","M","?","E","$","E","T","R","M","?","R","M","R","B",null,"M","?","?","M","M","M","R"],"character_chosen":"THE_SILENT","items_purchased":["Backflip","Fire Potion"],"gold_per_floor":[113,63,63,82,182,214,43,72,72,72,84,84,84,95,95,196,196,209,209,209,226,239,250,250],"floor_reached":25,"campfire_rested":3,"playtime":1271,"current_hp_per_floor":[70,70,70,70,70,9,9,6,6,27,27,27,48,42,42,32,61,55,55,55,42,13,3,24],"items_purged":["Regret"],"gold":250,"score":264,"play_id":"e2329ca1-07eb-479a-96e5-1052341d4ca1","is_prod":false,"is_daily":false,"is_ascension_mode":true,"campfire_upgraded":1,"path_taken":["M","?","?","M","?","E","$","E","T","R","M","?","R","?","R","BOSS","M","?","?","M","M","?","R","?"],"build_version":"2018-02-15-PROD1","purchased_purges":1,"victory":false,"master_deck":["Defend_G","Defend_G","Defend_G","Defend_G","Defend_G","Strike_G+1","Strike_G","Strike_G","Strike_G","Survivor","Neutralize","Dagger Throw+1","Prepared","Choke+1","Backflip","Die Die Die","Infinite Blades+1","Slice+1","Tactician","Distraction+1","Flying Knee+1","Accuracy"],"max_hp_per_floor":[70,70,70,70,70,70,70,70,70,70,70,70,70,70,70,70,70,70,70,70,70,70,70,70],"relics":["Runic Dome","Ice Cream","Dodecahedron","Molten Egg 2","Philosopher\u0027s Stone","Nloth\u0027s Gift"],"card_choices":[{"not_picked":["Setup","Accuracy"],"picked":"Dagger Throw"},{"not_picked":["Cloak And Dagger","PiercingWail"],"picked":"Prepared"},{"not_picked":["Skewer","Corpse Explosion"],"picked":"Choke"},{"not_picked":["Dodge and Roll","Distraction"],"picked":"Die Die Die"},{"not_picked":["Endless Agony","Escape Plan"],"picked":"Infinite Blades"},{"not_picked":["Catalyst","Deadly Poison"],"picked":"Slice"},{"not_picked":["Wraith Form","Adrenaline"],"picked":"Tactician"},{"not_picked":["Slice","Caltrops"],"picked":"Distraction"},{"not_picked":["Deflect","Eviscerate"],"picked":"Flying Knee"},{"not_picked":["Flechettes","Outmaneuver"],"picked":"Accuracy"}],"player_experience":302370,"potions_floor_usage":[16,22],"damage_taken":[{"damage":0.0,"enemies":"Jaw Worm","floor":1.0,"turns":4.0},{"damage":0.0,"enemies":"2 Louse","floor":4.0,"turns":2.0},{"damage":61.0,"enemies":"Gremlin Nob","floor":6.0,"turns":6.0},{"damage":3.0,"enemies":"Lagavulin","floor":8.0,"turns":6.0},{"damage":0.0,"enemies":"Cultist","floor":11.0,"turns":2.0},{"damage":6,"enemies":"Exordium Thugs","floor":14,"turns":2},{"damage":10,"enemies":"Slime Boss","floor":16,"turns":5},{"damage":6,"enemies":"Chosen","floor":18,"turns":3},{"damage":13,"enemies":"Shell Parasite","floor":21,"turns":3},{"damage":29,"enemies":"Snake Plant","floor":22,"turns":4},{"damage":10,"enemies":"3 Cultists","floor":23,"turns":4},{"damage":24,"enemies":"Slaver and Parasite","floor":25,"turns":1}],"event_choices":[{"event_name":"The Cleric","player_choice":"Card Removal","floor":2.0,"damage_taken":0.0},{"event_name":"Big Fish","player_choice":"Box","floor":3.0,"damage_taken":0.0},{"event_name":"Golden Shrine","player_choice":"Pray","floor":5.0,"damage_taken":0.0},{"event_name":"Upgrade Shrine","player_choice":"Upgraded","floor":12,"damage_taken":0},{"event_name":"N\u0027loth","player_choice":"Traded a Whetstone","floor":19,"damage_taken":0},{"event_name":"Drug Dealer","player_choice":"Ignored","floor":20,"damage_taken":0}],"boss_relics":[{"not_picked":["Calling Bell","Snecko Eye"],"picked":"Philosopher\u0027s Stone"}],"potions_floor_spawned":[4,16],"seed_played":"631240199752499622","killed_by":"Slaver and Parasite","ascension_level":5,"is_trial":false}