{"gold_per_floor":[119,136,22,37,53,53,88,88,88,88,102,22,22,51,51,128,128,144,144,156,156,71,71,82,82,82,82,112,126,126,143,143,143],"floor_reached":33,"playtime":1056,"items_purged":["Strike_R"],"score":550,"play_id":"d18ed112-d05e-45dc-b2b5-83b60424dd73","local_time":"20190503163911","is_ascension_mode":true,"campfire_choices":[{"data":"Bash","floor":6,"key":"SMITH"},{"data":"Armaments","floor":8,"key":"SMITH"},{"data":"Clothesline","floor":13,"key":"SMITH"},{"data":"Spot Weakness","floor":15,"key":"SMITH"},{"data":"Corruption","floor":23,"key":"SMITH"},{"data":"True Grit","floor":27,"key":"SMITH"},{"floor":30,"key":"REST"},{"floor":32,"key":"REST"}],"neow_cost":"NONE","seed_source_timestamp":203100059711071,"circlet_count":0,"master_deck":["AscendersBane","Strike_R","Strike_R","Strike_R","Strike_R","Defend_R","Defend_R","Defend_R","Defend_R","Bash+1","Shrug It Off","Twin Strike","Hemokinesis","Armaments+1","Pommel Strike","Corruption+1","Clothesline+1","Offering","Spot Weakness+1","Impervious","True Grit+1","Havoc","Ghostly","Ghostly","Ghostly"],"relics":["Burning Blood","PreservedInsect","Strawberry","Gambling Chip","Busted Crown","Vajra","Paper Frog","Shuriken"],"potions_floor_usage":[16,33,33],"damage_taken":[{"damage":7,"enemies":"Small Slimes","floor":1,"turns":6},{"damage":6,"enemies":"Cultist","floor":2,"turns":4},{"damage":4,"enemies":"Jaw Worm","floor":4,"turns":4},{"damage":3,"enemies":"2 Fungi Beasts","floor":5,"turns":3},{"damage":23,"enemies":"Lagavulin","floor":7,"turns":7},{"damage":12,"enemies":"3 Louse","floor":11,"turns":4},{"damage":34,"enemies":"3 Sentries","floor":14,"turns":5},{"damage":17,"enemies":"Hexaghost","floor":16,"turns":7},{"damage":9,"enemies":"Spheric Guardian","floor":18,"turns":4},{"damage":21,"enemies":"3 Byrds","floor":20,"turns":6},{"damage":7,"enemies":"Centurion and Healer","floor":24,"turns":5},{"damage":23,"enemies":"Slavers","floor":28,"turns":6},{"damage":6,"enemies":"Snake Plant","floor":29,"turns":5},{"damage":11,"enemies":"Shelled Parasite and Fungi","floor":31,"turns":5},{"damage":41,"enemies":"Champ","floor":33,"turns":9}],"seed_played":"2044062199343356542","potions_obtained":[{"floor":2,"key":"GamblersBrew"},{"floor":10,"key":"Ancient Potion"},{"floor":11,"key":"Strength Potion"},{"floor":18,"key":"GamblersBrew"},{"floor":28,"key":"SteroidPotion"}],"is_trial":false,"path_per_floor":["M","M","$","M","M","R","E","R","T","?","M","$","R","E","R","B",null,"M","?","M","?","?","R","M","$","T","R","E","M","R","M","R","B"],"character_chosen":"IRONCLAD","items_purchased":["Hemokinesis","Offering"],"campfire_rested":2,"item_purchase_floors":[3,12],"current_hp_per_floor":[67,67,67,69,72,72,62,62,62,62,56,56,56,28,28,17,66,63,63,48,41,41,41,40,40,40,40,23,23,35,30,41,0],"gold":143,"neow_bonus":"RANDOM_COMMON_RELIC","is_prod":false,"is_daily":false,"chose_seed":false,"campfire_upgraded":6,"win_rate":0,"timestamp":1556926751,"path_taken":["M","M","$","M","M","R","E","R","T","?","M","?","R","E","R","BOSS","M","?","M","?","?","R","M","?","T","R","E","M","R","M","R","BOSS"],"build_version":"2019-04-23","purchased_purges":1,"victory":false,"max_hp_per_floor":[75,75,75,75,75,75,82,82,82,82,82,82,82,82,82,82,82,82,82,82,41,41,41,41,41,41,41,41,41,41,41,41,41],"card_choices":[{"not_picked":["Twin Strike","Headbutt"],"picked":"Shrug It Off","floor":1},{"not_picked":["Havoc","Heavy Blade"],"picked":"Twin Strike","floor":2},{"not_picked":["Bloodletting","Heavy Blade"],"picked":"Armaments","floor":4},{"not_picked":["Wild Strike","Anger"],"picked":"Pommel Strike","floor":5},{"not_picked":["Pommel Strike","Reckless Charge"],"picked":"Corruption","floor":7},{"not_picked":["Searing Blow","Dual Wield"],"picked":"Clothesline","floor":11},{"not_picked":["Armaments","Combust"],"picked":"Spot Weakness","floor":14},{"not_picked":["Bludgeon","Offering"],"picked":"Impervious","floor":16},{"not_picked":["Corruption"],"picked":"SKIP","floor":18},{"not_picked":[],"picked":"Havoc","floor":20},{"not_picked":["Heavy Blade"],"picked":"SKIP","floor":24},{"not_picked":["Evolve"],"picked":"SKIP","floor":28},{"not_picked":["Rage"],"picked":"SKIP","floor":29},{"not_picked":["Armaments"],"picked":"SKIP","floor":31}],"player_experience":1208447,"relics_obtained":[{"floor":7,"key":"Strawberry"},{"floor":14,"key":"Gambling Chip"},{"floor":26,"key":"Paper Frog"},{"floor":28,"key":"Shuriken"}],"event_choices":[{"damage_healed":0,"gold_gain":0,"player_choice":"Got Potions","damage_taken":0,"max_hp_gain":0,"max_hp_loss":0,"event_name":"Lab","floor":10,"gold_loss":0},{"damage_healed":0,"gold_gain":0,"player_choice":"Read","damage_taken":0,"max_hp_gain":0,"max_hp_loss":0,"event_name":"The Library","floor":19,"gold_loss":0,"cards_obtained":["True Grit"]},{"damage_healed":0,"gold_gain":0,"player_choice":"Became a Ghost","damage_taken":0,"max_hp_gain":0,"max_hp_loss":41,"event_name":"Ghosts","floor":21,"gold_loss":0,"cards_obtained":["Ghostly","Ghostly","Ghostly"]},{"damage_healed":0,"gold_gain":0,"player_choice":"Obtained Relic","damage_taken":0,"relics_obtained":["Vajra"],"max_hp_gain":0,"max_hp_loss":0,"event_name":"Addict","floor":22,"gold_loss":85}],"is_beta":true,"boss_relics":[{"not_picked":["White Beast Statue","Empty Cage"],"picked":"Busted Crown"}],"items_purged_floors":[3],"is_endless":false,"potions_floor_spawned":[2,11,18,24,28,31],"killed_by":"Champ","ascension_level":20}