{"path_per_floor":["M","M","T","M","M","R","?","E","T","?","$","M","M","M","R","B",null,"M","?","M","T","?","R","M","R","T","?","R","M","?","M","R","B",null,"M","M","?","?","?","R","M","M","T","E","M","T","M","M","R","B"],"character_chosen":"IRONCLAD","items_purchased":["Tiny Chest","Toxic Egg 2","Entrench","Dark Shackles","Master of Strategy"],"gold_per_floor":[115,128,202,222,240,240,415,741,793,823,23,35,52,66,66,167,167,167,167,167,167,167,167,167,167,167,92,92,92,92,92,92,92,92,92,92,92,92,92,92,92,92,92,92,92,92,92,92,92,92],"floor_reached":51,"campfire_rested":1,"playtime":2514,"current_hp_per_floor":[80,80,80,80,80,80,80,53,53,46,46,45,42,29,29,11,80,80,80,76,76,76,76,69,69,69,69,69,77,77,80,80,53,80,80,80,80,70,60,80,80,80,80,64,77,77,80,76,76,77],"items_purged":["Doubt"],"gold":92,"score":733,"play_id":"cf77f597-6583-40cb-ab97-9d8f4b848ee3","local_time":"20180409224601","is_prod":false,"is_daily":false,"is_ascension_mode":false,"campfire_upgraded":7,"timestamp":1523328361,"path_taken":["M","M","?","M","M","R","?","E","T","?","$","?","M","?","R","BOSS","M","?","M","?","?","R","?","R","T","?","R","M","?","M","R","BOSS","M","M","?","?","?","R","M","?","T","E","M","?","M","?","R","BOSS"],"build_version":"2018-04-05v2","purchased_purges":1,"victory":true,"master_deck":["Strike_R","Strike_R","Strike_R","Strike_R","Strike_R","Defend_R","Defend_R","Defend_R","Defend_R","Perfected Strike+1","Disarm+1","Barricade+1","Entrench+1","Dark Shackles+1","Master of Strategy+1","Perfected Strike+1","Bludgeon+1","Perfected Strike+1","Shrug It Off+1","Anger+1","Flame Barrier+1","Twin Strike+1","Double Tap+1","Twin Strike+1","Wild Strike+1","Clash+1","Madness+1","Madness+1","Bandage Up+1","Secret Technique+1","Dark Shackles+1","Shrug It Off+1","Wild Strike+1","Dual Wield+1","Thunderclap+1","Thunderclap+1","Shockwave+1"],"max_hp_per_floor":[80,80,80,80,80,80,80,80,80,80,80,80,80,80,80,80,80,80,80,80,80,80,80,80,80,80,80,80,80,80,80,80,80,80,80,80,80,80,80,80,80,80,80,80,80,80,80,80,80,80],"relics":["Burning Blood","Pantograph","Old Coin","Blood Vial","Odd Mushroom","Tiny Chest","Toxic Egg 2","Ectoplasm","Thread and Needle","Gambling Chip","Runic Dome","Omamori","Self Forming Clay","Darkstone Periapt"],"card_choices":[{"not_picked":["Clash","Havoc"],"picked":"Perfected Strike","floor":1},{"not_picked":["Flex","Body Slam"],"picked":"Disarm","floor":4},{"not_picked":["Armaments","Iron Wave"],"picked":"Hemokinesis","floor":5},{"not_picked":["Flex","Seeing Red"],"picked":"Barricade","floor":10},{"not_picked":["Clothesline","True Grit"],"picked":"Perfected Strike","floor":13},{"not_picked":["Exhume","Immolate"],"picked":"Bludgeon","floor":16},{"not_picked":["Iron Wave","Bloodletting"],"picked":"Perfected Strike","floor":18},{"not_picked":["Warcry","Heavy Blade"],"picked":"Shrug It Off","floor":24},{"not_picked":["Corruption","Thunderclap"],"picked":"Anger","floor":29},{"not_picked":["Anger","Body Slam"],"picked":"Twin Strike","floor":31},{"not_picked":["Immolate","Bludgeon"],"picked":"Double Tap","floor":33},{"not_picked":["Carnage","True Grit"],"picked":"Twin Strike","floor":35},{"not_picked":["Iron Wave","Body Slam"],"picked":"Wild Strike","floor":36},{"not_picked":["Madness","Enlightenment"],"picked":"Bandage Up","floor":39},{"not_picked":["Purity","Panacea"],"picked":"Secret Technique","floor":39},{"not_picked":["Panacea","Master of Strategy"],"picked":"Dark Shackles","floor":39},{"not_picked":["Iron Wave","Havoc"],"picked":"Shrug It Off","floor":41},{"not_picked":["Clothesline","Dark Embrace"],"picked":"Wild Strike","floor":42},{"not_picked":["Heavy Blade","Pummel"],"picked":"Dual Wield","floor":44},{"not_picked":["Anger","Havoc"],"picked":"Thunderclap","floor":45},{"not_picked":["Carnage","Armaments"],"picked":"Thunderclap","floor":47},{"not_picked":["Armaments","Fire Breathing"],"picked":"Shockwave","floor":48}],"player_experience":796088,"potions_floor_usage":[8,10,13,20,20,31,33,42,47,50],"damage_taken":[{"damage":4,"enemies":"Cultist","floor":1,"turns":4},{"damage":0,"enemies":"Small Slimes","floor":2,"turns":4},{"damage":6,"enemies":"Jaw Worm","floor":4,"turns":3},{"damage":6,"enemies":"Looter","floor":5,"turns":3},{"damage":33,"enemies":"3 Sentries","floor":8,"turns":9},{"damage":15,"enemies":"The Mushroom Lair","floor":10,"turns":5},{"damage":9,"enemies":"Red Slaver","floor":12,"turns":6},{"damage":11,"enemies":"Gremlin Gang","floor":13,"turns":6},{"damage":21,"enemies":"Lots of Slimes","floor":14,"turns":5},{"damage":51,"enemies":"The Guardian","floor":16,"turns":15},{"damage":5,"enemies":"Shell Parasite","floor":18,"turns":3},{"damage":10,"enemies":"Spheric Guardian","floor":20,"turns":4},{"damage":15,"enemies":"Centurion and Healer","floor":24,"turns":6},{"damage":0,"enemies":"Sentry and Sphere","floor":29,"turns":3},{"damage":0,"enemies":"Cultist and Chosen","floor":31,"turns":7},{"damage":33,"enemies":"Automaton","floor":33,"turns":12},{"damage":0,"enemies":"3 Shapes","floor":35,"turns":5},{"damage":4,"enemies":"3 Darklings","floor":36,"turns":6},{"damage":6,"enemies":"Sphere and 2 Shapes","floor":41,"turns":4},{"damage":0,"enemies":"4 Shapes","floor":42,"turns":4},{"damage":28,"enemies":"Giant Head","floor":44,"turns":7},{"damage":1,"enemies":"Maw","floor":45,"turns":5},{"damage":0,"enemies":"Sphere and 2 Shapes","floor":47,"turns":2},{"damage":16,"enemies":"4 Shapes","floor":48,"turns":4},{"damage":15,"enemies":"Awakened One","floor":50,"turns":13}],"event_choices":[{"event_name":"Liars Game","player_choice":"agreed","floor":7,"damage_taken":0},{"event_name":"Mushrooms","player_choice":"Fought Mushrooms","floor":10,"damage_taken":0},{"event_name":"Vampires","player_choice":"Ignored","floor":19,"damage_taken":0},{"event_name":"Drug Dealer","player_choice":"Ignored","floor":22,"damage_taken":0},{"event_name":"Beggar","player_choice":"Gave Gold","floor":27,"damage_taken":0},{"event_name":"The Library","player_choice":"Read","floor":30,"damage_taken":0},{"event_name":"Transmorgrifier","player_choice":"Transform","floor":37,"damage_taken":0},{"event_name":"Winding Halls","player_choice":"Embrace Madness","floor":38,"damage_taken":0},{"event_name":"SensoryStone","player_choice":"Memory 3","floor":39,"damage_taken":0}],"boss_relics":[{"not_picked":["Tiny House","Philosopher\u0027s Stone"],"picked":"Ectoplasm"},{"not_picked":["Velvet Choker","Eternal Feather"],"picked":"Runic Dome"}],"potions_floor_spawned":[2,4,12,14,16,18,31,41,45,47],"seed_played":"5023892094122560448","ascension_level":0,"is_trial":false}