{"gold_per_floor":[117,137,153,153,12,12,25,25,25,25,25,53,53,53],"floor_reached":14,"playtime":1065,"items_purged":[],"score":176,"play_id":"fdb46e73-53b2-43c6-92bf-163d265f0b1c","local_time":"20190406041848","is_ascension_mode":true,"campfire_choices":[{"data":"Infinite Blades","floor":6,"key":"SMITH"},{"data":"Poisoned Stab","floor":8,"key":"SMITH"},{"data":"Neutralize","floor":10,"key":"SMITH"}],"neow_cost":"PERCENT_DAMAGE","seed_source_timestamp":410158363009663,"circlet_count":0,"master_deck":["AscendersBane","Defend_G","Defend_G","Defend_G","Defend_G","Defend_G","Strike_G","Strike_G","Strike_G","Strike_G","Survivor","Neutralize+1","Quick Slash","Cloak And Dagger","Dodge and Roll","Infinite Blades+1","PiercingWail","Poisoned Stab+1","Dodge and Roll"],"relics":["Ring of the Snake","Incense Burner","Frozen Egg 2","Bottled Tornado"],"potions_floor_usage":[12,14],"damage_taken":[{"damage":1,"enemies":"Cultist","floor":1,"turns":6},{"damage":0,"enemies":"2 Louse","floor":2,"turns":3},{"damage":1,"enemies":"Small Slimes","floor":3,"turns":6},{"damage":4,"enemies":"3 Louse","floor":7,"turns":5},{"damage":19,"enemies":"3 Sentries","floor":12,"turns":7},{"damage":18,"enemies":"Lagavulin","floor":14,"turns":6}],"seed_played":"2837006737862398582","potions_obtained":[{"floor":2,"key":"PowerPotion"},{"floor":12,"key":"LiquidBronze"}],"is_trial":false,"path_per_floor":["M","M","M","?","$","R","M","R","T","R","?","E","?","E"],"character_chosen":"THE_SILENT","items_purchased":["Infinite Blades","PiercingWail"],"campfire_rested":0,"item_purchase_floors":[5,5],"current_hp_per_floor":[43,43,42,35,35,35,31,31,31,31,31,12,12,0],"gold":53,"neow_bonus":"ONE_RARE_RELIC","is_prod":false,"is_daily":false,"chose_seed":false,"campfire_upgraded":3,"win_rate":0,"timestamp":1554538728,"path_taken":["M","M","?","?","$","R","M","R","T","R","?","E","?","E"],"build_version":"2019-01-23","purchased_purges":0,"victory":false,"max_hp_per_floor":[66,66,66,66,66,66,66,66,66,66,66,66,66,66],"card_choices":[{"not_picked":["Sucker Punch","Bane"],"picked":"Quick Slash","floor":1},{"not_picked":["Underhanded Strike","Backflip"],"picked":"Cloak And Dagger","floor":2},{"not_picked":["Riddle With Holes","Deflect"],"picked":"Dodge and Roll","floor":3},{"not_picked":["Deadly Poison","Doppelganger"],"picked":"Poisoned Stab","floor":7},{"not_picked":["Underhanded Strike","Distraction"],"picked":"Dodge and Roll","floor":12}],"player_experience":1656920,"relics_obtained":[{"floor":9,"key":"Frozen Egg 2"},{"floor":12,"key":"Bottled Tornado"}],"event_choices":[{"cards_removed":["Strike_G"],"damage_healed":0,"gold_gain":0,"player_choice":"Card Removal","damage_taken":7,"max_hp_gain":0,"max_hp_loss":0,"event_name":"Golden Wing","floor":4,"gold_loss":0},{"damage_healed":0,"gold_gain":0,"player_choice":"Ignored","damage_taken":0,"max_hp_gain":0,"max_hp_loss":0,"event_name":"Liars Game","floor":11,"gold_loss":0},{"damage_healed":0,"gold_gain":0,"player_choice":"Ignored","damage_taken":0,"max_hp_gain":0,"max_hp_loss":0,"event_name":"Shining Light","floor":13,"gold_loss":0}],"is_beta":false,"boss_relics":[],"items_purged_floors":[],"is_endless":false,"potions_floor_spawned":[2,12],"killed_by":"Lagavulin","ascension_level":20}