{"gold_per_floor":[111,111,131,150,211,211,243,259,311,311,330,362,362,377,377,377],"floor_reached":16,"playtime":939,"items_purged":[],"score":228,"play_id":"e9d7d652-6d6e-409a-8f0e-ff15b7b4eefb","local_time":"20190504131011","is_ascension_mode":true,"campfire_choices":[{"data":"Poisoned Stab","floor":6.0,"key":"SMITH"},{"floor":10.0,"key":"REST"},{"data":"Neutralize","floor":13.0,"key":"SMITH"},{"data":"After Image","floor":15.0,"key":"SMITH"}],"neow_cost":"NONE","seed_source_timestamp":1018987043596868,"circlet_count":0,"master_deck":["AscendersBane","Defend_G","Defend_G","Defend_G","Defend_G","Defend_G","Strike_G","Strike_G","Strike_G","Strike_G","Strike_G","Survivor","Neutralize+1","Poisoned Stab+1","Deadly Poison","Dagger Spray","Crippling Poison","Dash","Dagger Throw","After Image+1","Leg Sweep"],"special_seed":0,"relics":["Ring of the Snake","SsserpentHead","Incense Burner","Art of War","Darkstone Periapt"],"potions_floor_usage":[16,16],"damage_taken":[{"damage":7.0,"enemies":"Jaw Worm","floor":1.0,"turns":7.0},{"damage":3.0,"enemies":"Cultist","floor":3.0,"turns":4.0},{"damage":0.0,"enemies":"2 Louse","floor":4.0,"turns":2.0},{"damage":9.0,"enemies":"2 Fungi Beasts","floor":5.0,"turns":4.0},{"damage":44.0,"enemies":"Gremlin Nob","floor":7.0,"turns":5.0},{"damage":1.0,"enemies":"Looter","floor":8.0,"turns":4.0},{"damage":0.0,"enemies":"Exordium Thugs","floor":11.0,"turns":5.0},{"damage":6.0,"enemies":"3 Sentries","floor":12.0,"turns":10.0},{"damage":12.0,"enemies":"3 Louse","floor":14.0,"turns":2.0},{"damage":5,"enemies":"Hexaghost","floor":16,"turns":7}],"seed_played":"8460500845923065297","potions_obtained":[{"floor":11.0,"key":"Weak Potion"},{"floor":12.0,"key":"LiquidBronze"},{"floor":14.0,"key":"Poison Potion"}],"is_trial":false,"path_per_floor":["M","?","M","M","M","R","E","M","T","R","M","E","R","M","R","B"],"character_chosen":"THE_SILENT","items_purchased":[],"campfire_rested":1,"item_purchase_floors":[],"current_hp_per_floor":[58,58,55,55,46,46,2,1,1,22,22,16,16,4,4,0],"gold":377,"neow_bonus":"TEN_PERCENT_HP_BONUS","is_prod":false,"is_daily":false,"chose_seed":false,"campfire_upgraded":3,"win_rate":0,"timestamp":1556989811,"path_taken":["M","?","M","M","?","R","E","M","T","R","M","E","R","M","R","BOSS"],"build_version":"2019-01-23","purchased_purges":0,"victory":false,"max_hp_per_floor":[72,72,72,72,72,72,72,72,72,72,72,72,72,72,72,72],"card_choices":[{"not_picked":["Slice","Quick Slash"],"picked":"Poisoned Stab","floor":1.0},{"not_picked":["Terror","Underhanded Strike","Sucker Punch"],"picked":"SKIP","floor":3.0},{"not_picked":["Backflip","Prepared"],"picked":"Deadly Poison","floor":4.0},{"not_picked":["Poisoned Stab","Bane"],"picked":"Dagger Spray","floor":5.0},{"not_picked":["Doppelganger","Eviscerate"],"picked":"Crippling Poison","floor":7.0},{"not_picked":["Dodge and Roll","Blade Dance"],"picked":"Dash","floor":8.0},{"not_picked":["Slice","Outmaneuver"],"picked":"Dagger Throw","floor":11.0},{"not_picked":["Flechettes","Crippling Poison"],"picked":"After Image","floor":12.0},{"not_picked":["Poisoned Stab","Eviscerate"],"picked":"Leg Sweep","floor":14.0}],"player_experience":2344887,"relics_obtained":[{"floor":7.0,"key":"Incense Burner"},{"floor":9.0,"key":"Art of War"},{"floor":12.0,"key":"Darkstone Periapt"}],"event_choices":[{"damage_healed":0.0,"max_hp_gain":0.0,"max_hp_loss":0.0,"gold_gain":0.0,"event_name":"FaceTrader","player_choice":"Trade","floor":2.0,"gold_loss":0.0,"damage_taken":0.0,"relics_obtained":["SsserpentHead"]}],"is_beta":false,"boss_relics":[],"items_purged_floors":[],"is_endless":false,"potions_floor_spawned":[11,12,14],"killed_by":"Hexaghost","ascension_level":20}