{"path_per_floor":["M","M","M","?","M","E","M","$","T","M","E","?","E","M","R","B",null,"M","M","M","$","M"],"character_chosen":"THE_SILENT","items_purchased":["After Image","Bandage Up"],"gold_per_floor":[119,135,150,150,165,191,208,52,52,62,87,87,121,139,139,243,243,225,240,251,47,65],"floor_reached":23,"campfire_rested":0,"playtime":3034,"current_hp_per_floor":[68,68,56,56,51,37,36,36,36,21,11,34,10,10,10,31,70,40,54,44,44,48],"items_purged":["Strike_G","Strike_G"],"gold":65,"play_id":"edf2b4b2-5dc7-4604-bf7a-e65d639263c8","is_prod":false,"is_daily":false,"is_ascension_mode":false,"campfire_upgraded":1,"path_taken":["M","M","M","?","M","E","M","$","T","M","E","?","E","M","R","BOSS","M","M","M","$","M","E"],"build_version":"2018-02-01-PROD3","purchased_purges":2,"victory":false,"master_deck":["Defend_G","Defend_G","Defend_G","Defend_G","Defend_G","Strike_G","Strike_G","Strike_G","Survivor","Neutralize","Deadly Poison","Escape Plan","Crippling Poison+1","Footwork","Quick Slash","Deadly Poison","After Image+1","Deadly Poison","Poisoned Stab","Envenom","Deadly Poison","Bouncing Flask+1","Heel Hook+1","Bandage Up","Flechettes"],"max_hp_per_floor":[70,70,70,70,70,70,70,70,70,70,70,70,70,70,70,70,70,70,70,70,70,70],"relics":["Ring of the Snake","Juzu Bracelet","Pantograph","Happy Flower","Calipers","Black Star"],"card_choices":[{"not_picked":["Slice","Backflip"],"picked":"Deadly Poison"},{"not_picked":["Dagger Throw","Deflect"],"picked":"Escape Plan"},{"not_picked":["Finisher","Predator"],"picked":"Crippling Poison"},{"not_picked":["Adrenaline","Slice"],"picked":"Footwork"},{"not_picked":["PiercingWail","Calculated Gamble"],"picked":"Quick Slash"},{"not_picked":["Outmaneuver","Dodge and Roll"],"picked":"Deadly Poison"},{"not_picked":["Predator","Endless Agony"],"picked":"Deadly Poison"},{"not_picked":["Dagger Spray","Eviscerate"],"picked":"Poisoned Stab"},{"not_picked":["Glass Knife","A Thousand Cuts"],"picked":"Envenom"},{"not_picked":["PiercingWail","Prepared"],"picked":"Deadly Poison"},{"not_picked":["Well Laid Plans","Riddle With Holes"],"picked":"Bouncing Flask"},{"not_picked":["Flying Knee","Deflect"],"picked":"Heel Hook"},{"not_picked":["Flying Knee","Blade Dance"],"picked":"Flechettes"}],"player_experience":6959,"potions_floor_usage":[16,19,20,22,23,23,23],"damage_taken":[{"damage":2,"enemies":"Blue Slaver","floor":1,"turns":6},{"damage":0,"enemies":"Small Slimes","floor":2,"turns":3},{"damage":12,"enemies":"2 Louse","floor":3,"turns":2},{"damage":5,"enemies":"Red Slaver","floor":5,"turns":5},{"damage":14,"enemies":"3 Sentries","floor":6,"turns":12},{"damage":1,"enemies":"2 Fungi Beasts","floor":7,"turns":5},{"damage":15,"enemies":"Lots of Slimes","floor":10,"turns":7},{"damage":10,"enemies":"Gremlin Nob","floor":11,"turns":5},{"damage":24,"enemies":"3 Sentries","floor":13,"turns":12},{"damage":0,"enemies":"Looter","floor":14,"turns":4},{"damage":4,"enemies":"Hexaghost","floor":16,"turns":9},{"damage":30,"enemies":"2 Thieves","floor":18,"turns":4},{"damage":1,"enemies":"Chosen","floor":19,"turns":6},{"damage":10,"enemies":"Snecko","floor":20,"turns":6},{"damage":0,"enemies":"Snake Plant","floor":22,"turns":5},{"damage":56,"enemies":"Slavers","floor":23,"turns":4}],"event_choices":[{"event_name":"Living Wall","player_choice":"Grow","floor":4,"damage_taken":0},{"event_name":"Big Fish","player_choice":"Banana","floor":12,"damage_taken":0}],"boss_relics":[{"not_picked":["The Specimen","Tiny House"],"picked":"Black Star"}],"potions_floor_spawned":[2,6,10,11,13,14,16,19,20,22],"seed_played":"253204332556518979","killed_by":"Slavers","ascension_level":0,"is_trial":false}