{"path_per_floor":["M","?","T","?","M","E","?","R","T","R","M","E","R","M","R","B",null,"M","M","M","?","?","R","E","?","T","E","$","M","M","?","R"],"character_chosen":"IRONCLAD","items_purchased":["Membership Card","Juzu Bracelet","Panacea"],"gold_per_floor":[112,112,112,112,126,152,252,252,252,252,269,302,302,321,321,416,416,427,437,453,453,378,378,410,410,460,487,45,60,77,77,77],"floor_reached":33,"campfire_rested":1,"playtime":1503,"current_hp_per_floor":[77,82,82,65,67,46,46,46,46,46,45,43,43,48,48,43,75,81,69,58,58,58,58,49,33,33,15,15,8,14,14,39],"items_purged":["Pain"],"gold":77,"score":440,"play_id":"3e286de7-dcff-4810-9f04-92f81a5e534b","local_time":"20180315191027","is_prod":false,"is_daily":false,"is_ascension_mode":true,"campfire_upgraded":5,"timestamp":1521155427,"path_taken":["M","?","?","?","M","E","?","R","T","R","M","E","R","M","R","BOSS","M","?","?","?","?","R","E","?","T","E","$","M","M","?","R","BOSS"],"build_version":"2018-03-09","purchased_purges":1,"victory":false,"master_deck":["Strike_R+1","Strike_R","Strike_R","Strike_R","Strike_R","Defend_R+1","Defend_R+1","Defend_R+1","Defend_R","Bash+1","Parasite","Fiend Fire+1","Inflame+1","Pummel","Flame Barrier+1","Dark Embrace+1","Regret","Battle Trance+1","Body Slam+1","Fiend Fire+1","Immolate","Panacea","Body Slam+1","Decay"],"max_hp_per_floor":[80,85,85,85,85,85,85,85,85,85,85,85,85,85,85,85,85,85,85,85,85,85,85,85,85,85,85,85,85,85,85,85],"relics":["Burning Blood","Dead Branch","Bronze Scales","Gambling Chip","Blue Candle","Calling Bell","Matryoshka","Smiling Mask","War Paint","Gremlin Horn","Nilry\u0027s Codex","Dodecahedron","Anchor","Mummified Hand","Membership Card","Juzu Bracelet"],"card_choices":[{"not_picked":["Body Slam","Perfected Strike"],"picked":"Inflame"},{"not_picked":["Anger","Clothesline"],"picked":"Pummel"},{"not_picked":["Seeing Red","Wild Strike"],"picked":"Flame Barrier"},{"not_picked":["Demon Form","Brutality"],"picked":"Dark Embrace"},{"not_picked":["Headbutt","Thunderclap"],"picked":"Battle Trance"},{"not_picked":["Perfected Strike","True Grit"],"picked":"Body Slam"},{"not_picked":["Flex","Sever Soul"],"picked":"Immolate"},{"not_picked":["Perfected Strike","Sword Boomerang"],"picked":"Body Slam"}],"player_experience":516694,"potions_floor_usage":[16,18,19,27,30,33],"damage_taken":[{"damage":1,"enemies":"Cultist","floor":1,"turns":3},{"damage":4,"enemies":"2 Louse","floor":5,"turns":3},{"damage":27,"enemies":"Lagavulin","floor":6,"turns":7},{"damage":7,"enemies":"Jaw Worm","floor":11,"turns":2},{"damage":8,"enemies":"Gremlin Nob","floor":12,"turns":3},{"damage":1,"enemies":"Large Slime","floor":14,"turns":4},{"damage":11,"enemies":"Slime Boss","floor":16,"turns":3},{"damage":0,"enemies":"Spheric Guardian","floor":18,"turns":1},{"damage":18,"enemies":"Shell Parasite","floor":19,"turns":3},{"damage":17,"enemies":"Chosen and Byrds","floor":20,"turns":4},{"damage":15,"enemies":"Book of Stabbing","floor":24,"turns":2},{"damage":24,"enemies":"Slavers","floor":27,"turns":3},{"damage":13,"enemies":"Snake Plant","floor":29,"turns":3},{"damage":0,"enemies":"Cultist and Chosen","floor":30,"turns":3},{"damage":48,"enemies":"Automaton","floor":33,"turns":4}],"event_choices":[{"event_name":"Big Fish","player_choice":"Donut","floor":2,"damage_taken":0},{"event_name":"Shining Light","player_choice":"Entered Light","floor":4,"damage_taken":0},{"event_name":"Wheel of Change","player_choice":"Gold","floor":7,"damage_taken":0},{"event_name":"Duplicator","player_choice":"One dupe","floor":21,"damage_taken":0},{"event_name":"Beggar","player_choice":"Gave Gold","floor":22,"damage_taken":0},{"event_name":"Cursed Tome","player_choice":"Obtained Book","floor":25,"damage_taken":0},{"event_name":"Forgotten Altar","player_choice":"Smashed Altar","floor":31,"damage_taken":0}],"boss_relics":[{"not_picked":["Runic Dome","Orrery"],"picked":"Calling Bell"}],"potions_floor_spawned":[6,12,16,20,27,30],"seed_played":"-207936606121073886","killed_by":"Automaton","ascension_level":10,"is_trial":false}