{"gold_per_floor":[114,131,181,197,269,269,269,269,269,294,308,308,323,333,333,404,404,415,122,122,122,139,168,168,195,195,195,285,301,332,349,349,420,420,439,439,484,55,55,90,190,217,277,315,327,117,142,154,154,154,154,154,154,48,78,78],"floor_reached":57,"playtime":3447,"items_purged":["Strike_G","Strike_G"],"score":3198,"play_id":"27f14409-9c99-4184-98a6-260ea4d59006","local_time":"20190507221900","is_ascension_mode":true,"campfire_choices":[{"data":"Noxious Fumes","floor":6,"key":"SMITH"},{"data":"Deadly Poison","floor":8,"key":"SMITH"},{"floor":12,"key":"REST"},{"data":"Well Laid Plans","floor":15,"key":"SMITH"},{"floor":24,"key":"REST"},{"floor":27,"key":"REST"},{"data":"Wraith Form v2","floor":32,"key":"SMITH"},{"data":"Footwork","floor":45,"key":"SMITH"},{"floor":49,"key":"RECALL"},{"data":"Survivor","floor":53,"key":"SMITH"}],"neow_cost":"NONE","seed_source_timestamp":45159635980922,"circlet_count":0,"master_deck":["AscendersBane","Defend_G","Defend_G","Defend_G","Defend_G","Defend_G","Strike_G","Strike_G","Survivor+1","Neutralize+1","Noxious Fumes+1","Well Laid Plans+1","Deadly Poison+1","Crippling Poison+1","Crippling Poison+1","Malaise+1","Dodge and Roll+1","Backflip+1","Deflect+1","Bouncing Flask+1","Wraith Form v2+1","After Image","Dodge and Roll+1","Leg Sweep+1","Catalyst+1","Footwork+1","Backflip+1","Bouncing Flask+1","Blur+1","Wraith Form v2+1","PiercingWail+1","Acrobatics+1","PiercingWail+1","Acrobatics+1"],"relics":["Ring of the Snake","Mercury Hourglass","Toxic Egg 2","Bottled Tornado","Sozu","ClockworkSouvenir","Letter Opener","Bag of Marbles","Ice Cream","Art of War","Blood Vial","Snecko Eye","Dead Branch","Anchor","Gremlin Horn","Matryoshka","Torii","MawBank","PreservedInsect","Orichalcum","DollysMirror","Lantern","Blue Candle"],"potions_floor_usage":[16,56],"damage_taken":[{"damage":4,"enemies":"2 Louse","floor":1,"turns":3},{"damage":0,"enemies":"Cultist","floor":2,"turns":4},{"damage":0,"enemies":"Jaw Worm","floor":4,"turns":7},{"damage":26,"enemies":"Gremlin Nob","floor":10,"turns":4},{"damage":1,"enemies":"3 Louse","floor":11,"turns":3},{"damage":11,"enemies":"Exordium Wildlife","floor":13,"turns":4},{"damage":4,"enemies":"Exordium Thugs","floor":14,"turns":4},{"damage":9,"enemies":"The Guardian","floor":16,"turns":10},{"damage":6,"enemies":"Shell Parasite","floor":18,"turns":5},{"damage":1,"enemies":"Chosen","floor":22,"turns":6},{"damage":2,"enemies":"Book of Stabbing","floor":23,"turns":6},{"damage":15,"enemies":"Slavers","floor":25,"turns":3},{"damage":0,"enemies":"Centurion and Healer","floor":29,"turns":5},{"damage":4,"enemies":"Book of Stabbing","floor":30,"turns":7},{"damage":0,"enemies":"Snecko","floor":31,"turns":6},{"damage":26,"enemies":"Champ","floor":33,"turns":12},{"damage":0,"enemies":"Orb Walker","floor":35,"turns":4},{"damage":6,"enemies":"2 Orb Walkers","floor":37,"turns":4},{"damage":0,"enemies":"Reptomancer","floor":40,"turns":3},{"damage":0,"enemies":"Mind Bloom Boss Battle","floor":41,"turns":5},{"damage":0,"enemies":"Giant Head","floor":42,"turns":7},{"damage":0,"enemies":"Nemesis","floor":44,"turns":5},{"damage":0,"enemies":"Reptomancer","floor":47,"turns":4},{"damage":0,"enemies":"3 Shapes","floor":48,"turns":3},{"damage":0,"enemies":"Donu and Deca","floor":50,"turns":9},{"damage":1,"enemies":"Awakened One","floor":51,"turns":15},{"damage":0,"enemies":"Shield and Spear","floor":55,"turns":5},{"damage":12,"enemies":"The Heart","floor":56,"turns":7}],"seed_played":"-6513584127371406731","potions_obtained":[{"floor":1,"key":"GamblersBrew"},{"floor":2,"key":"Swift Potion"},{"floor":16,"key":"Energy Potion"}],"is_trial":false,"path_per_floor":["M","M","?","M","T","R","?","R","T","E","M","R","M","M","R","B",null,"M","$","?","T","M","E","R","E","T","R","?","M","E","M","R","B",null,"M","?","?","$","T","E","?","E","T","E","R","$","E","M","R","B","B",null,"R","$","E","B",null],"character_chosen":"THE_SILENT","items_purchased":["ClockworkSouvenir","Catalyst+1","Footwork","Anchor","DollysMirror","PiercingWail+1","Acrobatics+1"],"campfire_rested":3,"item_purchase_floors":[19,38,38,38,46,54,54],"current_hp_per_floor":[55,55,55,55,55,55,48,48,48,22,21,40,29,25,25,16,54,48,48,30,30,29,27,48,33,33,54,40,40,36,38,38,14,57,59,59,55,55,55,57,59,61,61,63,63,63,65,67,67,67,66,67,67,67,67,55],"gold":78,"neow_bonus":"UPGRADE_CARD","is_prod":false,"is_daily":false,"chose_seed":false,"campfire_upgraded":6,"win_rate":0,"timestamp":1557292740,"path_taken":["M","M","?","?","?","R","?","R","T","E","M","R","M","M","R","BOSS","M","$","?","?","?","E","R","E","T","R","?","?","E","M","R","BOSS","M","?","?","$","?","E","?","E","T","E","R","?","E","M","R","BOSS","BOSS","R","$","E","BOSS"],"build_version":"2019-04-23","purchased_purges":2,"victory":true,"max_hp_per_floor":[66,66,66,66,66,66,66,66,66,66,66,66,66,66,66,66,66,66,66,71,71,71,71,71,71,71,71,71,71,71,71,71,71,71,71,67,67,67,67,67,67,67,67,67,67,67,67,67,67,67,67,67,67,67,67,67],"card_choices":[{"not_picked":["Deflect","Well Laid Plans"],"picked":"Noxious Fumes","floor":1},{"not_picked":["Acrobatics","Backstab"],"picked":"Well Laid Plans","floor":2},{"not_picked":["Flying Knee","Heel Hook"],"picked":"Deadly Poison","floor":4},{"not_picked":["A Thousand Cuts","Dash"],"picked":"Crippling Poison+1","floor":10},{"not_picked":["Dagger Spray","Blade Dance+1","Heel Hook"],"picked":"SKIP","floor":11},{"not_picked":["Catalyst+1","Underhanded Strike"],"picked":"Crippling Poison+1","floor":13},{"not_picked":["Underhanded Strike","Slice","Caltrops"],"picked":"SKIP","floor":14},{"not_picked":["Storm of Steel+1","Doppelganger+1"],"picked":"Malaise+1","floor":16},{"not_picked":["All Out Attack","Blade Dance+1","Caltrops"],"picked":"SKIP","floor":18},{"not_picked":["Infinite Blades","Slice","Outmaneuver+1"],"picked":"SKIP","floor":22},{"not_picked":["Infinite Blades","Slice","Outmaneuver+1"],"picked":"SKIP","floor":22},{"not_picked":["Concentrate+1","Flying Knee"],"picked":"Dodge and Roll+1","floor":23},{"not_picked":["Dodge and Roll+1","Leg Sweep+1"],"picked":"Backflip+1","floor":25},{"not_picked":["Finisher","Bane"],"picked":"Deflect+1","floor":29},{"not_picked":["Reflex+1","Well Laid Plans"],"picked":"Bouncing Flask+1","floor":30},{"not_picked":["Deadly Poison+1","Flying Knee"],"picked":"Wraith Form v2","floor":31},{"not_picked":["Phantasmal Killer+1","Glass Knife"],"picked":"After Image","floor":33},{"not_picked":["Dagger Throw","Blade Dance+1"],"picked":"Dodge and Roll+1","floor":35},{"not_picked":["Flying Knee+1","Noxious Fumes"],"picked":"Leg Sweep+1","floor":37},{"not_picked":["Riddle With Holes+1","All Out Attack","Terror+1"],"picked":"SKIP","floor":40},{"not_picked":["Underhanded Strike","Noxious Fumes"],"picked":"Backflip+1","floor":41},{"not_picked":["Dagger Spray+1","Quick Slash"],"picked":"Bouncing Flask+1","floor":42},{"not_picked":["Endless Agony","Dagger Throw"],"picked":"Blur+1","floor":44},{"not_picked":["Predator","Choke+1"],"picked":"PiercingWail+1","floor":47},{"not_picked":["Concentrate+1","A Thousand Cuts"],"picked":"Acrobatics+1","floor":48},{"not_picked":["Riddle With Holes+1","Escape Plan+1","Heel Hook"],"picked":"SKIP","floor":55}],"player_experience":6255497,"relics_obtained":[{"floor":5,"key":"Mercury Hourglass"},{"floor":9,"key":"Toxic Egg 2"},{"floor":10,"key":"Bottled Tornado"},{"floor":21,"key":"Letter Opener"},{"floor":23,"key":"Bag of Marbles"},{"floor":25,"key":"Ice Cream"},{"floor":26,"key":"Art of War"},{"floor":30,"key":"Blood Vial"},{"floor":37,"key":"Dead Branch"},{"floor":39,"key":"Gremlin Horn"},{"floor":40,"key":"Matryoshka"},{"floor":41,"key":"Torii"},{"floor":42,"key":"MawBank"},{"floor":43,"key":"PreservedInsect"},{"floor":44,"key":"Orichalcum"},{"floor":47,"key":"Lantern"},{"floor":55,"key":"Blue Candle"}],"event_choices":[{"damage_healed":0,"gold_gain":50,"player_choice":"Pray","damage_taken":0,"max_hp_gain":0,"max_hp_loss":0,"event_name":"Golden Shrine","floor":3,"gold_loss":0},{"cards_removed":["Strike_G"],"damage_healed":0,"gold_gain":0,"player_choice":"Card Removal","damage_taken":7,"max_hp_gain":0,"max_hp_loss":0,"event_name":"Golden Wing","floor":7,"gold_loss":0},{"damage_healed":0,"gold_gain":0,"player_choice":"Shed Blood","damage_taken":23,"max_hp_gain":5,"max_hp_loss":0,"event_name":"Forgotten Altar","floor":20,"gold_loss":0},{"damage_healed":0,"gold_gain":90,"player_choice":"GOLD ","damage_taken":14,"max_hp_gain":0,"max_hp_loss":0,"event_name":"Knowing Skull","floor":28,"potions_obtained":[],"gold_loss":0,"cards_obtained":[]},{"damage_healed":0,"gold_gain":0,"player_choice":"Max HP","damage_taken":0,"max_hp_gain":0,"max_hp_loss":4,"event_name":"Winding Halls","floor":36,"gold_loss":0},{"damage_healed":0,"gold_gain":0,"player_choice":"Fight","damage_taken":0,"max_hp_gain":0,"max_hp_loss":0,"event_name":"Mysterious Sphere","floor":37,"gold_loss":0},{"damage_healed":0,"gold_gain":0,"player_choice":"Fight","damage_taken":0,"max_hp_gain":0,"max_hp_loss":0,"event_name":"MindBloom","floor":41,"gold_loss":0}],"is_beta":true,"boss_relics":[{"not_picked":["Runic Dome","Busted Crown"],"picked":"Sozu"},{"not_picked":["Pandora\u0027s Box","Eternal Feather"],"picked":"Snecko Eye"}],"items_purged_floors":[19,38],"is_endless":false,"potions_floor_spawned":[1,2,4,16,22,23,29,33,42,44,47],"ascension_level":20}