{"gold_per_floor":[115,129,129,144,160,191,191,116,140,173,173,22,63,79,79,170,170,189,189,6,22,22,22,56,69,150,150,166,197,6,21,21,98,98,118,39,56,56,71,171,171,20,20,55,55,55,66,91,91,91,91,91,53,53],"floor_reached":54,"playtime":2353,"items_purged":["Strike_B","Strike_B"],"score":1343,"play_id":"d6644385-c435-4700-8e71-784140f01bd5","local_time":"20190323000931","is_ascension_mode":true,"campfire_choices":[{"data":"Darkness","floor":7.0,"key":"SMITH"},{"floor":11.0,"key":"REST"},{"data":"Darkness","floor":15.0,"key":"SMITH"},{"data":"Redo","floor":23.0,"key":"SMITH"},{"floor":32.0,"key":"REST"},{"floor":41,"key":"RECALL"},{"data":"Defragment","floor":45,"key":"SMITH"},{"data":"Loop","floor":49,"key":"SMITH"},{"data":"Force Field","floor":52,"key":"SMITH"}],"neow_cost":"NONE","seed_source_timestamp":822513056303292,"circlet_count":0,"master_deck":["AscendersBane","Defend_B","Defend_B","Defend_B","Defend_B","Zap","Dualcast","Static Discharge","Cold Snap","Sunder","Darkness+1","Doom and Gloom","Capacitor","Darkness+1","Conserve Battery+1","Echo Form","Turbo","Redo+1","Loop+1","Leap","Steam","Coolheaded","Defragment+1","Compile Driver","Force Field+1","Undo+1","Dark Shackles","Meteor Strike"],"special_seed":0,"relics":["Eternal Feather","Bloody Idol","Strawberry","Centennial Puzzle","Anchor","PreservedInsect","Bronze Scales","Empty Cage","Pear","Boot","Bottled Tornado","Singing Bowl","Medical Kit","Snecko Eye","WingedGreaves","Art of War","Ornamental Fan","The Courier"],"potions_floor_usage":[44,54],"damage_taken":[{"damage":16.0,"enemies":"Jaw Worm","floor":1.0,"turns":5.0},{"damage":0.0,"enemies":"2 Louse","floor":2.0,"turns":3.0},{"damage":4.0,"enemies":"Small Slimes","floor":4.0,"turns":3.0},{"damage":5.0,"enemies":"Gremlin Gang","floor":5.0,"turns":6.0},{"damage":17.0,"enemies":"Lagavulin","floor":6.0,"turns":8.0},{"damage":27.0,"enemies":"3 Sentries","floor":10.0,"turns":8.0},{"damage":8.0,"enemies":"Gremlin Nob","floor":13.0,"turns":3.0},{"damage":6.0,"enemies":"Blue Slaver","floor":14.0,"turns":3.0},{"damage":28.0,"enemies":"Hexaghost","floor":16.0,"turns":7.0},{"damage":2.0,"enemies":"Chosen","floor":18.0,"turns":4.0},{"damage":6.0,"enemies":"Spheric Guardian","floor":21.0,"turns":3.0},{"damage":21.0,"enemies":"Slavers","floor":24.0,"turns":3.0},{"damage":27.0,"enemies":"Cultist and Chosen","floor":25.0,"turns":6.0},{"damage":7.0,"enemies":"Snecko","floor":28.0,"turns":7.0},{"damage":20.0,"enemies":"Book of Stabbing","floor":29.0,"turns":5.0},{"damage":15.0,"enemies":"Snake Plant","floor":31.0,"turns":5.0},{"damage":28.0,"enemies":"Automaton","floor":33.0,"turns":8.0},{"damage":0.0,"enemies":"Orb Walker","floor":35.0,"turns":4.0},{"damage":12,"enemies":"3 Shapes","floor":37,"turns":5},{"damage":2,"enemies":"3 Darklings","floor":39,"turns":4},{"damage":0,"enemies":"Mind Bloom Boss Battle","floor":40,"turns":8},{"damage":12,"enemies":"Reptomancer","floor":44,"turns":9},{"damage":14,"enemies":"Transient","floor":47,"turns":5},{"damage":29,"enemies":"Giant Head","floor":48,"turns":6},{"damage":71,"enemies":"Time Eater","floor":50,"turns":12},{"damage":121,"enemies":"Shield and Spear","floor":54,"turns":6}],"seed_played":"-2977179357850888161","potions_obtained":[{"floor":1.0,"key":"GamblersBrew"},{"floor":2.0,"key":"Weak Potion"},{"floor":10.0,"key":"FearPotion"},{"floor":14.0,"key":"EssenceOfSteel"},{"floor":21.0,"key":"Block Potion"},{"floor":25.0,"key":"Energy Potion"},{"floor":28.0,"key":"FocusPotion"},{"floor":47,"key":"PowerPotion"}],"is_trial":false,"path_per_floor":["M","M","?","M","M","E","R","$","T","E","R","$","E","M","R","B",null,"M","?","$","M","T","R","E","M","T","?","M","E","$","M","R","B",null,"M","$","M","?","M","?","R","$","T","E","R","$","M","E","R","B",null,"R","$","E"],"character_chosen":"DEFECT","items_purchased":["PreservedInsect","Redo","Loop","Medical Kit","Force Field","Art of War","SpeedPotion"],"campfire_rested":2,"item_purchase_floors":[12,20,20,30,36,42,53],"current_hp_per_floor":[48,48,48,44,39,29,38,38,38,11,41,41,33,27,36,8,55,53,53,53,52,62,74,58,36,41,41,39,26,26,16,52,31,72,77,77,70,64,69,76,91,91,91,86,95,95,88,64,79,8,75,90,90,0],"gold":53,"neow_bonus":"BOSS_RELIC","is_prod":false,"is_daily":false,"chose_seed":false,"campfire_upgraded":6,"win_rate":0,"timestamp":1553314171,"path_taken":["M","M","?","M","M","E","R","$","T","E","R","$","E","M","R","BOSS","M","?","$","M","?","R","E","M","T","?","M","E","$","M","R","BOSS","M","$","?","?","M","?","R","$","T","E","R","$","?","E","R","BOSS","R","$","E"],"build_version":"2019-03-15","purchased_purges":2,"victory":false,"max_hp_per_floor":[71,71,64,64,64,71,71,71,71,71,71,71,71,71,71,71,71,71,71,71,71,81,81,81,81,81,81,81,83,83,83,83,85,85,85,85,85,89,91,93,93,93,93,95,95,95,97,97,97,97,97,97,97,97],"card_choices":[{"not_picked":["Auto Shields","Redo"],"picked":"Static Discharge","floor":1.0},{"not_picked":["Beam Cell","Leap"],"picked":"Cold Snap","floor":2.0},{"not_picked":["Gash","Hologram"],"picked":"Sunder","floor":4.0},{"not_picked":["Conserve Battery","Gash"],"picked":"Darkness","floor":5.0},{"not_picked":["Force Field","Leap"],"picked":"Doom and Gloom","floor":6.0},{"not_picked":["Compile Driver","Gash"],"picked":"Capacitor","floor":10.0},{"not_picked":["Rebound","Reprogram"],"picked":"Darkness","floor":13.0},{"not_picked":["Go for the Eyes","Leap"],"picked":"Conserve Battery","floor":14.0},{"not_picked":["Core Surge","Machine Learning"],"picked":"Echo Form","floor":16.0},{"not_picked":["Compile Driver","Leap"],"picked":"Turbo","floor":18.0},{"not_picked":["Static Discharge+1","Cold Snap"],"picked":"Leap","floor":21.0},{"not_picked":["Go for the Eyes","Blizzard"],"picked":"Steam","floor":24.0},{"not_picked":["Capacitor","Reinforced Body"],"picked":"Coolheaded","floor":25.0},{"not_picked":["Force Field","Beam Cell","Rebound"],"picked":"SKIP","floor":28.0},{"not_picked":["Amplify","Redo","Coolheaded"],"picked":"Singing Bowl","floor":29.0},{"not_picked":["Skim","Glacier"],"picked":"Defragment","floor":31.0},{"not_picked":["Echo Form","Meteor Strike","Rainbow"],"picked":"Singing Bowl","floor":33.0},{"not_picked":["Streamline","Redo"],"picked":"Compile Driver","floor":35.0},{"not_picked":["Compile Driver","Go for the Eyes+1"],"picked":"Undo+1","floor":37},{"not_picked":["Forethought","Jack Of All Trades","Sadistic Nature"],"picked":"Singing Bowl","floor":38},{"not_picked":["Dramatic Entrance","Violence"],"picked":"Dark Shackles","floor":38},{"not_picked":["Impatience","Chrysalis","Trip"],"picked":"Singing Bowl","floor":38},{"not_picked":["Steam","Barrage","Go for the Eyes+1"],"picked":"Singing Bowl","floor":39},{"not_picked":["Sweeping Beam","Barrage","Genetic Algorithm"],"picked":"Singing Bowl","floor":40},{"not_picked":["Darkness","Lockon","Sunder+1"],"picked":"Singing Bowl","floor":44},{"not_picked":["Conserve Battery","Go for the Eyes","Blizzard+1"],"picked":"Singing Bowl","floor":47},{"not_picked":["Go for the Eyes","Beam Cell"],"picked":"Meteor Strike","floor":48}],"player_experience":2266866,"relics_obtained":[{"floor":6.0,"key":"Strawberry"},{"floor":9.0,"key":"Centennial Puzzle"},{"floor":10.0,"key":"Anchor"},{"floor":13.0,"key":"Bronze Scales"},{"floor":22.0,"key":"Pear"},{"floor":24.0,"key":"Boot"},{"floor":26.0,"key":"Bottled Tornado"},{"floor":29.0,"key":"Singing Bowl"},{"floor":40,"key":"WingedGreaves"},{"floor":44,"key":"Ornamental Fan"},{"floor":48,"key":"The Courier"}],"event_choices":[{"damage_healed":0.0,"max_hp_gain":0.0,"max_hp_loss":7.0,"gold_gain":0.0,"event_name":"Golden Idol","player_choice":"Lose Max HP","floor":3.0,"gold_loss":0.0,"damage_taken":0.0,"relics_obtained":["Golden Idol"]},{"damage_healed":0.0,"max_hp_gain":0.0,"max_hp_loss":0.0,"gold_gain":0.0,"event_name":"Forgotten Altar","player_choice":"Gave Idol","floor":19.0,"relics_lost":["Golden Idol"],"gold_loss":0.0,"damage_taken":0.0,"relics_obtained":["Bloody Idol"]},{"damage_healed":0.0,"max_hp_gain":0.0,"max_hp_loss":0.0,"gold_gain":0.0,"event_name":"Upgrade Shrine","player_choice":"Upgraded","floor":27.0,"gold_loss":0.0,"damage_taken":0.0,"cards_upgraded":["Conserve Battery"]},{"damage_healed":0,"gold_gain":0,"player_choice":"Memory 3","damage_taken":10,"max_hp_gain":0,"max_hp_loss":0,"event_name":"SensoryStone","floor":38,"gold_loss":0},{"damage_healed":0,"gold_gain":0,"player_choice":"Fight","damage_taken":0,"max_hp_gain":0,"max_hp_loss":0,"event_name":"MindBloom","floor":40,"gold_loss":0}],"is_beta":true,"boss_relics":[{"not_picked":["Philosopher\u0027s Stone","Ectoplasm"],"picked":"Empty Cage"},{"not_picked":["Calling Bell","Sozu"],"picked":"Snecko Eye"}],"items_purged_floors":[8,20],"is_endless":false,"potions_floor_spawned":[1,2,10,14,16,21,25,28,29,35,37,47],"killed_by":"Shield and Spear","ascension_level":15}