{"path_per_floor":["M","?","?","$","M","R","M","?","T","?","E","R","E","M","R","B",null,"M","T","M","M","T","R"],"character_chosen":"THE_SILENT","items_purchased":["Bouncing Flask","Poisoned Stab"],"gold_per_floor":[115,115,115,17,34,34,50,50,50,5,337,337,392,410,410,514,514,528,554,567,577,577,577],"floor_reached":24,"campfire_rested":1,"playtime":1491,"current_hp_per_floor":[67,60,60,60,53,53,53,53,60,60,51,51,34,32,32,26,64,64,64,62,29,29,52],"items_purged":[],"gold":577,"score":255,"play_id":"45e1f8d1-2147-4ee8-a992-3b9007997609","is_prod":false,"is_daily":false,"is_ascension_mode":true,"campfire_upgraded":3,"path_taken":["M","?","?","?","?","R","M","?","T","?","E","R","E","?","R","BOSS","M","?","M","M","?","R","E"],"build_version":"2018-02-15-PROD1","purchased_purges":0,"victory":false,"master_deck":["Defend_G","Defend_G","Defend_G","Defend_G","Defend_G","Survivor","Neutralize+1","Riddle With Holes","Bouncing Flask+1","Poisoned Stab+1","Tools of the Trade+1","Bullet Time","Choke+1","Wraith Form+1","Deadly Poison+1","Catalyst","Heel Hook+1","Underhanded Strike+1"],"max_hp_per_floor":[70,70,70,70,70,70,70,70,77,77,77,77,77,77,77,77,77,77,77,77,77,77,77],"relics":["The Specimen","Strawberry","Old Coin","Tiny Chest","Astrolabe","Anchor","Ice Cream"],"card_choices":[{"not_picked":["Backflip","PiercingWail"],"picked":"Riddle With Holes"},{"not_picked":["Crippling Poison","Acrobatics"],"picked":"Tools of the Trade"},{"not_picked":["After Image","Storm of Steel"],"picked":"Bullet Time"},{"not_picked":["Quick Slash","Footwork"],"picked":"Catalyst"},{"not_picked":["Quick Slash","Dagger Spray"],"picked":"Heel Hook"},{"not_picked":["Cloak And Dagger","Heel Hook"],"picked":"Underhanded Strike"}],"player_experience":327782,"potions_floor_usage":[14,18,18,24],"damage_taken":[{"damage":3,"enemies":"2 Louse","floor":1,"turns":4},{"damage":7,"enemies":"Small Slimes","floor":5,"turns":4},{"damage":0,"enemies":"Jaw Worm","floor":7,"turns":4},{"damage":9,"enemies":"Lagavulin","floor":11,"turns":7},{"damage":17,"enemies":"Gremlin Nob","floor":13,"turns":4},{"damage":2,"enemies":"Gremlin Gang","floor":14,"turns":6},{"damage":6,"enemies":"Hexaghost","floor":16,"turns":8},{"damage":0,"enemies":"Chosen","floor":18,"turns":4},{"damage":2,"enemies":"Shell Parasite","floor":20,"turns":6},{"damage":33,"enemies":"3 Cultists","floor":21,"turns":5},{"damage":59,"enemies":"Slavers","floor":24,"turns":3}],"event_choices":[{"event_name":"Golden Wing","player_choice":"Card Removal","floor":2,"damage_taken":0},{"event_name":"Bonfire Elementals","player_choice":"BASIC","floor":3,"damage_taken":0},{"event_name":"Upgrade Shrine","player_choice":"Upgraded","floor":8,"damage_taken":0},{"event_name":"World of Goop","player_choice":"Left","floor":10,"damage_taken":0}],"boss_relics":[{"not_picked":["Ectoplasm","Calling Bell"],"picked":"Astrolabe"}],"potions_floor_spawned":[1,13,16,21],"seed_played":"-4832796344313943851","killed_by":"Slavers","ascension_level":5,"is_trial":false}