{"gold_per_floor":[361,376,10,29,29,29,48,48,48,73,73,73],"floor_reached":12,"playtime":528,"items_purged":["Regret"],"score":156,"play_id":"d2a770ec-847d-4640-99cb-ac34e3f7d348","local_time":"20190318230227","is_ascension_mode":true,"campfire_choices":[{"data":"Uppercut","floor":6,"key":"SMITH"},{"data":"Burning Pact","floor":8,"key":"SMITH"}],"neow_cost":"CURSE","seed_source_timestamp":163691694938488,"circlet_count":0,"master_deck":["AscendersBane","Strike_R","Strike_R","Strike_R","Strike_R","Strike_R","Defend_R","Defend_R+1","Defend_R","Defend_R","Bash","Uppercut+1","Rampage","Shockwave","Inflame","Perfected Strike+1","Burning Pact+1","Exhume"],"relics":["Burning Blood","Orichalcum","Letter Opener","Blood Vial","Bag of Preparation"],"potions_floor_usage":[12],"damage_taken":[{"damage":12,"enemies":"2 Louse","floor":1,"turns":3},{"damage":17,"enemies":"Small Slimes","floor":2,"turns":4},{"damage":0,"enemies":"Cultist","floor":4,"turns":3},{"damage":14,"enemies":"Large Slime","floor":7,"turns":5},{"damage":20,"enemies":"3 Sentries","floor":10,"turns":7},{"damage":47,"enemies":"Gremlin Nob","floor":12,"turns":4}],"seed_played":"7199799380762879174","potions_obtained":[{"floor":2,"key":"FairyPotion"},{"floor":10,"key":"GamblersBrew"}],"is_trial":false,"path_per_floor":["M","M","$","M","?","R","M","R","T","E","?","E"],"character_chosen":"IRONCLAD","items_purchased":["Shockwave","Inflame","Orichalcum"],"campfire_rested":0,"item_purchase_floors":[3,3,3],"current_hp_per_floor":[62,51,51,57,46,46,38,38,38,26,3,0],"gold":73,"neow_bonus":"TWO_FIFTY_GOLD","is_prod":false,"is_daily":false,"chose_seed":false,"campfire_upgraded":2,"win_rate":0,"timestamp":1552964547,"path_taken":["M","M","$","M","?","R","M","R","T","E","?","E"],"build_version":"2019-01-23","purchased_purges":1,"victory":false,"max_hp_per_floor":[75,75,75,75,75,75,75,75,75,75,75,75],"card_choices":[{"not_picked":["Cleave","True Grit"],"picked":"Uppercut","floor":1},{"not_picked":["Perfected Strike","Body Slam"],"picked":"Rampage","floor":2},{"not_picked":["Seeing Red","Warcry"],"picked":"Perfected Strike","floor":4},{"not_picked":["Heavy Blade","Cleave"],"picked":"Burning Pact","floor":7},{"not_picked":["Power Through","Perfected Strike"],"picked":"Exhume","floor":10}],"player_experience":1237100,"relics_obtained":[{"floor":9,"key":"Blood Vial"},{"floor":10,"key":"Bag of Preparation"}],"event_choices":[{"damage_healed":0,"gold_gain":0,"player_choice":"Success","damage_taken":11,"relics_obtained":["Letter Opener"],"max_hp_gain":0,"max_hp_loss":0,"event_name":"Scrap Ooze","floor":5,"gold_loss":0},{"damage_healed":0,"gold_gain":0,"player_choice":"Entered Light","damage_taken":23,"max_hp_gain":0,"max_hp_loss":0,"event_name":"Shining Light","floor":11,"gold_loss":0,"cards_upgraded":["Perfected Strike","Defend_R"]}],"is_beta":false,"boss_relics":[],"items_purged_floors":[3],"is_endless":false,"potions_floor_spawned":[2,10],"killed_by":"Gremlin Nob","ascension_level":20}