{"gold_per_floor":[110,110,127,24,24,52,52,87,166,131,56,56,56,76,76,150,150,160,160,160,174,174,174],"floor_reached":23,"playtime":829,"items_purged":["Strike_R"],"score":490,"play_id":"dfa865ea-2ed1-42dc-9ae7-54dcced3ffec","local_time":"20190511094539","is_ascension_mode":true,"campfire_choices":[{"floor":7.0,"key":"REST"},{"data":"Whirlwind","floor":12.0,"key":"SMITH"},{"data":"Power Through","floor":15.0,"key":"SMITH"}],"neow_cost":"NONE","seed_source_timestamp":1611812087528383,"circlet_count":0,"master_deck":["AscendersBane","Strike_R+1","Strike_R+1","Strike_R+1","Defend_R+1","Defend_R+1","Defend_R+1","Defend_R+1","Bash+1","Headbutt","Iron Wave","Shrug It Off+1","Whirlwind+1","Power Through+1","Offering","Writhe","Normality","Decay","Armaments+1","Decay"],"special_seed":0,"relics":["Burning Blood","Regal Pillow","Bag of Marbles","Paper Frog","Calling Bell","Anchor","Dodecahedron","Incense Burner","Enchiridion"],"potions_floor_usage":[16,21],"damage_taken":[{"damage":10.0,"enemies":"Small Slimes","floor":1.0,"turns":3.0},{"damage":1.0,"enemies":"2 Louse","floor":3.0,"turns":3.0},{"damage":46.0,"enemies":"Gremlin Nob","floor":6.0,"turns":5.0},{"damage":50.0,"enemies":"Lagavulin","floor":8.0,"turns":7.0},{"damage":0.0,"enemies":"Jaw Worm","floor":14.0,"turns":3.0},{"damage":19,"enemies":"Slime Boss","floor":16,"turns":10},{"damage":33,"enemies":"Shell Parasite","floor":18,"turns":6},{"damage":6,"enemies":"Spheric Guardian","floor":21,"turns":5},{"damage":17,"enemies":"Gremlin Leader","floor":23,"turns":4}],"seed_played":"4270912313807429486","potions_obtained":[{"floor":1.0,"key":"PowerPotion"},{"floor":6.0,"key":"FearPotion"},{"floor":8.0,"key":"SkillPotion"},{"floor":18,"key":"Poison Potion"}],"is_trial":false,"path_per_floor":["M","?","M","$","?","E","R","E","T","?","$","R","?","M","R","B",null,"M","?","?","M","?","E"],"character_chosen":"IRONCLAD","items_purchased":["Shrug It Off","Whirlwind"],"campfire_rested":1,"item_purchase_floors":[4,4],"current_hp_per_floor":[71,71,76,76,69,29,68,24,24,44,44,44,19,25,25,12,65,38,17,17,17,17,0],"gold":174,"neow_bonus":"TEN_PERCENT_HP_BONUS","is_prod":false,"is_daily":false,"chose_seed":false,"campfire_upgraded":2,"win_rate":0,"timestamp":1557582339,"path_taken":["M","?","M","$","?","E","R","E","T","?","?","R","?","M","R","BOSS","M","?","?","M","?","E"],"build_version":"2019-01-23","purchased_purges":1,"victory":false,"max_hp_per_floor":[82,82,82,82,82,82,82,82,82,82,82,82,82,82,82,82,82,82,82,82,82,82,82],"card_choices":[{"not_picked":["Flex","Thunderclap"],"picked":"Headbutt","floor":1.0},{"not_picked":["Body Slam","Havoc"],"picked":"Iron Wave","floor":3.0},{"not_picked":["Searing Blow","Headbutt","Wild Strike"],"picked":"SKIP","floor":6.0},{"not_picked":["Headbutt","Havoc"],"picked":"Power Through","floor":8.0},{"not_picked":["Warcry","Rupture","Havoc"],"picked":"SKIP","floor":14.0},{"not_picked":["Fiend Fire","Exhume"],"picked":"Offering","floor":16},{"not_picked":["Bloodletting","Warcry","Flex+1"],"picked":"SKIP","floor":18},{"not_picked":["Ghostly Armor","Reckless Charge"],"picked":"Armaments+1","floor":21}],"player_experience":2565115,"relics_obtained":[{"floor":6.0,"key":"Regal Pillow"},{"floor":8.0,"key":"Bag of Marbles"},{"floor":9.0,"key":"Paper Frog"},{"floor":17,"key":"Anchor"},{"floor":17,"key":"Dodecahedron"},{"floor":17,"key":"Incense Burner"},{"floor":19,"key":"Enchiridion"}],"event_choices":[{"damage_healed":0.0,"max_hp_gain":0.0,"max_hp_loss":0.0,"gold_gain":0.0,"event_name":"Living Wall","player_choice":"Grow","floor":2.0,"gold_loss":0.0,"damage_taken":0.0,"cards_upgraded":["Bash"]},{"cards_removed":["Strike_R"],"damage_healed":0.0,"max_hp_gain":0.0,"max_hp_loss":0.0,"gold_gain":0.0,"event_name":"Golden Wing","player_choice":"Card Removal","floor":5.0,"gold_loss":0.0,"damage_taken":7.0},{"damage_healed":20.0,"max_hp_gain":0.0,"max_hp_loss":0.0,"gold_gain":0.0,"event_name":"The Cleric","player_choice":"Healed","floor":10.0,"gold_loss":35.0,"damage_taken":0.0},{"damage_healed":0.0,"max_hp_gain":0.0,"max_hp_loss":0.0,"gold_gain":0.0,"event_name":"Shining Light","player_choice":"Entered Light","floor":13.0,"gold_loss":0.0,"damage_taken":25.0,"cards_upgraded":["Shrug It Off","Defend_R"]},{"damage_healed":0,"gold_gain":0,"player_choice":"Obtained Book","damage_taken":21,"max_hp_gain":0,"max_hp_loss":0,"event_name":"Cursed Tome","floor":19,"gold_loss":0},{"damage_healed":0,"gold_gain":0,"player_choice":"Simplicity","damage_taken":0,"max_hp_gain":0,"max_hp_loss":0,"event_name":"Back to Basics","floor":20,"gold_loss":0,"cards_upgraded":["Strike_R","Strike_R","Strike_R","Defend_R","Defend_R","Defend_R"]},{"damage_healed":0,"gold_gain":0,"player_choice":"Smashed Altar","damage_taken":0,"max_hp_gain":0,"max_hp_loss":0,"event_name":"Forgotten Altar","floor":22,"gold_loss":0,"cards_obtained":["Decay"]}],"is_beta":false,"boss_relics":[{"not_picked":["Empty Cage","Tiny House"],"picked":"Calling Bell"}],"items_purged_floors":[11],"is_endless":false,"potions_floor_spawned":[1,6,8,14,18],"killed_by":"Gremlin Leader","ascension_level":20}