{"gold_per_floor":[112,35,53,65,65,65,79,96,96,109,109,138,138,138,138,214,214,226,255,272,272],"floor_reached":21,"playtime":781,"items_purged":[],"score":362,"play_id":"d4cbb9f0-5ac7-4b6b-9078-8c4c5371f2d9","local_time":"20190429091816","is_ascension_mode":true,"campfire_choices":[{"data":"Bash","floor":6,"key":"SMITH"},{"data":"Clothesline","floor":11,"key":"SMITH"},{"data":"Perfected Strike","floor":13,"key":"SMITH"},{"data":"Metallicize","floor":15,"key":"SMITH"}],"neow_cost":"NONE","seed_source_timestamp":573296357223674,"circlet_count":0,"master_deck":["AscendersBane","Strike_R","Strike_R","Strike_R","Strike_R","Strike_R","Defend_R","Defend_R","Defend_R","Defend_R","Bash+1","Clothesline+1","Inflame","Metallicize+1","True Grit","Shrug It Off","Spot Weakness","Rampage","Perfected Strike+1","Limit Break","Body Slam+1","Ghostly Armor+1"],"relics":["Burning Blood","NeowsBlessing","Magic Flower","Girya","Philosopher\u0027s Stone","Red Mask"],"potions_floor_usage":[8,16,18,19,19],"damage_taken":[{"damage":0,"enemies":"Cultist","floor":1,"turns":1},{"damage":0,"enemies":"2 Louse","floor":3,"turns":2},{"damage":0,"enemies":"Small Slimes","floor":4,"turns":1},{"damage":9,"enemies":"Looter","floor":7,"turns":5},{"damage":0,"enemies":"3 Louse","floor":8,"turns":2},{"damage":7,"enemies":"Blue Slaver","floor":10,"turns":5},{"damage":37,"enemies":"3 Sentries","floor":12,"turns":10},{"damage":40,"enemies":"The Guardian","floor":16,"turns":13},{"damage":18,"enemies":"2 Thieves","floor":18,"turns":4},{"damage":36,"enemies":"Masked Bandits","floor":19,"turns":4},{"damage":28,"enemies":"Spheric Guardian","floor":20,"turns":6},{"damage":14,"enemies":"Colosseum Slavers","floor":21,"turns":2}],"seed_played":"-67770909406376425","potions_obtained":[{"floor":5,"key":"Explosive Potion"},{"floor":5,"key":"SmokeBomb"},{"floor":7,"key":"Regen Potion"},{"floor":10,"key":"PowerPotion"},{"floor":16,"key":"FearPotion"},{"floor":18,"key":"Explosive Potion"}],"is_trial":false,"path_per_floor":["M","$","M","M","?","R","M","M","T","M","R","E","R","$","R","B",null,"M","?","M","?"],"character_chosen":"IRONCLAD","items_purchased":["Inflame"],"campfire_rested":0,"item_purchase_floors":[2],"current_hp_per_floor":[74,74,75,75,75,75,72,75,75,75,75,47,47,47,47,40,66,57,30,11,0],"gold":272,"neow_bonus":"THREE_ENEMY_KILL","is_prod":false,"is_daily":false,"chose_seed":false,"campfire_upgraded":4,"win_rate":0,"timestamp":1556543896,"path_taken":["M","$","M","?","?","R","M","?","T","?","R","E","R","?","R","BOSS","M","?","M","?"],"build_version":"2019-01-23","purchased_purges":0,"victory":false,"max_hp_per_floor":[75,75,75,75,75,75,75,75,75,75,75,75,75,75,75,75,75,75,75,75,75],"card_choices":[{"not_picked":["Body Slam","Wild Strike"],"picked":"Clothesline","floor":1},{"not_picked":["Thunderclap","Infernal Blade"],"picked":"Metallicize","floor":3},{"not_picked":["Dropkick","Warcry"],"picked":"True Grit","floor":4},{"not_picked":["Perfected Strike","Immolate"],"picked":"Shrug It Off","floor":7},{"not_picked":["Dual Wield","Armaments"],"picked":"Spot Weakness","floor":8},{"not_picked":["Iron Wave","Twin Strike"],"picked":"Rampage","floor":10},{"not_picked":["Armaments","Bloodletting"],"picked":"Perfected Strike","floor":12},{"not_picked":["Offering","Dark Embrace"],"picked":"Limit Break","floor":16},{"not_picked":["Flex","Body Slam","Iron Wave"],"picked":"SKIP","floor":18},{"not_picked":["True Grit","Flex+1"],"picked":"Body Slam+1","floor":19},{"not_picked":["Burning Pact","Thunderclap"],"picked":"Ghostly Armor+1","floor":20}],"player_experience":2093859,"relics_obtained":[{"floor":9,"key":"Magic Flower"},{"floor":12,"key":"Girya"},{"floor":19,"key":"Red Mask"}],"event_choices":[{"damage_healed":0,"gold_gain":0,"player_choice":"Got Potions","damage_taken":0,"max_hp_gain":0,"max_hp_loss":0,"event_name":"Lab","floor":5,"gold_loss":0},{"damage_healed":0,"gold_gain":0,"player_choice":"Fought Bandits","damage_taken":0,"max_hp_gain":0,"max_hp_loss":0,"event_name":"Masked Bandits","floor":19,"gold_loss":0},{"damage_healed":0,"gold_gain":0,"player_choice":"Fight","damage_taken":0,"max_hp_gain":0,"max_hp_loss":0,"event_name":"Colosseum","floor":21,"gold_loss":0}],"is_beta":false,"boss_relics":[{"not_picked":["Eternal Feather","Astrolabe"],"picked":"Philosopher\u0027s Stone"}],"items_purged_floors":[],"is_endless":false,"potions_floor_spawned":[7,10,12,16,18],"killed_by":"Colosseum Slavers","ascension_level":20}