{"path_per_floor":["M","?","M","$","$","E","?","E","T","M","R","?","R","M","R"],"character_chosen":"THE_SILENT","items_purchased":["Tiny Chest","Finisher","Flying Knee"],"gold_per_floor":[111,186,202,46,23,57,57,87,111,126,126,126,126,149,149],"floor_reached":16,"campfire_rested":0,"playtime":645,"current_hp_per_floor":[70,59,59,59,59,59,59,42,42,42,42,42,42,35,35],"items_purged":[],"gold":149,"score":166,"play_id":"43e20975-d40a-4a09-a910-626f5bed18f8","is_prod":false,"is_daily":false,"is_ascension_mode":true,"campfire_upgraded":3,"path_taken":["M","?","M","?","$","E","?","E","T","M","R","?","R","?","R","BOSS"],"build_version":"2018-02-15-PROD1","purchased_purges":0,"victory":false,"master_deck":["Defend_G","Defend_G","Defend_G","Defend_G","Defend_G","Strike_G","Strike_G","Strike_G","Strike_G","Strike_G","Survivor","Neutralize","Reflex+1","Calculated Gamble+1","Finisher+1","Flying Knee","Underhanded Strike","Deadly Poison","Flash of Steel","Blur","Underhanded Strike","Dagger Throw"],"max_hp_per_floor":[70,70,70,70,70,70,70,70,70,70,70,65,65,65,65],"relics":["Ring of the Snake","NeowsBlessing","Tiny Chest","Bird Faced Urn","Bag of Preparation","Snake Skull","Golden Idol"],"card_choices":[{"not_picked":["Prepared","Dodge and Roll"],"picked":"Reflex"},{"not_picked":["Grand Finale","All Out Attack"],"picked":"Calculated Gamble"},{"not_picked":["Backflip","Acrobatics"],"picked":"Underhanded Strike"},{"not_picked":["Deflect","Sucker Punch"],"picked":"Blur"},{"not_picked":["Cloak And Dagger","Outmaneuver"],"picked":"Underhanded Strike"},{"not_picked":["Escape Plan","Underhanded Strike"],"picked":"Dagger Throw"}],"player_experience":301725,"potions_floor_usage":[8,8,16],"damage_taken":[{"damage":0,"enemies":"Jaw Worm","floor":1,"turns":1},{"damage":0,"enemies":"Small Slimes","floor":3,"turns":1},{"damage":0,"enemies":"3 Sentries","floor":6,"turns":1},{"damage":17,"enemies":"Lagavulin","floor":8,"turns":6},{"damage":0,"enemies":"Cultist","floor":10,"turns":1},{"damage":7,"enemies":"Blue Slaver","floor":14,"turns":3},{"damage":36,"enemies":"Hexaghost","floor":16,"turns":9}],"event_choices":[{"event_name":"World of Goop","player_choice":"Gather Gold","floor":2,"damage_taken":0},{"event_name":"Match and Keep!","player_choice":"2 cards matched","floor":7,"damage_taken":0},{"event_name":"Golden Idol","player_choice":"Lose Max HP","floor":12,"damage_taken":0}],"boss_relics":[],"potions_floor_spawned":[3,6,8],"seed_played":"143068543564771135","killed_by":"Hexaghost","ascension_level":5,"is_trial":false}