{"gold_per_floor":[110,110,35,48,123,123,56,72,72,72,92,92,112,73,73,73],"floor_reached":16,"playtime":425,"items_purged":[],"score":154,"play_id":"21d0c4d3-6658-468b-a00c-de80cfb093ff","local_time":"20180806210926","is_ascension_mode":true,"campfire_choices":[{"data":"Bash","floor":6,"key":"SMITH"},{"data":"Metallicize","floor":10,"key":"SMITH"},{"data":"Uppercut","floor":15,"key":"SMITH"}],"neow_cost":"NONE","seed_source_timestamp":106170627703672,"circlet_count":0,"master_deck":["Strike_R","Strike_R","Strike_R","Defend_R","Defend_R","Defend_R","Defend_R","Bash+1","AscendersBane","Seeing Red","Havoc","Metallicize+1","Ghostly Armor","Armaments+1","Shrug It Off","Uppercut+1","Shockwave"],"relics":["Burning Blood","Self Forming Clay","Odd Mushroom"],"potions_floor_usage":[16,16],"damage_taken":[{"damage":13,"enemies":"Jaw Worm","floor":1,"turns":4},{"damage":0,"enemies":"Small Slimes","floor":4,"turns":5},{"damage":0,"enemies":"2 Louse","floor":8,"turns":4},{"damage":23,"floor":11,"turns":8},{"damage":0,"enemies":"Red Slaver","floor":13,"turns":5},{"damage":47,"enemies":"Slime Boss","floor":16,"turns":14}],"seed_played":"8739532332246105494","potions_obtained":[{"floor":11,"key":"Energy Potion"},{"floor":13,"key":"GamblersBrew"}],"is_trial":false,"path_per_floor":["M","?","$","M","?","R","$","M","T","R","?","?","M","$","R"],"character_chosen":"IRONCLAD","items_purchased":["Metallicize","Ghostly Armor","Shockwave"],"campfire_rested":0,"item_purchase_floors":[3,7,14],"current_hp_per_floor":[61,54,54,60,49,49,49,55,55,55,38,38,44,44,44,0],"gold":73,"neow_bonus":"TRANSFORM_CARD","is_prod":false,"is_daily":false,"chose_seed":false,"campfire_upgraded":3,"win_rate":0,"timestamp":1533614966,"path_taken":["M","?","$","M","?","R","$","?","T","R","?","?","?","$","R","BOSS"],"build_version":"2018-08-01","purchased_purges":0,"victory":false,"max_hp_per_floor":[75,75,75,75,75,75,75,75,75,75,75,75,75,75,75,75],"card_choices":[{"not_picked":["Warcry","Hemokinesis"],"picked":"Havoc","floor":1},{"not_picked":["Twin Strike","Searing Blow","Perfected Strike"],"picked":"SKIP","floor":4},{"not_picked":["Anger","Warcry"],"picked":"Armaments","floor":8},{"not_picked":["Pummel","Rupture"],"picked":"Shrug It Off","floor":11},{"not_picked":["True Grit","Bloodletting"],"picked":"Uppercut","floor":13}],"player_experience":846972,"relics_obtained":[{"floor":9,"key":"Self Forming Clay"},{"floor":11,"key":"Odd Mushroom"}],"event_choices":[{"event_name":"Golden Wing","player_choice":"Card Removal","floor":2,"damage_taken":0},{"event_name":"World of Goop","player_choice":"Gather Gold","floor":5,"damage_taken":0},{"event_name":"Mushrooms","player_choice":"Fought Mushrooms","floor":11,"damage_taken":0},{"event_name":"Upgrade Shrine","player_choice":"Upgraded","floor":12,"damage_taken":0}],"is_beta":true,"boss_relics":[],"items_purged_floors":[],"is_endless":false,"potions_floor_spawned":[11,13],"killed_by":"Slime Boss","ascension_level":15}