{"gold_per_floor":[17,17,37,52,127,159,159,193,218,218,230,260,278,328,328,399,399,409,409],"floor_reached":19,"playtime":1107,"items_purged":[],"score":374,"play_id":"7118a180-f2e1-4c09-861d-0ca6f36072bc","local_time":"20190504190352","is_ascension_mode":true,"campfire_choices":[{"data":"Carnage","floor":7,"key":"SMITH"},{"floor":10,"key":"REST"},{"data":"Demon Form","floor":15,"key":"SMITH"}],"neow_cost":"NO_GOLD","seed_source_timestamp":379609397747540,"circlet_count":0,"master_deck":["AscendersBane","Bash","Pommel Strike","Carnage+1","Iron Wave+1","Combust","Armaments","Reaper","True Grit","Demon Form+1","Reaper","Demon Form","Second Wind","Second Wind","Iron Wave","Fire Breathing","Bloodletting","Hemokinesis","Shrug It Off"],"relics":["Burning Blood","Omamori","Strawberry","Whetstone","Pen Nib","Pandora\u0027s Box"],"potions_floor_usage":[6,8],"damage_taken":[{"damage":0,"enemies":"Cultist","floor":1,"turns":3},{"damage":5,"enemies":"Small Slimes","floor":3,"turns":4},{"damage":2,"enemies":"2 Louse","floor":4,"turns":2},{"damage":24,"enemies":"Gremlin Nob","floor":6,"turns":4},{"damage":38,"enemies":"Lagavulin","floor":8,"turns":10},{"damage":15,"enemies":"Lots of Slimes","floor":11,"turns":4},{"damage":33,"enemies":"3 Sentries","floor":12,"turns":7},{"damage":0,"enemies":"Exordium Thugs","floor":13,"turns":3},{"damage":26,"enemies":"Hexaghost","floor":16,"turns":9},{"damage":49,"enemies":"Shell Parasite","floor":18,"turns":7},{"damage":74,"enemies":"3 Byrds","floor":19,"turns":5}],"seed_played":"-6973668441264031276","potions_obtained":[{"floor":1,"key":"Ancient Potion"},{"floor":3,"key":"SpeedPotion"},{"floor":11,"key":"Ancient Potion"},{"floor":16,"key":"SpeedPotion"}],"is_trial":false,"path_per_floor":["M","$","M","M","?","E","R","E","T","R","M","E","M","?","R","B",null,"M","M"],"character_chosen":"IRONCLAD","items_purchased":[],"campfire_rested":1,"item_purchase_floors":[],"current_hp_per_floor":[74,74,75,75,64,46,46,27,27,51,51,36,42,34,34,27,68,48,0],"gold":409,"neow_bonus":"TRANSFORM_TWO_CARDS","is_prod":false,"is_daily":false,"chose_seed":false,"campfire_upgraded":2,"win_rate":0,"timestamp":1557021832,"path_taken":["M","?","M","M","?","E","R","E","T","R","M","E","M","?","R","BOSS","M","M"],"build_version":"2019-04-23","purchased_purges":0,"victory":false,"max_hp_per_floor":[75,75,75,75,75,75,75,82,82,82,82,82,82,82,82,82,82,82,82],"card_choices":[{"not_picked":["Rage","Pummel"],"picked":"Iron Wave","floor":1},{"not_picked":["Flex","Bloodletting"],"picked":"Combust","floor":3},{"not_picked":["Rampage","Hemokinesis"],"picked":"Armaments","floor":4},{"not_picked":["Thunderclap","Havoc"],"picked":"Reaper","floor":6},{"not_picked":["Dropkick","Body Slam"],"picked":"True Grit","floor":8},{"not_picked":["Warcry","Havoc","True Grit"],"picked":"SKIP","floor":11},{"not_picked":["Warcry","Havoc","True Grit"],"picked":"SKIP","floor":11},{"not_picked":["Headbutt","Sever Soul"],"picked":"Demon Form","floor":12},{"not_picked":["Armaments","Dropkick","Seeing Red"],"picked":"SKIP","floor":13},{"not_picked":["Dark Embrace","Brutality"],"picked":"Reaper","floor":16},{"not_picked":["Headbutt","Shockwave"],"picked":"Shrug It Off","floor":18}],"player_experience":6145089,"relics_obtained":[{"floor":6,"key":"Omamori"},{"floor":8,"key":"Strawberry"},{"floor":9,"key":"Whetstone"},{"floor":12,"key":"Pen Nib"}],"event_choices":[{"damage_healed":0,"gold_gain":75,"player_choice":"Gather Gold","damage_taken":11,"max_hp_gain":0,"max_hp_loss":0,"event_name":"World of Goop","floor":5,"gold_loss":0},{"damage_healed":0,"gold_gain":50,"player_choice":"Touch","damage_taken":8,"max_hp_gain":0,"max_hp_loss":0,"event_name":"FaceTrader","floor":14,"gold_loss":0}],"is_beta":true,"boss_relics":[{"not_picked":["Lizard Tail","White Beast Statue"],"picked":"Pandora\u0027s Box"}],"items_purged_floors":[],"is_endless":false,"potions_floor_spawned":[1,3,11,16,18],"killed_by":"3 Byrds","ascension_level":20}