{"path_per_floor":["M","$","M","T","?","R","E","R","T","E","M","?","M","M","R","B",null,"M","M","?","?","M","R","M","R","T","R","E","R","?","$","R","B",null,"M","M","?","$","M","R","M","M","T","$","R","$","?","M","R"],"character_chosen":"THE_SILENT","items_purchased":["Ancient Tea Set","Membership Card","Strength Potion","Footwork","Block Potion","Bag of Marbles"],"gold_per_floor":[361,131,144,144,144,144,172,172,172,199,210,240,259,274,274,346,346,363,377,302,302,317,317,337,337,407,407,434,434,434,106,106,182,182,196,207,207,78,95,95,114,128,155,117,117,0,0,20,20,20],"floor_reached":50,"campfire_rested":0,"playtime":3061,"current_hp_per_floor":[57,57,57,57,43,43,24,24,24,16,16,16,28,28,28,26,59,48,47,47,47,40,40,40,40,40,40,40,40,40,40,40,2,53,53,53,70,70,70,70,70,62,62,62,62,62,62,62,62,0],"items_purged":["Decay","Defend_G","Writhe"],"gold":20,"score":817,"play_id":"68b8d151-af8f-4a9c-9269-621192d1db30","local_time":"20180401145339","is_prod":false,"is_daily":false,"is_ascension_mode":true,"campfire_upgraded":11,"timestamp":1522608819,"path_taken":["M","$","M","?","?","R","E","R","T","E","?","?","M","M","R","BOSS","M","M","?","?","?","R","M","R","T","R","E","R","?","?","R","BOSS","M","M","?","$","M","R","M","M","T","?","R","$","?","M","R","BOSS"],"build_version":"2018-03-29v2","purchased_purges":3,"victory":false,"master_deck":["Defend_G+1","Defend_G","Strike_G","Strike_G","Strike_G+1","Survivor+1","Neutralize+1","AscendersBane","Flying Knee","Backflip","Calculated Gamble+1","Heel Hook","Malaise+1","Dagger Throw","Leg Sweep+1","Unload+1","Dodge and Roll+1","Outmaneuver+1","Riddle With Holes+1","Caltrops+1","Underhanded Strike","Eviscerate+1","Blur+1","Storm of Steel+1","After Image+1","Prepared+1","Dash","Footwork+1","Acrobatics+1"],"max_hp_per_floor":[70,70,70,70,70,70,70,70,70,70,70,70,70,70,70,70,70,70,70,70,70,70,70,70,70,70,70,70,70,70,70,70,70,70,70,70,70,70,70,70,70,70,70,70,70,70,70,70,70,70],"relics":["Ring of the Snake","Ancient Tea Set","Gambling Chip","Pen Nib","Tough Bandages","Anchor","Astrolabe","Mummified Hand","Bronze Scales","Membership Card","Runic Dome","Prayer Wheel","Bag of Marbles"],"card_choices":[{"not_picked":["Predator","Cloak And Dagger"],"picked":"Flying Knee","floor":1},{"not_picked":["Poisoned Stab","Bullet Time"],"picked":"Backflip","floor":3},{"not_picked":["Backflip","Endless Agony"],"picked":"Calculated Gamble","floor":7},{"not_picked":["Blade Dance","Outmaneuver"],"picked":"Heel Hook","floor":10},{"not_picked":["Poisoned Stab","Backstab"],"picked":"Malaise","floor":11},{"not_picked":["Flying Knee","Poisoned Stab"],"picked":"Dagger Throw","floor":13},{"not_picked":["Backflip","Dagger Spray"],"picked":"Leg Sweep","floor":14},{"not_picked":["Corpse Explosion","A Thousand Cuts"],"picked":"Unload","floor":16},{"not_picked":["Deadly Poison","Quick Slash"],"picked":"Caltrops","floor":18},{"not_picked":["Bane","PiercingWail"],"picked":"Underhanded Strike","floor":19},{"not_picked":["Underhanded Strike","PiercingWail"],"picked":"Eviscerate","floor":22},{"not_picked":["Backstab","Heel Hook"],"picked":"Blur","floor":24},{"not_picked":["Tactician","Doppelganger"],"picked":"After Image","floor":33},{"not_picked":["Cloak And Dagger","Predator"],"picked":"Prepared","floor":35},{"not_picked":["Concentrate","Poisoned Stab"],"picked":"Dash","floor":36},{"not_picked":["Catalyst","Cloak And Dagger"],"picked":"Acrobatics","floor":39}],"player_experience":647303,"potions_floor_usage":[10,13,13,33,33,33,39,41,50,50],"damage_taken":[{"damage":6,"enemies":"Cultist","floor":1,"turns":5},{"damage":0,"enemies":"Jaw Worm","floor":3,"turns":4},{"damage":19,"enemies":"Gremlin Nob","floor":7,"turns":5},{"damage":8,"enemies":"Lagavulin","floor":10,"turns":7},{"damage":0,"enemies":"Small Slimes","floor":11,"turns":4},{"damage":0,"enemies":"Exordium Wildlife","floor":13,"turns":5},{"damage":0,"enemies":"Looter","floor":14,"turns":2},{"damage":2,"enemies":"The Guardian","floor":16,"turns":18},{"damage":11,"enemies":"Chosen","floor":18,"turns":7},{"damage":1,"enemies":"2 Thieves","floor":19,"turns":4},{"damage":7,"enemies":"Snecko","floor":22,"turns":5},{"damage":0,"enemies":"Snake Plant","floor":24,"turns":5},{"damage":0,"enemies":"Book of Stabbing","floor":28,"turns":6},{"damage":38,"enemies":"Collector","floor":33,"turns":16},{"damage":0,"enemies":"3 Darklings","floor":35,"turns":4},{"damage":0,"enemies":"Orb Walker","floor":36,"turns":5},{"damage":0,"enemies":"3 Darklings","floor":39,"turns":6},{"damage":0,"enemies":"4 Shapes","floor":41,"turns":7},{"damage":8,"enemies":"Maw","floor":42,"turns":9},{"damage":0,"enemies":"Sphere and 2 Shapes","floor":48,"turns":5},{"damage":69,"enemies":"Donu and Deca","floor":50,"turns":9}],"event_choices":[{"event_name":"Shining Light","player_choice":"Entered Light","floor":5,"damage_taken":0},{"event_name":"Dead Adventurer","player_choice":"Searched \u00271\u0027 times","floor":12,"damage_taken":0},{"event_name":"Beggar","player_choice":"Gave Gold","floor":20,"damage_taken":0},{"event_name":"Vampires","player_choice":"Ignored","floor":21,"damage_taken":0},{"event_name":"Match and Keep!","player_choice":"1 cards matched","floor":30,"damage_taken":0},{"event_name":"Winding Halls","player_choice":"Writhe","floor":37,"damage_taken":0},{"event_name":"Upgrade Shrine","player_choice":"Upgraded","floor":47,"damage_taken":0}],"boss_relics":[{"not_picked":["Pandora\u0027s Box","Lizard Tail"],"picked":"Astrolabe"},{"not_picked":["Runic Pyramid","Eternal Feather"],"picked":"Runic Dome"}],"potions_floor_spawned":[7,10,11,24,28,35,39,41],"seed_played":"-2291280682187024651","killed_by":"Donu and Deca","ascension_level":13,"is_trial":false}