{"gold_per_floor":[113,113,37,2,2,2,32,32,32,67,85,115,131,165,165,244,244,260,20,20,20,32,70,82,94,133,145,168,180,212,224],"floor_reached":31,"playtime":1036,"items_purged":["Strike_R"],"score":698,"play_id":"5b2291e7-1246-405e-a034-26a970b37368","local_time":"20190407150754","is_ascension_mode":true,"campfire_choices":[{"data":"Inflame","floor":6,"key":"SMITH"},{"data":"Heavy Blade","floor":15,"key":"SMITH"},{"floor":24,"key":"REST"},{"floor":27,"key":"RECALL"}],"neow_cost":"NONE","seed_source_timestamp":535588399297976,"circlet_count":0,"master_deck":["AscendersBane","Strike_R","Strike_R","Strike_R","Defend_R","Defend_R","Defend_R","Defend_R","Bash","Inflame+1","Limit Break","True Grit","Metallicize","Heavy Blade+1","Fiend Fire","Sword Boomerang","Limit Break","Inflame","Flex","Clothesline","RitualDagger","Shrug It Off+1"],"relics":["Burning Blood","NeowsBlessing","Potion Belt","Blue Candle","Ginger","Oddly Smooth Stone","Omamori","Happy Flower","Fusion Hammer","MawBank","Pen Nib","Art of War"],"potions_floor_usage":[14,18,22,23,29],"damage_taken":[{"damage":0,"enemies":"2 Louse","floor":1,"turns":1},{"damage":0,"enemies":"3 Sentries","floor":7,"turns":2},{"damage":0,"enemies":"Gremlin Nob","floor":10,"turns":2},{"damage":1,"enemies":"Jaw Worm","floor":11,"turns":4},{"damage":20,"enemies":"Lagavulin","floor":12,"turns":6},{"damage":0,"enemies":"Cultist","floor":13,"turns":3},{"damage":18,"enemies":"3 Sentries","floor":14,"turns":8},{"damage":36,"enemies":"Slime Boss","floor":16,"turns":9},{"damage":28,"enemies":"2 Thieves","floor":18,"turns":5},{"damage":0,"enemies":"Spheric Guardian","floor":22,"turns":3},{"damage":19,"enemies":"Book of Stabbing","floor":23,"turns":3},{"damage":10,"enemies":"3 Cultists","floor":28,"turns":5},{"damage":0,"enemies":"Slavers","floor":29,"turns":1},{"damage":56,"enemies":"Cultist and Chosen","floor":30,"turns":7},{"damage":16,"enemies":"Colosseum Slavers","floor":31,"turns":1}],"seed_played":"1134304645955789897","potions_obtained":[{"floor":7,"key":"Energy Potion"},{"floor":12,"key":"Swift Potion"},{"floor":14,"key":"SmokeBomb"},{"floor":16,"key":"Poison Potion"},{"floor":18,"key":"Regen Potion"},{"floor":23,"key":"SmokeBomb"}],"is_trial":false,"path_per_floor":["M","?","$","?","$","R","E","?","T","E","M","E","M","E","R","B",null,"M","$","?","?","M","E","R","?","T","R","M","E","M","?"],"character_chosen":"IRONCLAD","items_purchased":["Limit Break","Inflame","Flex","Clothesline"],"campfire_rested":1,"item_purchase_floors":[3,19,19,19],"current_hp_per_floor":[74,67,67,75,75,75,75,75,75,75,75,61,67,55,55,25,63,41,41,35,35,41,37,59,59,59,59,55,61,11,0],"gold":224,"neow_bonus":"THREE_ENEMY_KILL","is_prod":false,"is_daily":false,"chose_seed":false,"campfire_upgraded":2,"win_rate":0,"timestamp":1554664074,"path_taken":["M","?","$","?","$","R","E","?","T","E","M","E","M","E","R","BOSS","M","$","?","?","M","E","R","?","T","R","M","E","M","?"],"build_version":"2019-01-23","purchased_purges":1,"victory":false,"max_hp_per_floor":[75,75,75,75,75,75,75,75,75,75,75,75,75,75,75,75,75,75,75,75,75,75,75,75,75,75,75,75,75,75,75],"card_choices":[{"not_picked":["Flex","Thunderclap"],"picked":"Inflame","floor":1},{"not_picked":["Twin Strike","Iron Wave"],"picked":"True Grit","floor":7},{"not_picked":["Whirlwind","Heavy Blade"],"picked":"Metallicize","floor":10},{"not_picked":["Rampage","Seeing Red"],"picked":"Heavy Blade","floor":11},{"not_picked":["Anger","Iron Wave","Havoc"],"picked":"SKIP","floor":12},{"not_picked":["Iron Wave","Twin Strike"],"picked":"Fiend Fire","floor":13},{"not_picked":["Body Slam","Clothesline"],"picked":"Sword Boomerang","floor":14},{"not_picked":["Feed","Berserk"],"picked":"Limit Break","floor":16},{"not_picked":["Clash","Perfected Strike","Heavy Blade"],"picked":"SKIP","floor":18},{"not_picked":["Body Slam","Perfected Strike+1","Headbutt"],"picked":"SKIP","floor":23},{"not_picked":["Hemokinesis","Sword Boomerang"],"picked":"Shrug It Off+1","floor":28},{"not_picked":["Brutality","Pommel Strike","Sever Soul"],"picked":"SKIP","floor":30}],"player_experience":1701966,"relics_obtained":[{"floor":7,"key":"Potion Belt"},{"floor":9,"key":"Ginger"},{"floor":10,"key":"Oddly Smooth Stone"},{"floor":12,"key":"Omamori"},{"floor":14,"key":"Happy Flower"},{"floor":23,"key":"Pen Nib"},{"floor":26,"key":"Art of War"}],"event_choices":[{"cards_removed":["Strike_R"],"damage_healed":0,"gold_gain":0,"player_choice":"Card Removal","damage_taken":7,"max_hp_gain":0,"max_hp_loss":0,"event_name":"Golden Wing","floor":2,"gold_loss":0},{"damage_healed":18,"gold_gain":0,"player_choice":"Healed","damage_taken":0,"max_hp_gain":0,"max_hp_loss":0,"event_name":"The Cleric","floor":4,"gold_loss":35},{"damage_healed":0,"gold_gain":0,"player_choice":"Gave Potion","damage_taken":0,"relics_obtained":["Blue Candle"],"max_hp_gain":0,"max_hp_loss":0,"event_name":"WeMeetAgain","floor":8,"gold_loss":0},{"damage_healed":0,"gold_gain":0,"player_choice":"Joined the Cult","damage_taken":6,"max_hp_gain":0,"max_hp_loss":0,"event_name":"Nest","floor":20,"gold_loss":0,"cards_obtained":["RitualDagger"]},{"damage_healed":0,"gold_gain":0,"player_choice":"Stole Relic","damage_taken":0,"relics_obtained":["MawBank"],"max_hp_gain":0,"max_hp_loss":0,"event_name":"Addict","floor":21,"gold_loss":0,"cards_obtained":["Shame"]},{"damage_healed":0,"gold_gain":0,"player_choice":"Ignored","damage_taken":0,"max_hp_gain":0,"max_hp_loss":0,"event_name":"Ghosts","floor":25,"gold_loss":0},{"damage_healed":0,"gold_gain":0,"player_choice":"Fight","damage_taken":0,"max_hp_gain":0,"max_hp_loss":0,"event_name":"Colosseum","floor":31,"gold_loss":0}],"is_beta":false,"boss_relics":[{"not_picked":["Ectoplasm","Sozu"],"picked":"Fusion Hammer"}],"items_purged_floors":[19],"is_endless":false,"potions_floor_spawned":[7,12,14,16,18,23,29],"killed_by":"Colosseum Slavers","ascension_level":20}