{"gold_per_floor":[216,233,253,265,10,10,40,40,90,115,126,136,153,181,181,258,308,328,217,230,240,255,255,281,281,281,1,1],"floor_reached":28,"playtime":1062,"items_purged":["Strike_R"],"score":634,"play_id":"a8436d5b-1e93-446d-baff-0b4c228c06e3","local_time":"20190428034604","is_ascension_mode":true,"campfire_choices":[{"data":"Fiend Fire","floor":6,"key":"SMITH"},{"data":"Bash","floor":8,"key":"SMITH"},{"data":"Sword Boomerang","floor":15,"key":"SMITH"},{"floor":23,"key":"REST"},{"floor":25,"key":"REST"}],"neow_cost":"NONE","seed_source_timestamp":466675791733107,"circlet_count":0,"master_deck":["AscendersBane","Strike_R","Strike_R","Strike_R","Strike_R","Defend_R","Defend_R","Defend_R","Defend_R","Bash+1","Metallicize","Anger","Wild Strike","Fiend Fire+1","Sword Boomerang+1","Shrug It Off","Clothesline","Impervious+1","Cleave","Limit Break","Reaper","Corruption","Heavy Blade","Reckless Charge","Evolve","Pummel+1","Havoc+1","Impatience+1"],"relics":["Burning Blood","Brimstone","Bottled Flame","Vajra","Letter Opener","Tiny House","Red Mask","Toxic Egg 2","Bronze Scales"],"potions_floor_usage":[10,20,20,24],"damage_taken":[{"damage":6,"enemies":"Cultist","floor":1,"turns":3},{"damage":6,"enemies":"2 Louse","floor":2,"turns":4},{"damage":4,"enemies":"Small Slimes","floor":3,"turns":4},{"damage":5,"enemies":"Blue Slaver","floor":4,"turns":4},{"damage":0,"enemies":"Gremlin Nob","floor":7,"turns":2},{"damage":12,"enemies":"Lagavulin","floor":10,"turns":3},{"damage":0,"enemies":"Large Slime","floor":11,"turns":3},{"damage":13,"enemies":"3 Louse","floor":12,"turns":3},{"damage":0,"enemies":"2 Fungi Beasts","floor":13,"turns":2},{"damage":5,"enemies":"3 Sentries","floor":14,"turns":4},{"damage":0,"enemies":"Slime Boss","floor":16,"turns":5},{"damage":0,"enemies":"Spheric Guardian","floor":18,"turns":3},{"damage":31,"enemies":"3 Byrds","floor":20,"turns":4},{"damage":29,"enemies":"Snecko","floor":21,"turns":5},{"damage":7,"enemies":"Centurion and Healer","floor":22,"turns":3},{"damage":50,"enemies":"Masked Bandits","floor":24,"turns":4},{"damage":39,"enemies":"Book of Stabbing","floor":28,"turns":2}],"seed_played":"8650788953237135743","potions_obtained":[{"floor":3,"key":"Weak Potion"},{"floor":4,"key":"GamblersBrew"},{"floor":10,"key":"GamblersBrew"},{"floor":12,"key":"SteroidPotion"},{"floor":21,"key":"Ancient Potion"},{"floor":24,"key":"Fire Potion"}],"is_trial":false,"path_per_floor":["M","M","M","M","$","R","E","R","T","E","M","M","M","E","R","B",null,"M","$","M","M","M","R","?","R","T","$","E"],"character_chosen":"IRONCLAD","items_purchased":["Brimstone","Sword Boomerang","Reckless Charge","Havoc+1","Bronze Scales","Impatience+1"],"campfire_rested":2,"item_purchase_floors":[5,5,19,27,27,27],"current_hp_per_floor":[68,68,70,71,71,71,75,75,75,69,75,68,74,75,75,75,80,80,80,55,32,31,55,11,35,35,35,0],"gold":1,"neow_bonus":"HUNDRED_GOLD","is_prod":false,"is_daily":false,"chose_seed":false,"campfire_upgraded":3,"win_rate":0,"timestamp":1556437564,"path_taken":["M","M","M","M","$","R","E","R","T","E","M","M","M","E","R","BOSS","M","$","?","M","M","R","?","R","T","$","E"],"build_version":"2019-01-23","purchased_purges":1,"victory":false,"max_hp_per_floor":[75,75,75,75,75,75,75,75,75,75,75,75,75,75,75,75,80,80,80,80,80,80,80,80,80,80,80,80],"card_choices":[{"not_picked":["Sword Boomerang","Armaments"],"picked":"Metallicize","floor":1},{"not_picked":["Sword Boomerang","Iron Wave"],"picked":"Anger","floor":2},{"not_picked":["Metallicize","Evolve"],"picked":"Wild Strike","floor":3},{"not_picked":["Reckless Charge","Anger"],"picked":"Fiend Fire","floor":4},{"not_picked":["Perfected Strike","Sword Boomerang"],"picked":"Shrug It Off","floor":7},{"not_picked":["Pommel Strike","Rampage","Sword Boomerang"],"picked":"SKIP","floor":10},{"not_picked":["Pommel Strike","Sever Soul"],"picked":"Clothesline","floor":11},{"not_picked":["Pommel Strike","Clothesline"],"picked":"Impervious","floor":12},{"not_picked":["Twin Strike","Thunderclap"],"picked":"Cleave","floor":13},{"not_picked":["Infernal Blade","Power Through"],"picked":"Limit Break","floor":14},{"not_picked":["Immolate","Bludgeon"],"picked":"Reaper","floor":16},{"not_picked":["Combust","Carnage"],"picked":"Corruption","floor":17},{"not_picked":["Flex","True Grit"],"picked":"Heavy Blade","floor":18},{"not_picked":["Body Slam","Dropkick"],"picked":"Evolve","floor":20},{"not_picked":["Flex","Twin Strike","Corruption"],"picked":"SKIP","floor":21},{"not_picked":["Metallicize","Flex+1","Clash"],"picked":"SKIP","floor":22},{"not_picked":["Brutality","Flex"],"picked":"Pummel+1","floor":24}],"player_experience":2027164,"relics_obtained":[{"floor":7,"key":"Bottled Flame"},{"floor":10,"key":"Vajra"},{"floor":14,"key":"Letter Opener"},{"floor":24,"key":"Red Mask"},{"floor":26,"key":"Toxic Egg 2"}],"event_choices":[{"damage_healed":0,"gold_gain":0,"player_choice":"Fought Bandits","damage_taken":0,"max_hp_gain":0,"max_hp_loss":0,"event_name":"Masked Bandits","floor":24,"gold_loss":0}],"is_beta":false,"boss_relics":[{"not_picked":["White Beast Statue","Calling Bell"],"picked":"Tiny House"}],"items_purged_floors":[19],"is_endless":false,"potions_floor_spawned":[3,4,10,12,13,16,18,21,24],"killed_by":"Book of Stabbing","ascension_level":20}