{"gold_per_floor":[111,123,48,48,48,74,74,100,100,113,113,129,54,69,69,144,144,158,175,22,41,60,60,95,111,111,111,36,36,62,62,62,62],"floor_reached":33,"playtime":1328,"items_purged":["Strike_R","Defend_R"],"score":590,"play_id":"c518c9e2-1a1c-4e34-bae7-22017c7fa1a7","local_time":"20190318165409","is_ascension_mode":true,"campfire_choices":[{"data":"Bash","floor":7,"key":"SMITH"},{"data":"Inflame","floor":11,"key":"SMITH"},{"data":"Heavy Blade","floor":15,"key":"SMITH"},{"floor":23,"key":"REST"},{"floor":27,"key":"REST"},{"floor":29,"key":"REST"},{"floor":32,"key":"REST"}],"neow_cost":"PERCENT_DAMAGE","seed_source_timestamp":140790515183654,"circlet_count":0,"master_deck":["AscendersBane","Strike_R","Defend_R","Defend_R","Defend_R","Bash+1","Wild Strike+1","Feel No Pain","Inflame+1","Battle Trance","Heavy Blade+1","Bludgeon","Shrug It Off","Clothesline"],"relics":["Burning Blood","Torii","Pocketwatch","PreservedInsect","Singing Bowl","Pantograph","Busted Crown","Juzu Bracelet","WingedGreaves","Girya"],"potions_floor_usage":[16,21,25,33],"damage_taken":[{"damage":2,"enemies":"2 Louse","floor":1,"turns":3},{"damage":14,"enemies":"Small Slimes","floor":2,"turns":4},{"damage":9,"enemies":"3 Sentries","floor":6,"turns":10},{"damage":10,"enemies":"Lagavulin","floor":8,"turns":5},{"damage":12,"enemies":"Jaw Worm","floor":10,"turns":2},{"damage":0,"enemies":"Large Slime","floor":12,"turns":3},{"damage":1,"enemies":"3 Louse","floor":14,"turns":4},{"damage":44,"enemies":"Slime Boss","floor":16,"turns":9},{"damage":28,"enemies":"2 Thieves","floor":18,"turns":3},{"damage":0,"enemies":"Chosen","floor":19,"turns":3},{"damage":24,"enemies":"Snake Plant","floor":21,"turns":2},{"damage":18,"enemies":"Snecko","floor":22,"turns":3},{"damage":30,"enemies":"Book of Stabbing","floor":24,"turns":3},{"damage":23,"enemies":"Centurion and Healer","floor":25,"turns":4},{"damage":49,"enemies":"Slavers","floor":30,"turns":5},{"damage":106,"enemies":"Champ","floor":33,"turns":8}],"seed_played":"-4386657946968937408","potions_obtained":[{"floor":2,"key":"LiquidBronze"},{"floor":8,"key":"FairyPotion"},{"floor":14,"key":"Weak Potion"},{"floor":24,"key":"FearPotion"},{"floor":30,"key":"SpeedPotion"}],"is_trial":false,"path_per_floor":["M","M","?","?","?","E","R","E","T","M","R","M","$","M","R","B",null,"M","M","$","M","M","R","E","M","T","R","?","R","E","?","R","B"],"character_chosen":"IRONCLAD","items_purchased":["Shrug It Off"],"campfire_rested":4,"item_purchase_floors":[20],"current_hp_per_floor":[54,46,46,35,35,32,32,28,28,24,24,32,32,37,37,24,65,45,53,53,37,27,53,31,16,16,43,43,70,27,27,54,0],"gold":62,"neow_bonus":"ONE_RARE_RELIC","is_prod":false,"is_daily":false,"chose_seed":false,"campfire_upgraded":3,"win_rate":0,"timestamp":1552942449,"path_taken":["M","M","?","?","?","E","R","E","T","M","R","M","$","M","R","BOSS","M","M","$","M","M","R","E","M","T","R","?","R","E","?","R","BOSS"],"build_version":"2019-01-23","purchased_purges":2,"victory":false,"max_hp_per_floor":[75,75,75,75,75,75,75,75,75,77,77,79,79,79,79,79,79,81,83,83,85,87,87,89,91,91,91,91,91,91,91,91,91],"card_choices":[{"not_picked":["Warcry","Headbutt"],"picked":"Wild Strike","floor":1},{"not_picked":["Flex","Entrench"],"picked":"Feel No Pain","floor":2},{"not_picked":["Ghostly Armor","Flex"],"picked":"Inflame","floor":6},{"not_picked":["Armaments","Sentinel"],"picked":"Battle Trance","floor":8},{"not_picked":["Anger","Power Through","Corruption"],"picked":"Singing Bowl","floor":10},{"not_picked":["Hemokinesis","Twin Strike","Sword Boomerang"],"picked":"Singing Bowl","floor":12},{"not_picked":["Armaments","Rupture"],"picked":"Heavy Blade","floor":14},{"not_picked":["Berserk","Impervious"],"picked":"Bludgeon","floor":16},{"not_picked":["Seeing Red+1"],"picked":"Singing Bowl","floor":18},{"not_picked":["Burning Pact"],"picked":"Singing Bowl","floor":19},{"not_picked":["Anger"],"picked":"Singing Bowl","floor":21},{"not_picked":["Second Wind"],"picked":"Singing Bowl","floor":22},{"not_picked":["Headbutt"],"picked":"Singing Bowl","floor":24},{"not_picked":["Sword Boomerang"],"picked":"Singing Bowl","floor":25},{"not_picked":[],"picked":"Clothesline","floor":30}],"player_experience":1220986,"relics_obtained":[{"floor":6,"key":"PreservedInsect"},{"floor":8,"key":"Singing Bowl"},{"floor":9,"key":"Pantograph"},{"floor":24,"key":"Juzu Bracelet"},{"floor":26,"key":"WingedGreaves"},{"floor":30,"key":"Girya"}],"event_choices":[{"cards_removed":["Strike_R"],"damage_healed":0,"gold_gain":0,"player_choice":"Card Removal","damage_taken":0,"max_hp_gain":0,"max_hp_loss":0,"event_name":"The Cleric","floor":3,"gold_loss":75},{"damage_healed":0,"gold_gain":0,"player_choice":"Success","damage_taken":11,"relics_obtained":["Pocketwatch"],"max_hp_gain":0,"max_hp_loss":0,"event_name":"Scrap Ooze","floor":4,"gold_loss":0},{"damage_healed":0,"gold_gain":0,"player_choice":"Grow","damage_taken":0,"max_hp_gain":0,"max_hp_loss":0,"event_name":"Living Wall","floor":5,"gold_loss":0,"cards_upgraded":["Wild Strike"]},{"cards_removed":["Strike_R"],"damage_healed":0,"gold_gain":0,"player_choice":"Gave Gold","damage_taken":0,"max_hp_gain":0,"max_hp_loss":0,"event_name":"Beggar","floor":28,"gold_loss":75},{"cards_removed":["Strike_R"],"damage_healed":0,"gold_gain":0,"player_choice":"Elegance","damage_taken":0,"max_hp_gain":0,"max_hp_loss":0,"event_name":"Back to Basics","floor":31,"gold_loss":0}],"is_beta":false,"boss_relics":[{"not_picked":["Calling Bell","Runic Cube"],"picked":"Busted Crown"}],"items_purged_floors":[13,20],"is_endless":false,"potions_floor_spawned":[2,8,14,24,30],"killed_by":"Champ","ascension_level":20}