{"gold_per_floor":[116,116,130,55,55,80,80,36,36,55,55,75,104,124,124,201,201,215,234,234,234,252,252,46,46,95,110,126,156,156,167,167,167],"floor_reached":33,"playtime":1031,"items_purged":["Strike_B"],"score":604,"play_id":"afcaf0eb-6e0b-4e4f-a6d3-763e97b5d3b6","local_time":"20190106214637","is_ascension_mode":true,"campfire_choices":[{"data":"Zap","floor":7.0,"key":"SMITH"},{"data":"Sunder","floor":15.0,"key":"SMITH"},{"data":"Fission","floor":23.0,"key":"SMITH"},{"floor":25.0,"key":"REST"},{"floor":30.0,"key":"REST"},{"data":"Panache","floor":32,"key":"SMITH"}],"neow_cost":"NONE","seed_source_timestamp":36338486297171,"circlet_count":0,"master_deck":["AscendersBane","Strike_B","Strike_B","Defend_B","Defend_B","Defend_B","Defend_B","Zap+1","Dualcast","Glacier","Sunder+1","Glacier","FTL","Stack","Seek","Conserve Battery","All For One","Leap+1","Tempest+1","Undo","Fission+1","Panache+1","Gash","Reinforced Body","Leap","Go for the Eyes","Storm","Conserve Battery"],"special_seed":0,"relics":["Cracked Core","NeowsBlessing","Nunchaku","Mummified Hand","Dream Catcher","Bird Faced Urn","Sozu","Anchor","Omamori"],"potions_floor_usage":[],"damage_taken":[{"damage":0.0,"enemies":"Jaw Worm","floor":1.0,"turns":1.0},{"damage":0.0,"enemies":"Cultist","floor":3.0,"turns":1.0},{"damage":0.0,"enemies":"Gremlin Nob","floor":6.0,"turns":1.0},{"damage":10.0,"enemies":"Small Slimes","floor":10.0,"turns":3.0},{"damage":3.0,"enemies":"Blue Slaver","floor":12.0,"turns":2.0},{"damage":23.0,"enemies":"3 Sentries","floor":13.0,"turns":11.0},{"damage":0.0,"enemies":"2 Fungi Beasts","floor":14.0,"turns":2.0},{"damage":18.0,"enemies":"The Guardian","floor":16.0,"turns":16.0},{"damage":5.0,"enemies":"3 Byrds","floor":18.0,"turns":5.0},{"damage":0.0,"enemies":"Chosen","floor":19.0,"turns":5.0},{"damage":13.0,"enemies":"3 Cultists","floor":22.0,"turns":7.0},{"damage":2.0,"enemies":"Chosen and Byrds","floor":27.0,"turns":5.0},{"damage":9.0,"enemies":"Shelled Parasite and Fungi","floor":28.0,"turns":5.0},{"damage":35.0,"enemies":"Slavers","floor":29.0,"turns":5.0},{"damage":3,"enemies":"Sentry and Sphere","floor":31,"turns":4},{"damage":74,"enemies":"Automaton","floor":33,"turns":12}],"seed_played":"2802738120022842104","potions_obtained":[{"floor":1.0,"key":"Ancient Potion"},{"floor":10.0,"key":"Regen Potion"},{"floor":13.0,"key":"FearPotion"},{"floor":16.0,"key":"Regen Potion"}],"is_trial":false,"path_per_floor":["M","?","M","$","?","E","R","$","T","M","?","M","E","M","R","B",null,"M","M","?","?","M","R","$","R","T","M","M","E","R","M","R","B"],"character_chosen":"DEFECT","items_purchased":["Glacier","Panache","Gash"],"campfire_rested":2,"item_purchase_floors":[8,24,24],"current_hp_per_floor":[64,64,64,64,60,60,60,60,60,50,45,42,34,34,34,16,57,52,52,52,52,39,39,39,60,60,60,53,34,55,56,56,0],"gold":167,"neow_bonus":"THREE_ENEMY_KILL","is_prod":false,"is_daily":false,"chose_seed":false,"campfire_upgraded":4,"win_rate":0,"timestamp":1546836397,"path_taken":["M","?","M","$","?","E","R","$","T","?","?","M","E","M","R","BOSS","M","M","?","?","?","R","$","R","T","M","?","E","R","M","R","BOSS"],"build_version":"2019-01-03v4","purchased_purges":1,"victory":false,"max_hp_per_floor":[71,71,71,71,71,71,71,71,71,71,71,71,71,71,71,71,71,71,71,71,71,71,71,71,71,71,71,71,71,71,71,71,71],"card_choices":[{"not_picked":["Sweeping Beam","Gash"],"picked":"Glacier","floor":1.0},{"not_picked":["Rebound","Turbo"],"picked":"Sunder","floor":3.0},{"not_picked":["Double Energy","Rebound","Rainbow"],"picked":"SKIP","floor":6.0},{"not_picked":["Force Field","Turbo"],"picked":"FTL","floor":10.0},{"not_picked":["Streamline","Compile Driver"],"picked":"Stack","floor":12.0},{"not_picked":["Chill","Go for the Eyes"],"picked":"Seek","floor":13.0},{"not_picked":["Turbo","Stack"],"picked":"Conserve Battery","floor":14.0},{"not_picked":["Machine Learning","Hyperbeam"],"picked":"All For One","floor":16.0},{"not_picked":["Capacitor","Rebound"],"picked":"Leap+1","floor":18.0},{"not_picked":["Compile Driver","Doom and Gloom"],"picked":"Tempest+1","floor":19.0},{"not_picked":["Sweeping Beam","Steam"],"picked":"Fission","floor":22.0},{"not_picked":["Undo+1","Stack"],"picked":"Reinforced Body","floor":25.0},{"not_picked":["Hologram","Beam Cell"],"picked":"Leap","floor":27.0},{"not_picked":["Self Repair","Meteor Strike"],"picked":"Go for the Eyes","floor":28.0},{"not_picked":["Cold Snap","Sweeping Beam"],"picked":"Storm","floor":29.0},{"not_picked":["Coolheaded","Streamline"],"picked":"Conserve Battery","floor":30.0},{"not_picked":["Undo","Doom and Gloom","Self Repair"],"picked":"SKIP","floor":31}],"player_experience":1028475,"relics_obtained":[{"floor":6.0,"key":"Nunchaku"},{"floor":9.0,"key":"Mummified Hand"},{"floor":13.0,"key":"Bird Faced Urn"},{"floor":26.0,"key":"Anchor"},{"floor":29.0,"key":"Omamori"}],"event_choices":[{"damage_healed":0.0,"max_hp_gain":0.0,"max_hp_loss":0.0,"gold_gain":0.0,"event_name":"Liars Game","player_choice":"Ignored","floor":2.0,"gold_loss":0.0,"damage_taken":0.0},{"damage_healed":0.0,"max_hp_gain":0.0,"max_hp_loss":0.0,"gold_gain":0.0,"event_name":"The Woman in Blue","player_choice":"Bought 0 Potions","floor":5.0,"gold_loss":0.0,"damage_taken":0.0},{"damage_healed":0.0,"max_hp_gain":0.0,"max_hp_loss":0.0,"gold_gain":0.0,"event_name":"Scrap Ooze","player_choice":"Success","floor":11.0,"gold_loss":0.0,"damage_taken":5.0,"relics_obtained":["Dream Catcher"]},{"damage_healed":0.0,"max_hp_gain":0.0,"max_hp_loss":0.0,"gold_gain":0.0,"event_name":"Ghosts","player_choice":"Ignored","floor":20.0,"gold_loss":0.0,"damage_taken":0.0},{"damage_healed":0.0,"max_hp_gain":0.0,"max_hp_loss":0.0,"gold_gain":0.0,"cards_transformed":["Strike_B"],"event_name":"Transmorgrifier","player_choice":"Transformed","floor":21.0,"gold_loss":0.0,"damage_taken":0.0,"cards_obtained":["Undo"]}],"is_beta":true,"boss_relics":[{"not_picked":["Black Star","Calling Bell"],"picked":"Sozu"}],"items_purged_floors":[4],"is_endless":false,"potions_floor_spawned":[1,10,12,13,16,19,27,29],"killed_by":"Automaton","ascension_level":20}