{"gold_per_floor":[109,129,129,147,157,186,186,205,205,237,237,271,294,331,343,433,445,470,482],"floor_reached":19,"playtime":1298,"items_purged":[],"score":398,"play_id":"ddfdd5b0-c1ba-4257-9f74-689f270f8ec9","local_time":"20190318233035","is_ascension_mode":true,"campfire_choices":[{"data":"Twin Strike","floor":7,"key":"SMITH"},{"floor":15,"key":"REST"}],"neow_cost":"NONE","seed_source_timestamp":164608665404619,"circlet_count":0,"master_deck":["AscendersBane","Strike_R","Strike_R","Strike_R","Defend_R","Defend_R","Defend_R","Defend_R","Bash","Sword Boomerang","Shrug It Off","Ghostly Armor","Feel No Pain","Iron Wave","Twin Strike+1","Cleave","Shrug It Off","Body Slam+1","Body Slam+1","Whirlwind+1","Immolate+1"],"relics":["Burning Blood","Pantograph","Bottled Lightning","Molten Egg 2","MawBank","Ancient Tea Set","Eternal Feather"],"potions_floor_usage":[5,6,10,12,12,16,18],"damage_taken":[{"damage":3,"enemies":"2 Louse","floor":1,"turns":3},{"damage":6,"enemies":"Cultist","floor":2,"turns":3},{"damage":2,"enemies":"Jaw Worm","floor":4,"turns":5},{"damage":0,"enemies":"Blue Slaver","floor":5,"turns":8},{"damage":15,"enemies":"3 Sentries","floor":6,"turns":13},{"damage":1,"enemies":"Looter","floor":8,"turns":4},{"damage":25,"enemies":"Lagavulin","floor":10,"turns":7},{"damage":16,"enemies":"3 Sentries","floor":12,"turns":9},{"damage":6,"enemies":"Red Slaver","floor":13,"turns":4},{"damage":46,"enemies":"Gremlin Nob","floor":14,"turns":5},{"damage":57,"enemies":"The Guardian","floor":16,"turns":13},{"damage":40,"enemies":"Shell Parasite","floor":18,"turns":6},{"damage":2,"enemies":"3 Byrds","floor":19,"turns":3}],"seed_played":"6601632995006409156","potions_obtained":[{"floor":4,"key":"EntropicBrew"},{"floor":8,"key":"Poison Potion"},{"floor":10,"key":"SteroidPotion"},{"floor":14,"key":"GamblersBrew"},{"floor":16,"key":"PowerPotion"}],"is_trial":false,"path_per_floor":["M","M","?","M","M","E","R","M","T","E","?","E","M","E","R","B",null,"M","M"],"character_chosen":"IRONCLAD","items_purchased":[],"campfire_rested":1,"item_purchase_floors":[],"current_hp_per_floor":[78,78,78,82,82,73,73,78,78,59,59,57,57,17,41,15,65,31,29],"gold":482,"neow_bonus":"TEN_PERCENT_HP_BONUS","is_prod":false,"is_daily":false,"chose_seed":false,"campfire_upgraded":1,"win_rate":0,"timestamp":1552966235,"path_taken":["M","M","?","M","?","E","R","M","T","E","?","E","?","E","R","BOSS","M","M"],"build_version":"2019-01-23","purchased_purges":0,"victory":false,"max_hp_per_floor":[82,82,82,82,82,82,82,82,82,82,82,82,82,82,82,82,82,82,82],"card_choices":[{"not_picked":["Fire Breathing","Searing Blow"],"picked":"Sword Boomerang","floor":1},{"not_picked":["Bloodletting","Clash"],"picked":"Shrug It Off","floor":2},{"not_picked":["Warcry","Rupture"],"picked":"Feel No Pain","floor":4},{"not_picked":["Flex","Entrench"],"picked":"Iron Wave","floor":5},{"not_picked":["Anger","Double Tap"],"picked":"Twin Strike","floor":6},{"not_picked":["Havoc","Hemokinesis"],"picked":"Cleave","floor":8},{"not_picked":["Armaments","Sword Boomerang"],"picked":"Shrug It Off","floor":10},{"not_picked":["Iron Wave+1","Cleave+1"],"picked":"Body Slam+1","floor":12},{"not_picked":["Wild Strike+1","Clash+1"],"picked":"Body Slam+1","floor":13},{"not_picked":["Brutality","Hemokinesis+1"],"picked":"Whirlwind+1","floor":14},{"not_picked":["Berserk","Reaper+1"],"picked":"Immolate+1","floor":16},{"not_picked":["True Grit","Wild Strike+1","Armaments"],"picked":"SKIP","floor":18}],"player_experience":1237990,"relics_obtained":[{"floor":6,"key":"Pantograph"},{"floor":9,"key":"Bottled Lightning"},{"floor":10,"key":"Molten Egg 2"},{"floor":12,"key":"MawBank"},{"floor":14,"key":"Ancient Tea Set"}],"event_choices":[{"damage_healed":0,"gold_gain":0,"cards_transformed":["Strike_R"],"player_choice":"Transformed","damage_taken":0,"max_hp_gain":0,"max_hp_loss":0,"event_name":"Transmorgrifier","floor":3,"gold_loss":0,"cards_obtained":["Ghostly Armor"]},{"cards_removed":["Strike_R"],"damage_healed":0,"gold_gain":0,"player_choice":"Card Removal","damage_taken":0,"max_hp_gain":0,"max_hp_loss":0,"event_name":"Wheel of Change","floor":11,"gold_loss":0}],"is_beta":false,"boss_relics":[{"not_picked":["Snecko Eye","Orrery"],"picked":"Eternal Feather"}],"items_purged_floors":[],"is_endless":false,"potions_floor_spawned":[4,5,8,10,14,16],"killed_by":"3 Byrds","ascension_level":20}