{"gold_per_floor":[114,133,133,147,32,32,67,67,67,67,86,111,121,136,136,215,215,234,134,59,159,11,11,23,42,42,74,74,74,105,125,125,198,248,260,260,210,210,228,257,277,277,277,306,330,363,383,393,393,393,393,393,37,72,72],"floor_reached":56,"playtime":2549,"items_purged":["Strike_R","Strike_R","Fire Breathing+1"],"score":2118,"play_id":"a960d77e-3c64-4e93-bbbe-4951948e8888","local_time":"20190427023351","is_ascension_mode":true,"campfire_choices":[{"data":"Bash","floor":6,"key":"SMITH"},{"data":"Cleave","floor":10,"key":"SMITH"},{"data":"Flame Barrier","floor":15,"key":"SMITH"},{"floor":23,"key":"DIG"},{"floor":28,"key":"DIG"},{"floor":32,"key":"DIG"},{"floor":42,"key":"RECALL"},{"floor":49,"key":"DIG"},{"floor":52,"key":"DIG"}],"neow_cost":"NONE","seed_source_timestamp":1423108803465851,"circlet_count":0,"master_deck":["AscendersBane","Strike_R+1","Strike_R","Defend_R","Defend_R","Defend_R","Defend_R","Bash+1","Shockwave","Cleave+1","Demon Form","Feel No Pain","Impervious","Shrug It Off","Flame Barrier+1","Fiend Fire","Sword Boomerang","Armaments","Evolve+1","Infernal Blade+1","Inflame+1","Feel No Pain+1","Barricade+1","Demon Form+1","Impervious","Intimidate+1","Evolve+1","Rupture+1","PanicButton","Impervious"],"relics":["Burning Blood","Self Forming Clay","Omamori","Pear","Mercury Hourglass","Fusion Hammer","Shovel","Frozen Egg 2","Blue Candle","Pantograph","Sundial","Dead Branch","Question Card","Singing Bowl","Tiny House","Thread and Needle","The Courier","Red Skull","Meat on the Bone","Centennial Puzzle","Letter Opener","Bottled Lightning"],"potions_floor_usage":[18,24,44,46,50,55],"damage_taken":[{"damage":0,"enemies":"Small Slimes","floor":1,"turns":3},{"damage":8,"enemies":"2 Louse","floor":2,"turns":3},{"damage":1,"enemies":"Cultist","floor":4,"turns":3},{"damage":21,"enemies":"3 Sentries","floor":7,"turns":9},{"damage":15,"enemies":"Lots of Slimes","floor":11,"turns":4},{"damage":23,"enemies":"Gremlin Nob","floor":12,"turns":5},{"damage":0,"enemies":"2 Fungi Beasts","floor":13,"turns":2},{"damage":1,"enemies":"Blue Slaver","floor":14,"turns":5},{"damage":24,"enemies":"Hexaghost","floor":16,"turns":10},{"damage":7,"enemies":"Spheric Guardian","floor":18,"turns":6},{"damage":0,"enemies":"Colosseum Slavers","floor":21,"turns":5},{"damage":16,"enemies":"Colosseum Nobs","floor":21,"turns":4},{"damage":8,"enemies":"2 Thieves","floor":24,"turns":3},{"damage":6,"enemies":"Snake Plant","floor":25,"turns":4},{"damage":4,"enemies":"Gremlin Leader","floor":27,"turns":5},{"damage":4,"enemies":"Slavers","floor":30,"turns":5},{"damage":27,"enemies":"Shelled Parasite and Fungi","floor":31,"turns":4},{"damage":35,"enemies":"Champ","floor":33,"turns":7},{"damage":5,"enemies":"Orb Walker","floor":35,"turns":4},{"damage":1,"enemies":"3 Shapes","floor":39,"turns":4},{"damage":40,"enemies":"Reptomancer","floor":40,"turns":7},{"damage":22,"enemies":"Transient","floor":41,"turns":5},{"damage":21,"enemies":"Giant Head","floor":44,"turns":7},{"damage":12,"enemies":"Nemesis","floor":46,"turns":8},{"damage":3,"enemies":"Jaw Worm Horde","floor":47,"turns":4},{"damage":22,"enemies":"4 Shapes","floor":48,"turns":6},{"damage":31,"enemies":"Donu and Deca","floor":50,"turns":9},{"damage":31,"enemies":"Shield and Spear","floor":54,"turns":8},{"damage":7,"enemies":"The Heart","floor":55,"turns":7}],"seed_played":"-4303384005655182847","potions_obtained":[{"floor":1,"key":"SpeedPotion"},{"floor":11,"key":"SpeedPotion"},{"floor":12,"key":"SkillPotion"},{"floor":18,"key":"Fire Potion"},{"floor":24,"key":"Regen Potion"},{"floor":44,"key":"BloodPotion"},{"floor":46,"key":"Regen Potion"}],"is_trial":false,"path_per_floor":["M","M","?","M","$","R","E","?","T","R","M","E","M","M","R","B",null,"M","$","?","?","$","R","M","M","T","E","R","?","E","M","R","B",null,"M","?","$","?","M","E","M","R","T","E","T","E","M","M","R","B",null,"R","$","E","B",null],"character_chosen":"IRONCLAD","items_purchased":["Feel No Pain","Armaments","Evolve+1","Headbutt","PowerPotion","Evolve+1","Rupture+1","Fire Breathing+1","PanicButton"],"campfire_rested":0,"item_purchase_floors":[5,22,22,22,37,53,53,53,53],"current_hp_per_floor":[81,79,44,49,49,49,34,34,44,44,35,18,24,29,29,11,72,71,71,71,67,67,67,65,65,65,67,67,67,69,48,48,44,87,90,90,90,90,97,65,51,51,51,51,51,57,74,70,70,85,105,105,105,80,104],"gold":72,"neow_bonus":"TEN_PERCENT_HP_BONUS","is_prod":false,"is_daily":false,"chose_seed":false,"campfire_upgraded":3,"win_rate":0,"timestamp":1556346831,"path_taken":["M","M","?","M","$","R","E","?","T","R","M","E","?","M","R","BOSS","M","?","?","?","?","R","M","M","T","E","R","?","E","M","R","BOSS","M","?","$","?","M","E","?","R","T","E","?","E","M","M","R","BOSS","R","$","E","BOSS"],"build_version":"2019-04-23","purchased_purges":3,"victory":true,"max_hp_per_floor":[82,82,82,82,82,82,82,82,92,92,92,92,92,92,92,92,92,92,92,92,92,92,92,92,92,92,92,92,92,92,92,92,92,99,101,101,101,101,103,105,107,107,107,107,107,109,111,111,111,111,111,111,111,111,111],"card_choices":[{"not_picked":["Clash","Bloodletting"],"picked":"Shockwave","floor":1},{"not_picked":["Clash","Thunderclap"],"picked":"Cleave","floor":2},{"not_picked":["Twin Strike","Sword Boomerang"],"picked":"Demon Form","floor":4},{"not_picked":["Warcry","Body Slam","Rage"],"picked":"SKIP","floor":7},{"not_picked":["Ghostly Armor","Bloodletting"],"picked":"Shrug It Off","floor":11},{"not_picked":["Armaments","Bloodletting"],"picked":"Flame Barrier","floor":12},{"not_picked":["Perfected Strike","Uppercut","Cleave"],"picked":"SKIP","floor":13},{"not_picked":["Clash","Flex","Fire Breathing"],"picked":"SKIP","floor":14},{"not_picked":["Reaper","Juggernaut"],"picked":"Fiend Fire","floor":16},{"not_picked":["Dropkick+1","True Grit","Havoc"],"picked":"SKIP","floor":18},{"not_picked":["Flex","Whirlwind"],"picked":"Sword Boomerang","floor":21},{"not_picked":["Flex","Uppercut"],"picked":"Infernal Blade+1","floor":24},{"not_picked":["Body Slam","Second Wind"],"picked":"Inflame+1","floor":25},{"not_picked":["Inflame+1","Berserk+1"],"picked":"Feel No Pain+1","floor":27},{"not_picked":["Havoc","Combust+1","Hemokinesis"],"picked":"SKIP","floor":30},{"not_picked":["Pummel","Entrench","Warcry","Sword Boomerang"],"picked":"SKIP","floor":31},{"not_picked":["Double Tap","Exhume","Limit Break"],"picked":"Barricade+1","floor":33},{"not_picked":["Bloodletting","Perfected Strike","Iron Wave","Flex"],"picked":"Singing Bowl","floor":34},{"not_picked":["Second Wind+1","Sword Boomerang","Armaments","Warcry"],"picked":"Singing Bowl","floor":35},{"not_picked":["Heavy Blade","Clothesline","Cleave+1","Sword Boomerang"],"picked":"Singing Bowl","floor":39},{"not_picked":["Bludgeon","Heavy Blade","Flex","Burning Pact"],"picked":"Singing Bowl","floor":40},{"not_picked":["Wild Strike","Clothesline","Feel No Pain+1","Anger+1"],"picked":"Singing Bowl","floor":41},{"not_picked":["Searing Blow","Rupture+1","Sword Boomerang"],"picked":"Impervious","floor":44},{"not_picked":["Rampage","Twin Strike+1","Ghostly Armor","Headbutt"],"picked":"Singing Bowl","floor":46},{"not_picked":["Metallicize+1","Warcry","Blood for Blood","Headbutt"],"picked":"Singing Bowl","floor":47},{"not_picked":["Body Slam","Rampage","Headbutt+1"],"picked":"Intimidate+1","floor":48},{"not_picked":["Clash","Infernal Blade","Dual Wield+1"],"picked":"Impervious","floor":54}],"player_experience":2463147,"relics_obtained":[{"floor":7,"key":"Omamori"},{"floor":9,"key":"Pear"},{"floor":12,"key":"Mercury Hourglass"},{"floor":21,"key":"Shovel"},{"floor":21,"key":"Frozen Egg 2"},{"floor":23,"key":"Blue Candle"},{"floor":26,"key":"Pantograph"},{"floor":27,"key":"Sundial"},{"floor":28,"key":"Dead Branch"},{"floor":30,"key":"Question Card"},{"floor":32,"key":"Singing Bowl"},{"floor":40,"key":"Thread and Needle"},{"floor":44,"key":"The Courier"},{"floor":45,"key":"Red Skull"},{"floor":46,"key":"Meat on the Bone"},{"floor":49,"key":"Centennial Puzzle"},{"floor":52,"key":"Letter Opener"},{"floor":54,"key":"Bottled Lightning"}],"event_choices":[{"damage_healed":0,"gold_gain":0,"player_choice":"Success","damage_taken":35,"relics_obtained":["Self Forming Clay"],"max_hp_gain":0,"max_hp_loss":0,"event_name":"Scrap Ooze","floor":3,"gold_loss":0},{"damage_healed":0,"gold_gain":0,"player_choice":"1 cards matched","damage_taken":0,"max_hp_gain":0,"max_hp_loss":0,"event_name":"Match and Keep!","floor":8,"gold_loss":0,"cards_obtained":["Impervious"]},{"cards_removed":["Strike_R"],"damage_healed":0,"gold_gain":0,"player_choice":"Gave Gold","damage_taken":0,"max_hp_gain":0,"max_hp_loss":0,"event_name":"Beggar","floor":20,"gold_loss":75},{"damage_healed":0,"gold_gain":0,"player_choice":"Fight","damage_taken":0,"max_hp_gain":0,"max_hp_loss":0,"event_name":"Colosseum","floor":21,"gold_loss":0},{"damage_healed":0,"gold_gain":0,"player_choice":"Fought Nobs","damage_taken":0,"max_hp_gain":0,"max_hp_loss":0,"event_name":"Colosseum","floor":21,"gold_loss":0},{"damage_healed":0,"gold_gain":0,"player_choice":"Ignored","damage_taken":0,"max_hp_gain":0,"max_hp_loss":0,"event_name":"Ghosts","floor":29,"gold_loss":0},{"cards_removed":["Headbutt"],"damage_healed":0,"gold_gain":0,"player_choice":"Removed Attack","damage_taken":0,"max_hp_gain":0,"max_hp_loss":0,"event_name":"Falling","floor":36,"gold_loss":0},{"damage_healed":0,"gold_gain":0,"player_choice":"1 cards matched","damage_taken":0,"max_hp_gain":0,"max_hp_loss":0,"event_name":"Match and Keep!","floor":38,"gold_loss":0,"cards_obtained":["Demon Form"]}],"is_beta":true,"boss_relics":[{"not_picked":["Lizard Tail","Black Star"],"picked":"Fusion Hammer"},{"not_picked":["Runic Cube","Runic Pyramid"],"picked":"Tiny House"}],"items_purged_floors":[5,19,53],"is_endless":false,"potions_floor_spawned":[1,11,12,18,24,30,33,39,44,46,48],"ascension_level":15}