{"path_per_floor":["M","?","T","?","$","R","$","R","T","R","M","M","R","M","R","B",null,"M","M","$","M","?","R","E","R","T","R","M","M","$","M","R"],"character_chosen":"DEFECT","items_purchased":["Bandage Up","Coolheaded","Blood Vial","Glacier"],"gold_per_floor":[109,109,134,134,3,3,3,3,3,3,20,34,34,46,46,144,144,163,177,27,46,46,46,80,80,80,80,99,109,36,55,55,55],"floor_reached":33,"campfire_rested":3,"playtime":777,"item_purchase_floors":[5,5,20,30],"current_hp_per_floor":[68,61,61,61,61,61,61,61,61,61,56,62,62,53,53,46,63,33,28,28,17,17,37,14,34,34,34,14,12,12,5,25,0],"items_purged":[],"gold":55,"score":383,"play_id":"8729b7e5-fd7e-46d5-a6e2-cc94fc0a78cb","local_time":"20180607200826","is_prod":false,"is_daily":false,"chose_seed":false,"is_ascension_mode":true,"campfire_upgraded":3,"win_rate":0,"timestamp":1528427306,"campfire_choices":[{"data":"Zap","floor":6,"key":"SMITH"},{"data":"Redo","floor":8,"key":"SMITH"},{"data":"Bandage Up","floor":10,"key":"SMITH"},{"data":"1","floor":13,"key":"LIFT"},{"data":"2","floor":15,"key":"LIFT"},{"floor":23,"key":"REST"},{"floor":25,"key":"REST"},{"data":"3","floor":27,"key":"LIFT"},{"floor":32,"key":"REST"}],"path_taken":["M","?","?","?","?","R","$","R","T","R","?","M","R","M","R","BOSS","M","M","$","M","?","R","E","R","T","R","M","M","$","M","R","BOSS"],"build_version":"2018-06-07","seed_source_timestamp":120385244098160,"purchased_purges":0,"victory":false,"master_deck":["Strike_B","Strike_B","Strike_B","Defend_B","Defend_B","Defend_B","Defend_B","Zap+1","Dualcast","AscendersBane","Redo+1","Bandage Up+1","Coolheaded","Ball Lightning","Rebound","Cold Snap","Go for the Eyes+1","Ball Lightning+1","FTL+1","Loop+1","Blizzard","Go for the Eyes","Glacier","Blizzard+1"],"max_hp_per_floor":[68,68,68,68,68,68,68,68,68,68,68,68,68,68,68,68,68,68,68,68,68,68,68,68,68,68,68,68,68,68,68,68,68],"relics":["Cracked Core","Girya","Orichalcum","Bag of Marbles","Inserter","Blood Vial","Ornamental Fan","Pantograph"],"card_choices":[{"not_picked":["Rebound","Tempest"],"picked":"Redo","floor":1},{"not_picked":["Rebound","Double Energy"],"picked":"Ball Lightning","floor":11},{"not_picked":["Compile Driver","Streamline"],"picked":"Rebound","floor":12},{"not_picked":["Streamline","Static Discharge"],"picked":"Cold Snap","floor":14},{"not_picked":["Conserve Battery","Hologram"],"picked":"Go for the Eyes","floor":18},{"not_picked":["Steam","Beam Cell"],"picked":"Ball Lightning+1","floor":19},{"not_picked":["Coolheaded","Static Discharge"],"picked":"FTL+1","floor":21},{"not_picked":["Beam Cell","Go for the Eyes"],"picked":"Loop+1","floor":24},{"not_picked":["Skim","Capacitor"],"picked":"Blizzard","floor":28},{"not_picked":["Streamline+1","Force Field"],"picked":"Go for the Eyes","floor":29},{"not_picked":["Tempest","Redo"],"picked":"Blizzard+1","floor":31}],"player_experience":618811,"potions_floor_usage":[16,24,24,31],"damage_taken":[{"damage":0,"enemies":"Cultist","floor":1,"turns":3},{"damage":11,"enemies":"Small Slimes","floor":11,"turns":3},{"damage":0,"enemies":"2 Louse","floor":12,"turns":2},{"damage":15,"enemies":"Exordium Wildlife","floor":14,"turns":4},{"damage":13,"enemies":"The Guardian","floor":16,"turns":9},{"damage":36,"enemies":"3 Byrds","floor":18,"turns":5},{"damage":11,"enemies":"Shell Parasite","floor":19,"turns":3},{"damage":19,"enemies":"Centurion and Healer","floor":21,"turns":7},{"damage":31,"enemies":"Book of Stabbing","floor":24,"turns":6},{"damage":22,"enemies":"Snake Plant","floor":28,"turns":3},{"damage":10,"enemies":"3 Cultists","floor":29,"turns":5},{"damage":15,"enemies":"Slaver and Parasite","floor":31,"turns":5},{"damage":58,"enemies":"Collector","floor":33,"turns":6}],"relics_obtained":[{"floor":3,"key":"Orichalcum"},{"floor":9,"key":"Bag of Marbles"},{"floor":24,"key":"Ornamental Fan"},{"floor":26,"key":"Pantograph"}],"event_choices":[{"event_name":"Golden Wing","player_choice":"Card Removal","floor":2,"damage_taken":0},{"event_name":"The Lab","player_choice":"Got Potions","floor":4,"damage_taken":0},{"event_name":"Upgrade Shrine","player_choice":"Upgraded","floor":22,"damage_taken":0}],"boss_relics":[{"not_picked":["Snecko Eye","Ectoplasm"],"picked":"Inserter"}],"items_purged_floors":[],"potions_floor_spawned":[14,18,21,31],"seed_played":"8949409945408932579","killed_by":"Collector","ascension_level":10,"potions_obtained":[{"floor":4,"key":"Energy Potion"},{"floor":4,"key":"FocusPotion"},{"floor":4,"key":"SneckoOil"},{"floor":14,"key":"Energy Potion"},{"floor":18,"key":"AttackPotion"},{"floor":21,"key":"Dexterity Potion"},{"floor":31,"key":"GamblersBrew"}],"is_trial":false}