{"gold_per_floor":[117,128,145,216,216,216,10,10,57,57,82,82,6,22,22,94,94,112,127,127,142,42,42,70,70,141,171,171,171],"floor_reached":29,"playtime":1152,"items_purged":["Strike_R","Strike_R"],"score":518,"play_id":"cda9a191-46bb-4893-8d3a-d4c7632500aa","local_time":"20190428085550","is_ascension_mode":true,"campfire_choices":[{"data":"Sword Boomerang","floor":6,"key":"SMITH"},{"data":"Uppercut","floor":8,"key":"SMITH"},{"data":"Metallicize","floor":10,"key":"SMITH"},{"data":"Dark Shackles","floor":12,"key":"SMITH"},{"data":"Spot Weakness","floor":15,"key":"SMITH"},{"data":"Clothesline","floor":23,"key":"SMITH"},{"data":"Feed","floor":25,"key":"SMITH"},{"floor":28,"key":"RECALL"}],"neow_cost":"NONE","seed_source_timestamp":485174627478338,"circlet_count":0,"master_deck":["AscendersBane","Strike_R+1","Strike_R","Defend_R","Defend_R","Defend_R","Defend_R","Bash+1","Sword Boomerang+1","Uppercut+1","Disarm+1","Metallicize+1","Dark Shackles+1","Exhume","Exhume","Spot Weakness+1","Feed+1","Clothesline+1"],"relics":["Burning Blood","Pen Nib","Ginger","Coffee Dripper","Bag of Preparation","Kunai","Centennial Puzzle"],"potions_floor_usage":[19,21,24,24,27],"damage_taken":[{"damage":7,"enemies":"Small Slimes","floor":1,"turns":3},{"damage":10,"enemies":"2 Louse","floor":2,"turns":3},{"damage":7,"enemies":"Jaw Worm","floor":3,"turns":3},{"damage":17,"enemies":"Lagavulin","floor":11,"turns":6},{"damage":21,"enemies":"Exordium Thugs","floor":14,"turns":7},{"damage":7,"enemies":"Hexaghost","floor":16,"turns":11},{"damage":18,"enemies":"Shell Parasite","floor":18,"turns":8},{"damage":0,"enemies":"Chosen","floor":19,"turns":3},{"damage":14,"enemies":"Snake Plant","floor":21,"turns":4},{"damage":45,"enemies":"Slavers","floor":24,"turns":6},{"damage":34,"enemies":"Gremlin Leader","floor":27,"turns":10},{"damage":17,"enemies":"Sentry and Sphere","floor":29,"turns":3}],"seed_played":"-854800117239182522","potions_obtained":[{"floor":11,"key":"LiquidBronze"},{"floor":14,"key":"FearPotion"},{"floor":19,"key":"SneckoOil"},{"floor":21,"key":"BloodPotion"},{"floor":24,"key":"Regen Potion"}],"is_trial":false,"path_per_floor":["M","M","M","?","?","R","$","R","T","R","E","R","$","M","R","B",null,"M","M","?","M","$","R","E","R","T","E","R","M"],"character_chosen":"IRONCLAD","items_purchased":["Metallicize","Dark Shackles","Exhume"],"campfire_rested":0,"item_purchase_floors":[7,7,13],"current_hp_per_floor":[67,63,62,62,39,39,39,39,39,39,28,28,28,13,13,12,59,50,59,59,51,51,51,23,23,23,10,10,0],"gold":171,"neow_bonus":"UPGRADE_CARD","is_prod":false,"is_daily":false,"chose_seed":false,"campfire_upgraded":7,"win_rate":0,"timestamp":1556456150,"path_taken":["M","M","M","?","?","R","?","R","T","R","E","R","$","?","R","BOSS","M","M","?","M","?","R","E","R","T","E","R","M"],"build_version":"2019-01-23","purchased_purges":2,"victory":false,"max_hp_per_floor":[75,75,75,75,75,75,75,75,75,75,75,75,75,75,75,75,75,78,81,81,81,81,81,84,84,84,84,84,88],"card_choices":[{"not_picked":["Perfected Strike","Sever Soul"],"picked":"Sword Boomerang","floor":1},{"not_picked":["Infernal Blade","Hemokinesis"],"picked":"Uppercut","floor":2},{"not_picked":["Flex","Twin Strike"],"picked":"Disarm","floor":3},{"not_picked":["Armaments","Disarm"],"picked":"Exhume","floor":11},{"not_picked":["Rage","Sentinel"],"picked":"Spot Weakness","floor":14},{"not_picked":["Dark Embrace","Berserk"],"picked":"Feed","floor":16},{"not_picked":["Dual Wield","Body Slam","Infernal Blade+1"],"picked":"SKIP","floor":18},{"not_picked":["Wild Strike","Evolve"],"picked":"Clothesline","floor":19},{"not_picked":["Spot Weakness","Sword Boomerang","Reckless Charge"],"picked":"SKIP","floor":21},{"not_picked":["Sword Boomerang","Dual Wield","Power Through"],"picked":"SKIP","floor":24},{"not_picked":["Searing Blow+1","Pommel Strike","Havoc"],"picked":"SKIP","floor":27}],"player_experience":2045245,"relics_obtained":[{"floor":9,"key":"Pen Nib"},{"floor":11,"key":"Ginger"},{"floor":24,"key":"Bag of Preparation"},{"floor":26,"key":"Kunai"},{"floor":27,"key":"Centennial Puzzle"}],"event_choices":[{"damage_healed":0,"gold_gain":71,"player_choice":"Gained Gold","damage_taken":0,"max_hp_gain":0,"max_hp_loss":0,"event_name":"Golden Wing","floor":4,"gold_loss":0},{"damage_healed":0,"gold_gain":0,"player_choice":"Entered Light","damage_taken":23,"max_hp_gain":0,"max_hp_loss":0,"event_name":"Shining Light","floor":5,"gold_loss":0,"cards_upgraded":["Strike_R","Disarm"]},{"cards_removed":["Strike_R"],"damage_healed":0,"gold_gain":0,"player_choice":"Purged","damage_taken":0,"max_hp_gain":0,"max_hp_loss":0,"event_name":"Purifier","floor":20,"gold_loss":0}],"is_beta":false,"boss_relics":[{"not_picked":["Empty Cage","Astrolabe"],"picked":"Coffee Dripper"}],"items_purged_floors":[7,22],"is_endless":false,"potions_floor_spawned":[11,14,16,19,21,24],"killed_by":"Sentry and Sphere","ascension_level":20}