{"gold_per_floor":[112,129,144,144,160,160,190,190,269,289,12,112,112,125,125,199,199,210,210,228,228,247,279,291,337,349,361,400,423,31,31,31,103,103,122,37,37,8,283,608,608,635,635,635,648,648,679,690,690,690,690,690,690,10,42,42],"floor_reached":57,"playtime":13489,"items_purged":["Strike_G","Masterful Stab+1"],"score":2942,"play_id":"3ecf9131-6859-49ac-8eaf-26ad7847e584","local_time":"20190506211750","is_ascension_mode":true,"campfire_choices":[{"data":"Masterful Stab","floor":6.0,"key":"SMITH"},{"floor":8.0,"key":"REST"},{"data":"Noxious Fumes","floor":13.0,"key":"SMITH"},{"data":"Neutralize","floor":15.0,"key":"SMITH"},{"floor":24.0,"key":"REST"},{"floor":27.0,"key":"REST"},{"data":"Catalyst","floor":32.0,"key":"SMITH"},{"floor":41.0,"key":"RECALL"},{"data":"Wraith Form v2","floor":44.0,"key":"SMITH"},{"data":"Well Laid Plans","floor":46.0,"key":"SMITH"},{"data":"Dagger Spray","floor":49.0,"key":"PURGE"},{"data":"Cloak And Dagger","floor":53,"key":"PURGE"}],"neow_cost":"NONE","seed_source_timestamp":1207776727932382,"circlet_count":0,"master_deck":["AscendersBane","Defend_G+1","Defend_G+1","Defend_G+1","Defend_G+1","Defend_G+1","Survivor+1","Neutralize+1","Wraith Form v2+1","Well Laid Plans+1","Noxious Fumes+1","Night Terror+1","Catalyst+1","Poisoned Stab+1","Bite+1","Bite+1","Bite+1","Bite+1","Bite+1","Malaise+1","Prepared+1","Malaise+1","PiercingWail+1","Escape Plan+1","Choke+1","Sucker Punch+1","Malaise+1","Thinking Ahead+1","Madness+1","Prepared+1"],"special_seed":0,"relics":["Ring of the Snake","Bronze Scales","Peace Pipe","Snake Skull","Pear","Membership Card","Black Star","Incense Burner","MawBank","Gremlin Horn","Torii","Molten Egg 2","Juzu Bracelet","Smiling Mask","Toxic Egg 2","Anchor","ClockworkSouvenir","Coffee Dripper","Omamori","Centennial Puzzle","Old Coin","The Specimen","War Paint","Letter Opener","Vajra","Happy Flower","Kunai","Strange Spoon","Tough Bandages","Pen Nib"],"potions_floor_usage":[55,55],"damage_taken":[{"damage":0.0,"enemies":"Cultist","floor":1.0,"turns":4.0},{"damage":7.0,"enemies":"Jaw Worm","floor":2.0,"turns":5.0},{"damage":3.0,"enemies":"2 Louse","floor":3.0,"turns":4.0},{"damage":7.0,"enemies":"Exordium Thugs","floor":5.0,"turns":5.0},{"damage":23.0,"enemies":"Lagavulin","floor":7.0,"turns":8.0},{"damage":0.0,"enemies":"Blue Slaver","floor":10.0,"turns":3.0},{"damage":7.0,"enemies":"Large Slime","floor":14.0,"turns":7.0},{"damage":5.0,"enemies":"Hexaghost","floor":16.0,"turns":10.0},{"damage":34.0,"enemies":"2 Thieves","floor":18.0,"turns":5.0},{"damage":5.0,"enemies":"3 Byrds","floor":20.0,"turns":4.0},{"damage":13.0,"enemies":"Centurion and Healer","floor":22.0,"turns":5.0},{"damage":11.0,"enemies":"Slavers","floor":23.0,"turns":4.0},{"damage":0.0,"enemies":"Gremlin Leader","floor":25.0,"turns":6.0},{"damage":36.0,"enemies":"Slavers","floor":28.0,"turns":10.0},{"damage":1.0,"enemies":"Cultist and Chosen","floor":29.0,"turns":7.0},{"damage":29.0,"enemies":"Collector","floor":33.0,"turns":7.0},{"damage":22.0,"enemies":"3 Darklings","floor":35.0,"turns":6.0},{"damage":16.0,"enemies":"Reptomancer","floor":40.0,"turns":5.0},{"damage":53.0,"enemies":"Giant Head","floor":42.0,"turns":9.0},{"damage":1.0,"enemies":"3 Shapes","floor":45.0,"turns":3.0},{"damage":0.0,"enemies":"Reptomancer","floor":47.0,"turns":5.0},{"damage":2.0,"enemies":"Jaw Worm Horde","floor":48.0,"turns":5.0},{"damage":25.0,"enemies":"Donu and Deca","floor":50.0,"turns":11.0},{"damage":21,"enemies":"Awakened One","floor":51,"turns":12},{"damage":32,"enemies":"Shield and Spear","floor":55,"turns":8},{"damage":47,"enemies":"The Heart","floor":56,"turns":9}],"seed_played":"8262833379952821263","potions_obtained":[{"floor":2.0,"key":"GamblersBrew"},{"floor":10.0,"key":"PowerPotion"},{"floor":16.0,"key":"Poison Potion"},{"floor":18.0,"key":"Strength Potion"},{"floor":20.0,"key":"Fire Potion"},{"floor":25.0,"key":"SneckoOil"},{"floor":33.0,"key":"GhostInAJar"},{"floor":40.0,"key":"LiquidBronze"},{"floor":42.0,"key":"Ancient Potion"},{"floor":47.0,"key":"Poison Potion"}],"is_trial":false,"path_per_floor":["M","M","M","?","M","R","E","R","T","M","$","?","R","M","R","B",null,"M","?","M","?","M","E","R","E","T","R","E","M","$","?","R","B",null,"M","$","?","$","?","E","R","E","T","R","M","R","E","M","R","B","B",null,"R","$","E","B",null],"character_chosen":"THE_SILENT","items_purchased":["Membership Card","Noxious Fumes","Toxic Egg 2","Anchor","Regen Potion","ClockworkSouvenir","Fire Potion","Omamori","Prepared+1","Happy Flower","Poison Potion","Ancient Potion","Malaise+1","Kunai","Strange Spoon","Thinking Ahead+1","Madness+1"],"campfire_rested":3,"item_purchase_floors":[11,11,30,30,30,30,30,36,38,54,54,54,54,54,54,54,54],"current_hp_per_floor":[59,52,49,31,24,24,1,20,30,30,30,30,30,23,23,18,62,28,43,38,38,25,14,36,36,36,58,22,21,21,21,21,28,47,43,43,43,43,43,45,45,15,15,15,23,23,41,53,53,49,53,53,53,53,48,19],"gold":42,"neow_bonus":"RANDOM_COMMON_RELIC","is_prod":false,"is_daily":false,"chose_seed":false,"campfire_upgraded":6,"win_rate":0,"timestamp":1557191870,"path_taken":["M","M","?","?","M","R","E","R","T","M","$","?","R","?","R","BOSS","M","?","M","?","M","E","R","E","T","R","E","M","$","?","R","BOSS","M","$","?","$","?","E","R","E","T","R","M","R","E","M","R","BOSS","BOSS","R","$","E","BOSS"],"build_version":"2019-01-23","purchased_purges":2,"victory":true,"max_hp_per_floor":[66,66,66,66,66,66,66,66,76,76,76,76,76,76,76,76,76,76,76,76,76,76,76,76,76,76,76,76,76,76,53,53,53,53,53,53,53,53,53,53,53,53,53,53,53,53,53,53,53,53,53,53,53,53,53,53],"card_choices":[{"not_picked":["Flying Knee","Concentrate"],"picked":"Cloak And Dagger","floor":1.0},{"not_picked":["Cloak And Dagger","Reflex"],"picked":"Wraith Form v2","floor":2.0},{"not_picked":["Deflect","Outmaneuver","Prepared"],"picked":"SKIP","floor":3.0},{"not_picked":["Flying Knee","Acrobatics"],"picked":"Masterful Stab","floor":5.0},{"not_picked":["Infinite Blades","Bullet Time","All Out Attack"],"picked":"SKIP","floor":7.0},{"not_picked":["Terror","All Out Attack"],"picked":"Well Laid Plans","floor":10.0},{"not_picked":["Outmaneuver","Reflex","Deflect"],"picked":"SKIP","floor":14.0},{"not_picked":["Storm of Steel","Die Die Die"],"picked":"Night Terror","floor":16.0},{"not_picked":["Outmaneuver","Noxious Fumes","Slice"],"picked":"SKIP","floor":18.0},{"not_picked":["Underhanded Strike","Bane"],"picked":"Dagger Spray","floor":20.0},{"not_picked":["Bane","Dash"],"picked":"Catalyst","floor":22.0},{"not_picked":["Accuracy","Blade Dance","Setup"],"picked":"SKIP","floor":23.0},{"not_picked":["Unload","Predator","Infinite Blades"],"picked":"SKIP","floor":25.0},{"not_picked":["Sucker Punch+1","Choke+1"],"picked":"Poisoned Stab+1","floor":28.0},{"not_picked":["Expertise","Caltrops","Predator+1"],"picked":"SKIP","floor":29.0},{"not_picked":["Corpse Explosion+1","After Image"],"picked":"Malaise+1","floor":33.0},{"not_picked":["Outmaneuver+1","Underhanded Strike+1","Skewer+1"],"picked":"SKIP","floor":35.0},{"not_picked":["Deadly Poison+1","Bane+1"],"picked":"Malaise+1","floor":40.0},{"not_picked":["Accuracy","Well Laid Plans"],"picked":"PiercingWail+1","floor":42.0},{"not_picked":["Deflect+1","Flying Knee+1"],"picked":"Escape Plan+1","floor":45.0},{"not_picked":["Distraction+1","Dagger Throw+1"],"picked":"Choke+1","floor":47.0},{"not_picked":["Accuracy","Poisoned Stab+1"],"picked":"Sucker Punch+1","floor":48.0},{"not_picked":["Flying Knee+1","Dagger Throw+1"],"picked":"Prepared+1","floor":55}],"player_experience":2416324,"relics_obtained":[{"floor":7.0,"key":"Snake Skull"},{"floor":9.0,"key":"Pear"},{"floor":23.0,"key":"Incense Burner"},{"floor":23.0,"key":"MawBank"},{"floor":25.0,"key":"Gremlin Horn"},{"floor":25.0,"key":"Torii"},{"floor":26.0,"key":"Molten Egg 2"},{"floor":28.0,"key":"Juzu Bracelet"},{"floor":28.0,"key":"Smiling Mask"},{"floor":40.0,"key":"Centennial Puzzle"},{"floor":40.0,"key":"Old Coin"},{"floor":42.0,"key":"The Specimen"},{"floor":42.0,"key":"War Paint"},{"floor":47.0,"key":"Letter Opener"},{"floor":47.0,"key":"Vajra"},{"floor":55,"key":"Tough Bandages"},{"floor":55,"key":"Pen Nib"}],"event_choices":[{"damage_healed":0.0,"max_hp_gain":0.0,"max_hp_loss":0.0,"gold_gain":0.0,"event_name":"Scrap Ooze","player_choice":"Success","floor":4.0,"gold_loss":0.0,"damage_taken":18.0,"relics_obtained":["Peace Pipe"]},{"damage_healed":0.0,"max_hp_gain":0.0,"max_hp_loss":0.0,"gold_gain":100.0,"event_name":"Wheel of Change","player_choice":"Gold","floor":12.0,"gold_loss":0.0,"damage_taken":0.0},{"damage_healed":15.0,"max_hp_gain":0.0,"max_hp_loss":0.0,"gold_gain":0.0,"event_name":"The Library","player_choice":"Heal","floor":19.0,"gold_loss":0.0,"damage_taken":0.0},{"damage_healed":0.0,"max_hp_gain":0.0,"max_hp_loss":0.0,"gold_gain":0.0,"event_name":"Back to Basics","player_choice":"Simplicity","floor":21.0,"gold_loss":0.0,"damage_taken":0.0,"cards_upgraded":["Defend_G","Defend_G","Defend_G","Defend_G","Defend_G","Strike_G","Strike_G","Strike_G","Strike_G"]},{"damage_healed":0.0,"max_hp_gain":0.0,"max_hp_loss":23.0,"gold_gain":0.0,"event_name":"Vampires","player_choice":"Became a vampire","floor":31.0,"gold_loss":0.0,"damage_taken":0.0,"cards_obtained":["Bite","Bite","Bite","Bite","Bite"]},{"damage_healed":0.0,"max_hp_gain":0.0,"max_hp_loss":0.0,"gold_gain":0.0,"event_name":"SecretPortal","player_choice":"Ignored","floor":37.0,"gold_loss":0.0,"damage_taken":0.0},{"damage_healed":0.0,"max_hp_gain":0.0,"max_hp_loss":0.0,"gold_gain":275.0,"event_name":"Golden Shrine","player_choice":"Desecrate","floor":39.0,"gold_loss":0.0,"damage_taken":0.0,"cards_obtained":["Regret"]}],"is_beta":false,"boss_relics":[{"not_picked":["White Beast Statue","Lizard Tail"],"picked":"Black Star"},{"not_picked":["Eternal Feather","Ring of the Serpent"],"picked":"Coffee Dripper"}],"items_purged_floors":[11,54],"is_endless":false,"potions_floor_spawned":[2,10,16,18,20,25,33,40,42,47],"ascension_level":20}