{"path_per_floor":["M","?","?","?","?","E","R","$","T","E","M","M","M","M","R","B",null,"M","?","M","?","?","R","T","R","T","E","T","E","M","$","R","B",null,"M","?","$","?","?","E","R","E","T","M","E","?","?","M","R","B"],"character_chosen":"THE_SILENT","items_purchased":["Tiny Chest","Endless Agony","Letter Opener","Energy Potion","Eviscerate","Calculated Gamble","Predator"],"gold_per_floor":[112,112,112,187,187,215,215,16,16,42,55,70,85,98,98,174,174,186,186,201,201,201,201,227,227,227,259,340,367,381,101,101,174,174,192,192,46,46,46,76,76,102,102,112,143,143,143,156,156,156],"floor_reached":51,"campfire_rested":2,"playtime":2699,"current_hp_per_floor":[59,59,59,48,28,28,47,47,47,49,49,49,51,44,44,3,53,43,43,32,32,11,35,35,35,35,33,35,34,32,32,32,7,31,33,33,33,33,51,39,39,35,35,37,37,48,43,48,48,13],"items_purged":["Regret"],"gold":156,"score":1485,"play_id":"a611b7cf-3755-4709-b26d-c2b2e3960e1d","local_time":"20180412224702","is_prod":false,"is_daily":false,"chose_seed":false,"is_ascension_mode":true,"campfire_upgraded":5,"timestamp":1523587622,"path_taken":["M","?","?","?","?","E","R","$","T","E","M","M","M","M","R","BOSS","M","?","M","?","?","R","?","R","T","E","?","E","M","?","R","BOSS","M","?","$","?","?","E","R","E","T","?","E","?","?","M","R","BOSS"],"build_version":"2018-04-12","seed_source_timestamp":2060387142381,"purchased_purges":2,"victory":true,"master_deck":["Survivor","Neutralize+1","AscendersBane","Riddle With Holes+1","Dagger Throw","Backflip","Well Laid Plans+1","Glass Knife+1","Backflip","Acrobatics","Masterful Stab+1","Acrobatics","Bane+1","Terror+1","Riddle With Holes+1","Noxious Fumes+1","Quick Slash+1","Deadly Poison+1","Dagger Spray+1","Ghostly+1","Ghostly","Ghostly","Ghostly","Ghostly","Necronomicurse","Endless Agony+1","Flying Knee+1","Predator+1","Endless Agony+1","Eviscerate+1","Calculated Gamble+1","Predator+1","Skewer+1","Prepared+1","Writhe","Mind Blast+1","Mind Blast+1"],"max_hp_per_floor":[66,66,66,66,66,66,66,66,66,68,68,68,70,70,70,70,70,70,70,70,35,35,35,35,35,35,35,37,39,39,39,39,39,39,41,41,41,41,51,51,51,53,53,55,57,57,57,59,59,59],"relics":["Ring of the Snake","NeowsBlessing","Singing Bowl","Calipers","Tiny Chest","Molten Egg 2","Regal Pillow","Pandora\u0027s Box","Necronomicon","Prayer Wheel","Ninja Scroll","Ginger","Mercury Hourglass","The Courier","Letter Opener","Lizard Tail","Lantern","Ice Cream","Pantograph","Bird Faced Urn"],"card_choices":[{"not_picked":["Quick Slash","Dodge and Roll"],"picked":"Riddle With Holes","floor":1},{"not_picked":["Deadly Poison","Choke"],"picked":"Dagger Throw","floor":6},{"not_picked":["Deadly Poison","Acrobatics"],"picked":"Backflip","floor":11},{"not_picked":["Catalyst","Sucker Punch"],"picked":"Well Laid Plans","floor":12},{"not_picked":["Prepared","Dagger Spray"],"picked":"Backflip","floor":14},{"not_picked":["Storm of Steel","Unload"],"picked":"Glass Knife","floor":16},{"not_picked":["Distraction","Leg Sweep"],"picked":"Deadly Poison","floor":18},{"not_picked":["Bouncing Flask","Cloak And Dagger"],"picked":"Dagger Spray","floor":20},{"not_picked":["Deflect","Sucker Punch"],"picked":"Endless Agony","floor":26},{"not_picked":["Poisoned Stab","Blur"],"picked":"Flying Knee","floor":27},{"not_picked":["Eviscerate","Poisoned Stab"],"picked":"Predator","floor":30},{"not_picked":["Phantasmal Killer","Corpse Explosion"],"picked":"Tactician","floor":33},{"not_picked":["Expertise","Dagger Throw"],"picked":"Skewer","floor":40},{"not_picked":["PiercingWail","Deadly Poison"],"picked":"Prepared","floor":43},{"not_picked":["Blind","Good Instincts"],"picked":"Mind Blast","floor":47},{"not_picked":["Good Instincts","Secret Technique"],"picked":"Mind Blast","floor":47}],"player_experience":840768,"potions_floor_usage":[16,16,16,20,33,44,45,45,50,50],"damage_taken":[{"damage":0,"enemies":"Small Slimes","floor":1,"turns":1},{"damage":0,"enemies":"Gremlin Nob","floor":6,"turns":1},{"damage":0,"enemies":"3 Sentries","floor":10,"turns":1},{"damage":0,"enemies":"Jaw Worm","floor":11,"turns":3},{"damage":0,"enemies":"2 Louse","floor":12,"turns":2},{"damage":0,"enemies":"Blue Slaver","floor":13,"turns":5},{"damage":7,"enemies":"3 Louse","floor":14,"turns":4},{"damage":53,"enemies":"Slime Boss","floor":16,"turns":17},{"damage":10,"enemies":"3 Byrds","floor":18,"turns":6},{"damage":11,"enemies":"2 Thieves","floor":20,"turns":3},{"damage":2,"enemies":"Book of Stabbing","floor":27,"turns":5},{"damage":3,"enemies":"Gremlin Leader","floor":29,"turns":3},{"damage":2,"enemies":"3 Cultists","floor":30,"turns":3},{"damage":25,"enemies":"Collector","floor":33,"turns":6},{"damage":0,"enemies":"3 Shapes","floor":35,"turns":2},{"damage":12,"enemies":"2 Orb Walkers","floor":40,"turns":5},{"damage":6,"enemies":"Nemesis","floor":42,"turns":5},{"damage":0,"enemies":"3 Darklings","floor":44,"turns":2},{"damage":2,"enemies":"Giant Head","floor":45,"turns":6},{"damage":1,"enemies":"4 Shapes","floor":48,"turns":5},{"damage":50,"enemies":"Awakened One","floor":50,"turns":10}],"event_choices":[{"event_name":"Living Wall","player_choice":"Grow","floor":2,"damage_taken":0},{"event_name":"Big Fish","player_choice":"Box","floor":3,"damage_taken":0},{"event_name":"World of Goop","player_choice":"Gather Gold","floor":4,"damage_taken":0},{"event_name":"Shining Light","player_choice":"Entered Light","floor":5,"damage_taken":0},{"event_name":"The Mausoleum","player_choice":"No","floor":19,"damage_taken":0},{"event_name":"Ghosts","player_choice":"Became a Ghost","floor":21,"damage_taken":0},{"event_name":"Cursed Tome","player_choice":"Obtained Book","floor":22,"damage_taken":0},{"event_name":"Purifier","player_choice":"One Purge","floor":38,"damage_taken":0},{"event_name":"Bonfire Elementals","player_choice":"RARE","floor":39,"damage_taken":0},{"event_name":"Winding Halls","player_choice":"Writhe","floor":46,"damage_taken":0},{"event_name":"SensoryStone","player_choice":"Memory 2","floor":47,"damage_taken":0}],"boss_relics":[{"not_picked":["Calling Bell","Snecko Eye"],"picked":"Pandora\u0027s Box"},{"not_picked":["White Beast Statue","Eternal Feather"],"picked":"Lizard Tail"}],"potions_floor_spawned":[10,11,13,16,18,30,33,35,42,44,48],"seed_played":"-4502919349829498491","ascension_level":15,"is_trial":false}