{"gold_per_floor":[112,130,305,318,318,318,329,329,329,342,352,39,53,81,81,178,178,196,196,96,110,120,120,120,198,198,210,224,224,71,99,99,199,199,212,222,222,222,235,262,262,295,350,350,350,20,37,54,54,54],"floor_reached":51,"playtime":4180,"items_purged":["Doubt","Burning Pact"],"score":704,"play_id":"1c26d41b-821f-4fa0-8b16-9be283424f98","local_time":"20180710182825","is_ascension_mode":false,"campfire_choices":[{"data":"Heavy Blade","floor":6.0,"key":"SMITH"},{"data":"Armaments","floor":8.0,"key":"SMITH"},{"data":"Clash","floor":15.0,"key":"SMITH"},{"data":"Demon Form","floor":23.0,"key":"SMITH"},{"data":"Perfected Strike","floor":29.0,"key":"SMITH"},{"data":"Perfected Strike","floor":32.0,"key":"SMITH"},{"data":"Flame Barrier","floor":41,"key":"SMITH"},{"data":"Bludgeon","floor":44,"key":"SMITH"},{"data":"Madness","floor":49,"key":"SMITH"}],"neow_cost":"NONE","seed_source_timestamp":0,"circlet_count":0,"master_deck":["Strike_R","Strike_R","Strike_R","Strike_R","Strike_R","Defend_R+1","Defend_R","Defend_R","Bash","Clash+1","Heavy Blade+1","Shockwave","Armaments+1","Perfected Strike+1","Impervious+1","Immolate","Perfected Strike+1","Demon Form+1","Spot Weakness+1","Cleave+1","Perfected Strike+1","Body Slam+1","Pommel Strike+1","Immolate","Warcry+1","Pommel Strike+1","Flame Barrier+1","Bludgeon+1","Madness","Madness+1","Rampage+1"],"special_seed":0,"relics":["Burning Blood","Gremlin Horn","Matryoshka","Lantern","Velvet Choker","War Paint","Question Card","Orichalcum","Meat on the Bone","Vajra","Self Forming Clay","Busted Crown","Unceasing Top","Mummified Hand","Smiling Mask","Potion Belt","Anchor"],"potions_floor_usage":[40,42,47,50,50,50,50],"damage_taken":[{"damage":9.0,"enemies":"2 Louse","floor":1.0,"turns":3.0},{"damage":6.0,"enemies":"Jaw Worm","floor":2.0,"turns":2.0},{"damage":5.0,"enemies":"Small Slimes","floor":4.0,"turns":4.0},{"damage":16.0,"enemies":"2 Fungi Beasts","floor":7.0,"turns":4.0},{"damage":14.0,"enemies":"Blue Slaver","floor":10.0,"turns":4.0},{"damage":6.0,"enemies":"Exordium Wildlife","floor":11.0,"turns":3.0},{"damage":7.0,"enemies":"Looter","floor":13.0,"turns":3.0},{"damage":6.0,"enemies":"3 Sentries","floor":14.0,"turns":7.0},{"damage":64.0,"enemies":"The Guardian","floor":16.0,"turns":14.0},{"damage":5.0,"enemies":"Shell Parasite","floor":18.0,"turns":6.0},{"damage":0.0,"enemies":"3 Byrds","floor":21.0,"turns":4.0},{"damage":10.0,"enemies":"Sentry and Sphere","floor":22.0,"turns":5.0},{"damage":7.0,"enemies":"Centurion and Healer","floor":27.0,"turns":4.0},{"damage":5.0,"enemies":"Cultist and Chosen","floor":28.0,"turns":3.0},{"damage":17.0,"enemies":"Book of Stabbing","floor":31.0,"turns":5.0},{"damage":31.0,"enemies":"Collector","floor":33.0,"turns":7.0},{"damage":20.0,"enemies":"3 Darklings","floor":35.0,"turns":3.0},{"damage":5.0,"enemies":"Orb Walker","floor":36.0,"turns":3.0},{"damage":0.0,"floor":37.0,"turns":4.0},{"damage":6.0,"enemies":"Maw","floor":39.0,"turns":5.0},{"damage":13,"enemies":"Nemesis","floor":40,"turns":3},{"damage":12,"enemies":"Giant Head","floor":42,"turns":6},{"damage":3,"enemies":"4 Shapes","floor":47,"turns":3},{"damage":0,"enemies":"3 Darklings","floor":48,"turns":3},{"damage":46,"enemies":"Time Eater","floor":50,"turns":7}],"seed_played":"-8313043095645440021","potions_obtained":[{"floor":7.0,"key":"BloodPotion"},{"floor":11.0,"key":"Block Potion"},{"floor":13.0,"key":"SpeedPotion"},{"floor":18.0,"key":"EssenceOfSteel"},{"floor":27.0,"key":"SteroidPotion"},{"floor":33.0,"key":"SpeedPotion"},{"floor":36.0,"key":"Ancient Potion"},{"floor":39.0,"key":"SteroidPotion"},{"floor":40,"key":"SneckoOil"},{"floor":48,"key":"Ancient Potion"}],"is_trial":false,"path_per_floor":["M","M","?","M","?","R","M","R","T","M","M","$","M","E","R","B",null,"M","?","$","M","M","R","?","T","T","M","M","R","$","E","R","B",null,"M","M","?","?","M","E","R","E","T","R","?","$","M","M","R","B"],"character_chosen":"IRONCLAD","items_purchased":["Matryoshka","Vajra","Anchor","Regen Potion","SpeedPotion","Explosive Potion"],"campfire_rested":0,"item_purchase_floors":[12,30,46,46,46,46],"current_hp_per_floor":[77,77,77,78,83,83,73,73,73,73,73,73,72,72,72,14,85,85,85,85,85,81,81,81,81,81,80,81,81,81,70,70,57,85,71,72,78,78,78,71,71,65,65,65,54,54,62,68,68,40],"gold":54,"neow_bonus":"ONE_RANDOM_RARE_CARD","is_prod":false,"is_daily":false,"chose_seed":false,"campfire_upgraded":9,"win_rate":0,"timestamp":1531261705,"path_taken":["M","M","?","M","?","R","M","R","T","?","M","$","M","E","R","BOSS","M","?","$","M","M","R","?","?","T","M","M","R","?","E","R","BOSS","M","M","?","?","M","E","R","E","T","R","?","$","M","M","R","BOSS"],"build_version":"2018-07-05","purchased_purges":2,"victory":true,"max_hp_per_floor":[80,80,80,80,85,85,85,85,85,85,85,85,85,85,85,85,85,85,85,85,85,85,85,85,85,85,85,85,85,85,85,85,85,85,85,85,85,85,85,85,85,85,85,85,85,85,85,85,85,85],"card_choices":[{"not_picked":["Flex","Iron Wave"],"picked":"Clash","floor":1.0},{"not_picked":["Anger","Cleave"],"picked":"Heavy Blade","floor":2.0},{"not_picked":["Fiend Fire","Headbutt"],"picked":"Shockwave","floor":4.0},{"not_picked":["Iron Wave","Anger"],"picked":"Armaments","floor":7.0},{"not_picked":["Flame Barrier","Intimidate","True Grit"],"picked":"SKIP","floor":10.0},{"not_picked":["Flame Barrier","Hemokinesis"],"picked":"Burning Pact","floor":11.0},{"not_picked":["Searing Blow","Heavy Blade"],"picked":"Perfected Strike","floor":13.0},{"not_picked":["Reckless Charge","Thunderclap"],"picked":"Impervious","floor":14.0},{"not_picked":["Dark Embrace","Offering"],"picked":"Immolate","floor":16.0},{"not_picked":["Second Wind+1","Reckless Charge"],"picked":"Perfected Strike+1","floor":18.0},{"not_picked":["Rage+1","Evolve"],"picked":"Spot Weakness","floor":21.0},{"not_picked":["Bloodletting","Anger"],"picked":"Cleave+1","floor":22.0},{"not_picked":["Searing Blow","Evolve","Havoc"],"picked":"Perfected Strike","floor":27.0},{"not_picked":["Combust+1","Rage","Sword Boomerang"],"picked":"Body Slam+1","floor":28.0},{"not_picked":["Body Slam+1","Combust","Perfected Strike"],"picked":"Pommel Strike+1","floor":31.0},{"not_picked":["Brutality","Fiend Fire","Bludgeon"],"picked":"Immolate","floor":33.0},{"not_picked":["Shrug It Off","True Grit+1"],"picked":"SKIP","floor":35.0},{"not_picked":["Hemokinesis+1"],"picked":"Warcry+1","floor":36.0},{"not_picked":["Feel No Pain"],"picked":"Pommel Strike+1","floor":39.0},{"not_picked":["Rupture+1"],"picked":"Flame Barrier","floor":40},{"not_picked":["Thunderclap+1"],"picked":"Bludgeon","floor":42},{"not_picked":["Dropkick"],"picked":"Rampage+1","floor":47},{"not_picked":["Rupture","Hemokinesis"],"picked":"SKIP","floor":48}],"player_experience":74121,"relics_obtained":[{"floor":9.0,"key":"Gremlin Horn"},{"floor":14.0,"key":"Lantern"},{"floor":25.0,"key":"War Paint"},{"floor":25.0,"key":"Question Card"},{"floor":26.0,"key":"Orichalcum"},{"floor":26.0,"key":"Meat on the Bone"},{"floor":31.0,"key":"Self Forming Clay"},{"floor":37.0,"key":"Unceasing Top"},{"floor":40,"key":"Mummified Hand"},{"floor":42,"key":"Smiling Mask"},{"floor":43,"key":"Potion Belt"}],"event_choices":[{"event_name":"Liars Game","player_choice":"agreed","floor":3.0,"damage_taken":0.0},{"event_name":"Big Fish","player_choice":"Donut","floor":5.0,"damage_taken":0.0},{"event_name":"Transmorgrifier","player_choice":"Transform","floor":19.0,"damage_taken":0.0},{"event_name":"Upgrade Shrine","player_choice":"Upgraded","floor":24.0,"damage_taken":0.0},{"event_name":"MindBloom","player_choice":"Fight","floor":37.0,"damage_taken":0.0},{"event_name":"Falling","player_choice":"Removed Skill","floor":38.0,"damage_taken":0.0},{"event_name":"Winding Halls","player_choice":"Embrace Madness","floor":45,"damage_taken":0}],"boss_relics":[{"not_picked":["Snecko Eye","Lizard Tail"],"picked":"Velvet Choker"},{"not_picked":["Runic Cube","Orrery"],"picked":"Busted Crown"}],"items_purged_floors":[12,20],"is_endless":false,"potions_floor_spawned":[7,11,13,18,27,33,36,39,40,48],"ascension_level":0}