{"gold_per_floor":[119,135,150,130,17,17,28,55,81,81,112,112,112,123,123,196,196,211,261,176,20,34,34,51,51,51,65,83,83,83,83,83,160,160,173,173,96,115,131,131,6,33,33,60,75,75,75],"floor_reached":47,"playtime":1824,"items_purged":["Pain","Clumsy","Clumsy"],"score":866,"play_id":"ed0158da-a3fb-469b-a01f-c59125059074","local_time":"20190316143933","is_ascension_mode":true,"campfire_choices":[{"floor":6.0,"key":"REST"},{"data":"Neutralize","floor":13.0,"key":"SMITH"},{"floor":15.0,"key":"REST"},{"data":"After Image","floor":23.0,"key":"SMITH"},{"data":"Infinite Blades","floor":30.0,"key":"SMITH"},{"floor":32.0,"key":"REST"},{"data":"Catalyst","floor":40.0,"key":"SMITH"}],"neow_cost":"NONE","seed_source_timestamp":0,"circlet_count":0,"master_deck":["AscendersBane","Defend_G","Defend_G","Defend_G","Defend_G","Defend_G","Strike_G","Strike_G","Strike_G","Strike_G","Strike_G","Survivor","Neutralize+1","Blur","Dagger Throw","Deadly Poison","Noxious Fumes","Dagger Spray","Backflip","After Image+1","PiercingWail","Dodge and Roll","Venomology","Calculated Gamble","Infinite Blades+1","Catalyst+1","Malaise","Cloak And Dagger","Corpse Explosion","Well Laid Plans","Dodge and Roll"],"special_seed":0,"relics":["Calling Bell","Bronze Scales","Mercury Hourglass","Incense Burner","Vajra","Anchor","Oddly Smooth Stone","Kunai","Orrery","MawBank","Molten Egg 2","Coffee Dripper","Dead Branch","Bottled Lightning","Frozen Egg 2"],"potions_floor_usage":[42,44],"damage_taken":[{"damage":9.0,"enemies":"Cultist","floor":1.0,"turns":4.0},{"damage":4.0,"enemies":"Jaw Worm","floor":2.0,"turns":6.0},{"damage":0.0,"enemies":"2 Louse","floor":3.0,"turns":3.0},{"damage":19.0,"enemies":"Exordium Thugs","floor":4.0,"turns":4.0},{"damage":4.0,"enemies":"Blue Slaver","floor":7.0,"turns":4.0},{"damage":21.0,"enemies":"Gremlin Nob","floor":8.0,"turns":5.0},{"damage":22.0,"enemies":"Lagavulin","floor":11.0,"turns":7.0},{"damage":0.0,"enemies":"2 Fungi Beasts","floor":14.0,"turns":2.0},{"damage":21.0,"enemies":"The Guardian","floor":16.0,"turns":12.0},{"damage":0.0,"enemies":"3 Byrds","floor":18.0,"turns":3.0},{"damage":5.0,"enemies":"Spheric Guardian","floor":22.0,"turns":6.0},{"damage":0.0,"enemies":"Chosen and Byrds","floor":24.0,"turns":5.0},{"damage":4.0,"enemies":"Centurion and Healer","floor":27.0,"turns":9.0},{"damage":19.0,"enemies":"Cultist and Chosen","floor":28.0,"turns":8.0},{"damage":2.0,"enemies":"Colosseum Slavers","floor":31.0,"turns":6.0},{"damage":2.0,"enemies":"Automaton","floor":33.0,"turns":13.0},{"damage":1.0,"enemies":"3 Shapes","floor":35.0,"turns":6.0},{"damage":4.0,"enemies":"Orb Walker","floor":38.0,"turns":3.0},{"damage":9.0,"enemies":"Spire Growth","floor":39.0,"turns":7.0},{"damage":27,"enemies":"Reptomancer","floor":42,"turns":9},{"damage":14,"enemies":"Nemesis","floor":44,"turns":11},{"damage":0,"enemies":"Sphere and 2 Shapes","floor":45,"turns":5}],"seed_played":"-8207740736479300859","potions_obtained":[{"floor":1.0,"key":"Weak Potion"},{"floor":2.0,"key":"Energy Potion"},{"floor":14.0,"key":"LiquidBronze"},{"floor":28.0,"key":"Dexterity Potion"},{"floor":33.0,"key":"PowerPotion"},{"floor":44,"key":"GamblersBrew"}],"is_trial":false,"path_per_floor":["M","M","M","M","$","R","M","E","T","?","E","T","R","M","R","B",null,"M","?","?","$","M","R","M","?","T","M","M","$","R","?","R","B",null,"M","?","$","M","M","R","$","E","T","E","M","?","?"],"character_chosen":"THE_SILENT","items_purchased":["Noxious Fumes","Infinite Blades","Well Laid Plans"],"campfire_rested":3,"item_purchase_floors":[5,21,37],"current_hp_per_floor":[50,46,46,27,27,46,42,21,21,43,21,21,21,21,40,19,54,54,54,54,54,49,49,49,49,49,45,26,26,26,24,43,41,60,59,59,59,55,46,46,46,19,19,20,20,20,20],"gold":75,"neow_bonus":"BOSS_RELIC","is_prod":false,"is_daily":false,"chose_seed":false,"campfire_upgraded":4,"win_rate":0,"timestamp":1552761573,"path_taken":["M","?","M","M","$","R","M","E","T","?","E","?","R","M","R","BOSS","M","?","?","$","M","R","?","?","T","M","M","$","R","?","R","BOSS","M","?","$","M","M","R","$","E","T","E","M","?","?"],"build_version":"2019-03-15","purchased_purges":3,"victory":false,"max_hp_per_floor":[66,66,66,66,66,66,66,66,66,66,66,66,66,66,66,66,66,66,66,66,66,66,66,66,66,66,66,66,66,66,66,66,66,66,66,66,66,66,66,66,66,66,66,66,66,66,66],"card_choices":[{"not_picked":["Prepared","Endless Agony"],"picked":"Blur","floor":1.0},{"not_picked":["Bane","Backflip"],"picked":"Dagger Throw","floor":2.0},{"not_picked":["Underhanded Strike","Quick Slash"],"picked":"Deadly Poison","floor":3.0},{"not_picked":["Bane","Tactician","Deflect"],"picked":"SKIP","floor":4.0},{"not_picked":["Sucker Punch","Dodge and Roll","Acrobatics"],"picked":"SKIP","floor":7.0},{"not_picked":["Acrobatics","Endless Agony"],"picked":"Dagger Spray","floor":8.0},{"not_picked":["Doppelganger","Bane","Prepared"],"picked":"SKIP","floor":11.0},{"not_picked":["Deadly Poison","Predator"],"picked":"Backflip","floor":14.0},{"not_picked":["Adrenaline","Doppelganger"],"picked":"After Image","floor":16.0},{"not_picked":["Underhanded Strike","Caltrops"],"picked":"PiercingWail","floor":17.0},{"not_picked":["Deadly Poison","Underhanded Strike"],"picked":"Dodge and Roll","floor":17.0},{"not_picked":["Underhanded Strike","Sucker Punch"],"picked":"Venomology","floor":17.0},{"not_picked":["Slice","Accuracy"],"picked":"Calculated Gamble","floor":17.0},{"not_picked":["Bouncing Flask","Predator","Poisoned Stab"],"picked":"SKIP","floor":18.0},{"not_picked":["Noxious Fumes","Crippling Poison"],"picked":"Catalyst","floor":22.0},{"not_picked":["Blade Dance","Deflect","Prepared"],"picked":"SKIP","floor":24.0},{"not_picked":["Prepared","Dodge and Roll"],"picked":"Malaise","floor":27.0},{"not_picked":["Escape Plan","Dodge and Roll"],"picked":"Cloak And Dagger","floor":28.0},{"not_picked":["Burst","Phantasmal Killer"],"picked":"Corpse Explosion","floor":33.0},{"not_picked":["Poisoned Stab+1","Accuracy","Quick Slash+1"],"picked":"SKIP","floor":35.0},{"not_picked":["Blade Dance","Choke+1","Eviscerate+1"],"picked":"SKIP","floor":38.0},{"not_picked":["Quick Slash+1","Endless Agony+1"],"picked":"Dodge and Roll","floor":39.0},{"not_picked":["Concentrate+1","Unload+1","Infinite Blades"],"picked":"SKIP","floor":42},{"not_picked":["Masterful Stab+1","Dash+1","Bane+1"],"picked":"SKIP","floor":44},{"not_picked":["Eviscerate+1","Backstab+1","Cloak And Dagger"],"picked":"SKIP","floor":45}],"player_experience":2201586,"relics_obtained":[{"floor":0.0,"key":"Bronze Scales"},{"floor":0.0,"key":"Mercury Hourglass"},{"floor":0.0,"key":"Incense Burner"},{"floor":8.0,"key":"Vajra"},{"floor":9.0,"key":"Anchor"},{"floor":11.0,"key":"Oddly Smooth Stone"},{"floor":12.0,"key":"Kunai"},{"floor":26.0,"key":"Molten Egg 2"},{"floor":42,"key":"Dead Branch"},{"floor":43,"key":"Bottled Lightning"},{"floor":44,"key":"Frozen Egg 2"}],"event_choices":[{"damage_healed":22.0,"max_hp_gain":0.0,"max_hp_loss":0.0,"gold_gain":0.0,"event_name":"Big Fish","player_choice":"Banana","floor":10.0,"gold_loss":0.0,"damage_taken":0.0},{"damage_healed":0.0,"max_hp_gain":0.0,"max_hp_loss":0.0,"gold_gain":50.0,"event_name":"Nest","player_choice":"Stole From Cult","floor":19.0,"gold_loss":0.0,"damage_taken":0.0},{"damage_healed":0.0,"max_hp_gain":0.0,"max_hp_loss":0.0,"gold_gain":0.0,"event_name":"Addict","player_choice":"Obtained Relic","floor":20.0,"gold_loss":85.0,"damage_taken":0.0,"relics_obtained":["MawBank"]},{"damage_healed":0.0,"max_hp_gain":0.0,"max_hp_loss":0.0,"gold_gain":0.0,"event_name":"Cursed Tome","player_choice":"Ignored","floor":25.0,"gold_loss":0.0,"damage_taken":0.0},{"damage_healed":0.0,"max_hp_gain":0.0,"max_hp_loss":0.0,"gold_gain":0.0,"event_name":"Colosseum","player_choice":"Fight","floor":31.0,"gold_loss":0.0,"damage_taken":0.0},{"damage_healed":0.0,"max_hp_gain":0.0,"max_hp_loss":0.0,"gold_gain":0.0,"event_name":"Colosseum","player_choice":"Fled From Nobs","floor":31.0,"gold_loss":0.0,"damage_taken":0.0},{"damage_healed":0.0,"max_hp_gain":0.0,"max_hp_loss":0.0,"gold_gain":0.0,"event_name":"Tomb of Lord Red Mask","player_choice":"Ignored","floor":36.0,"gold_loss":0.0,"damage_taken":0.0},{"damage_healed":0,"gold_gain":0,"player_choice":"Ignored","damage_taken":0,"max_hp_gain":0,"max_hp_loss":0,"event_name":"Mysterious Sphere","floor":46,"gold_loss":0},{"damage_healed":0,"gold_gain":0,"player_choice":"Ignored","damage_taken":0,"max_hp_gain":0,"max_hp_loss":0,"event_name":"The Moai Head","floor":47,"gold_loss":0}],"is_beta":true,"boss_relics":[{"not_picked":["Eternal Feather","Runic Dome"],"picked":"Orrery"},{"not_picked":["White Beast Statue","Empty Cage"],"picked":"Coffee Dripper"}],"items_purged_floors":[5,21,41],"is_endless":false,"potions_floor_spawned":[1,2,14,22,28,31,33,44,45],"ascension_level":15}