{"gold_per_floor":[109,259,30,30,48,75,75,94,144,178,188,203,44,59,59,131,131,148,127,2,2,2,34,34,54,80,80,80],"floor_reached":28,"playtime":1019,"items_purged":["Doubt"],"score":546,"play_id":"4546cd35-b8d8-45bb-822e-61cefad8cd6d","local_time":"20190423004109","is_ascension_mode":true,"campfire_choices":[{"data":"Uppercut","floor":7,"key":"SMITH"},{"data":"Demon Form","floor":15,"key":"SMITH"},{"data":"Disarm","floor":24,"key":"SMITH"},{"data":"Metallicize","floor":27,"key":"SMITH"}],"neow_cost":"NONE","seed_source_timestamp":23593784044542,"circlet_count":0,"master_deck":["AscendersBane","Strike_R","Strike_R","Strike_R","Strike_R","Strike_R","Defend_R","Defend_R","Defend_R","Bash","Perfected Strike","Metallicize","Uppercut+1","Disarm+1","Demon Form+1","Body Slam","Flex+1","Shockwave+1","Dual Wield+1","Metallicize+1","Twin Strike","Warcry+1","Immolate","Reaper","Shrug It Off+1","Heavy Blade","Feel No Pain","Entrench+1","Decay","Headbutt","Body Slam+1"],"relics":["Burning Blood","NeowsBlessing","Oddly Smooth Stone","Smiling Mask","Toxic Egg 2","Mark of Pain","Du-Vu Doll","Bronze Scales"],"potions_floor_usage":[10,10,18,18,28],"damage_taken":[{"damage":0,"enemies":"Small Slimes","floor":1,"turns":1},{"damage":0,"enemies":"Jaw Worm","floor":5,"turns":1},{"damage":0,"enemies":"Gremlin Nob","floor":6,"turns":1},{"damage":0,"enemies":"Cultist","floor":8,"turns":3},{"damage":48,"enemies":"3 Sentries","floor":10,"turns":7},{"damage":24,"enemies":"Lots of Slimes","floor":11,"turns":6},{"damage":2,"enemies":"2 Fungi Beasts","floor":12,"turns":4},{"damage":5,"enemies":"Looter","floor":14,"turns":3},{"damage":14,"enemies":"Hexaghost","floor":16,"turns":9},{"damage":12,"enemies":"3 Byrds","floor":18,"turns":7},{"damage":17,"enemies":"2 Thieves","floor":19,"turns":4},{"damage":34,"enemies":"Book of Stabbing","floor":23,"turns":8},{"damage":29,"enemies":"Snake Plant","floor":25,"turns":6},{"damage":35,"enemies":"Cultist and Chosen","floor":28,"turns":3}],"seed_played":"-6709090426680574759","potions_obtained":[{"floor":1,"key":"BloodPotion"},{"floor":6,"key":"Weak Potion"},{"floor":12,"key":"Poison Potion"},{"floor":14,"key":"FairyPotion"},{"floor":16,"key":"Regen Potion"},{"floor":19,"key":"Explosive Potion"}],"is_trial":false,"path_per_floor":["M","?","$","?","M","E","R","M","T","E","M","M","$","M","R","B",null,"M","M","$","?","?","E","R","M","T","R","M"],"character_chosen":"IRONCLAD","items_purchased":["Metallicize","Uppercut","Metallicize","Twin Strike","Warcry+1","Feel No Pain","Entrench+1"],"campfire_rested":0,"item_purchase_floors":[3,3,13,13,13,20,20],"current_hp_per_floor":[74,74,74,74,75,75,75,75,75,40,22,26,26,27,27,19,61,75,68,68,68,68,46,46,29,29,29,0],"gold":80,"neow_bonus":"THREE_ENEMY_KILL","is_prod":false,"is_daily":false,"chose_seed":false,"campfire_upgraded":4,"win_rate":0,"timestamp":1555994469,"path_taken":["M","?","?","?","?","E","R","M","T","E","M","M","$","M","R","BOSS","M","M","?","?","?","E","R","M","T","R","?"],"build_version":"2019-01-23","purchased_purges":1,"victory":false,"max_hp_per_floor":[75,75,75,75,75,75,75,75,75,75,75,75,75,75,75,75,75,75,75,75,75,75,75,75,75,75,75,75],"card_choices":[{"not_picked":["Pummel","Wild Strike"],"picked":"Perfected Strike","floor":1},{"not_picked":["Uppercut","Thunderclap"],"picked":"Disarm","floor":5},{"not_picked":["Entrench","Rupture"],"picked":"Demon Form","floor":6},{"not_picked":["Infernal Blade","Havoc"],"picked":"Body Slam","floor":8},{"not_picked":["Anger","Bloodletting"],"picked":"Flex","floor":10},{"not_picked":["Sentinel+1","Cleave"],"picked":"Shockwave+1","floor":11},{"not_picked":["Clash","Thunderclap"],"picked":"Dual Wield+1","floor":12},{"not_picked":["Searing Blow","Clash"],"picked":"Immolate","floor":14},{"not_picked":["Berserk","Dark Embrace"],"picked":"Reaper","floor":16},{"not_picked":["Armaments+1","Reckless Charge"],"picked":"Shrug It Off+1","floor":18},{"not_picked":["Evolve","Wild Strike"],"picked":"Heavy Blade","floor":19},{"not_picked":["Rampage","Wild Strike"],"picked":"Headbutt","floor":23},{"not_picked":["Power Through+1","Clothesline"],"picked":"Body Slam+1","floor":25}],"player_experience":1878694,"relics_obtained":[{"floor":6,"key":"Oddly Smooth Stone"},{"floor":9,"key":"Smiling Mask"},{"floor":10,"key":"Toxic Egg 2"},{"floor":23,"key":"Du-Vu Doll"},{"floor":26,"key":"Bronze Scales"}],"event_choices":[{"damage_healed":0,"gold_gain":150,"player_choice":"AGREE","damage_taken":0,"max_hp_gain":0,"max_hp_loss":0,"event_name":"Liars Game","floor":2,"gold_loss":0,"cards_obtained":["Doubt"]},{"cards_removed":["Defend_R"],"damage_healed":0,"gold_gain":0,"player_choice":"Offered Basic","damage_taken":0,"max_hp_gain":0,"max_hp_loss":0,"event_name":"Bonfire Elementals","floor":4,"gold_loss":0},{"damage_healed":0,"gold_gain":0,"player_choice":"Ignored","damage_taken":0,"max_hp_gain":0,"max_hp_loss":0,"event_name":"Beggar","floor":21,"gold_loss":0},{"damage_healed":0,"gold_gain":0,"player_choice":"Cursed","damage_taken":0,"max_hp_gain":0,"max_hp_loss":0,"event_name":"Wheel of Change","floor":22,"gold_loss":0,"cards_obtained":["Decay"]}],"is_beta":false,"boss_relics":[{"not_picked":["Black Blood","Coffee Dripper"],"picked":"Mark of Pain"}],"items_purged_floors":[3],"is_endless":false,"potions_floor_spawned":[1,6,12,14,16,19],"killed_by":"Cultist and Chosen","ascension_level":20}