{"gold_per_floor":[111,122,122,43,43,43,43,73,73,404,404,424,424,143,143,143],"floor_reached":16,"playtime":247,"items_purged":["Strike_B"],"score":262,"play_id":"6faa13bc-f551-4186-bd14-da04cd7e992b","local_time":"20190216150626","is_ascension_mode":true,"campfire_choices":[{"data":"Defragment","floor":6,"key":"SMITH"},{"data":"Zap","floor":7,"key":"SMITH"},{"data":"Fusion","floor":11,"key":"SMITH"},{"floor":15,"key":"REST"}],"neow_cost":"NONE","seed_source_timestamp":102903232030575,"circlet_count":0,"master_deck":["AscendersBane","Strike_B","Strike_B","Defend_B","Defend_B","Defend_B","Defend_B","Zap+1","Dualcast","Hologram","FTL","Skim","Defragment+1","Buffer","Fusion+1","Apotheosis"],"relics":["Cracked Core","NeowsBlessing","WingedGreaves","Juzu Bracelet","Old Coin"],"potions_floor_usage":[10,10],"damage_taken":[{"damage":0,"enemies":"Small Slimes","floor":1,"turns":1},{"damage":0,"enemies":"Cultist","floor":2,"turns":1},{"damage":0,"enemies":"Lagavulin","floor":8,"turns":1},{"damage":20,"enemies":"3 Sentries","floor":10,"turns":5},{"damage":7,"enemies":"2 Louse","floor":12,"turns":3},{"damage":36,"enemies":"Slime Boss","floor":16,"turns":8}],"seed_played":"-6071112306946671411","potions_obtained":[{"floor":2,"key":"Strength Potion"},{"floor":8,"key":"AttackPotion"},{"floor":10,"key":"SneckoOil"}],"is_trial":false,"path_per_floor":["M","M","?","$","?","R","R","E","T","E","R","M","?","$","R","B"],"character_chosen":"DEFECT","items_purchased":["Defragment","Apotheosis"],"campfire_rested":1,"item_purchase_floors":[4,14],"current_hp_per_floor":[64,64,64,64,46,46,46,46,46,26,26,19,12,12,33,0],"gold":143,"neow_bonus":"THREE_ENEMY_KILL","is_prod":false,"is_daily":false,"chose_seed":false,"campfire_upgraded":3,"win_rate":0,"timestamp":1550354786,"path_taken":["M","M","?","?","?","R","R","E","T","E","R","M","?","$","R","BOSS"],"build_version":"2019-02-06","purchased_purges":1,"victory":false,"max_hp_per_floor":[71,71,71,71,71,71,71,71,71,71,71,71,71,71,71,71],"card_choices":[{"not_picked":["Rebound","Cold Snap"],"picked":"Hologram","floor":1},{"not_picked":["Turbo","BootSequence"],"picked":"FTL","floor":2},{"not_picked":["Steam","Barrage"],"picked":"Buffer","floor":8},{"not_picked":["Cold Snap","Hologram"],"picked":"Fusion","floor":10},{"not_picked":["Hologram","Streamline","Capacitor"],"picked":"SKIP","floor":12}],"player_experience":1098740,"relics_obtained":[{"floor":8,"key":"Juzu Bracelet"},{"floor":10,"key":"Old Coin"}],"event_choices":[{"damage_healed":0,"gold_gain":0,"player_choice":"1 cards matched","damage_taken":0,"max_hp_gain":0,"max_hp_loss":0,"event_name":"Match and Keep!","floor":3,"gold_loss":0,"cards_obtained":["Skim"]},{"damage_healed":0,"gold_gain":0,"player_choice":"Success","damage_taken":18,"relics_obtained":["WingedGreaves"],"max_hp_gain":0,"max_hp_loss":0,"event_name":"Scrap Ooze","floor":5,"gold_loss":0},{"cards_removed":["Strike_B"],"damage_healed":0,"gold_gain":0,"player_choice":"Card Removal","damage_taken":7,"max_hp_gain":0,"max_hp_loss":0,"event_name":"Golden Wing","floor":13,"gold_loss":0}],"is_beta":true,"boss_relics":[],"items_purged_floors":[14],"is_endless":false,"potions_floor_spawned":[2,8,10],"killed_by":"Slime Boss","ascension_level":20}