{"gold_per_floor":[112,14,32,51,51,78,89,89,89,63,123,142,160,180,180,251,251,265,277,156,206,222,222,97,97,97,97,108,134,134,166,166,242,242,261,281,88,143,160,176,176,176,200,216,249,249,249],"floor_reached":47,"playtime":2019,"items_purged":["Strike_B","Strike_B","Strike_B"],"score":870,"play_id":"d988b9c0-0d2d-46f8-befc-088a33ff120c","local_time":"20190328173347","is_ascension_mode":true,"campfire_choices":[{"data":"Zap","floor":8.0,"key":"SMITH"},{"data":"Beam Cell","floor":15.0,"key":"SMITH"},{"data":"Dualcast","floor":23.0,"key":"SMITH"},{"data":"Seek","floor":25.0,"key":"SMITH"},{"floor":32.0,"key":"REST"},{"floor":41.0,"key":"RECALL"}],"neow_cost":"TEN_PERCENT_HP_LOSS","seed_source_timestamp":1317576332829244,"circlet_count":0,"master_deck":["AscendersBane","Defend_B","Defend_B","Defend_B","Defend_B","Zap+1","Dualcast+1","All For One","Hologram","Ball Lightning","Self Repair","Coolheaded","Compile Driver","Beam Cell+1","Steam","Hologram","Gash","Genetic Algorithm","Seek+1","Conserve Battery","All For One","Steam","Gash","Self Repair","Core Surge","Chill+1","Capacitor","Buffer","Flash of Steel","Finesse","Recycle"],"special_seed":0,"relics":["Cracked Core","Du-Vu Doll","Pantograph","Runic Pyramid","Dead Branch","Centennial Puzzle","Incense Burner","Sozu","Pocketwatch","Vajra","Turnip"],"potions_floor_usage":[],"damage_taken":[{"damage":0.0,"enemies":"Cultist","floor":1.0,"turns":3.0},{"damage":4.0,"enemies":"Small Slimes","floor":3.0,"turns":3.0},{"damage":13.0,"enemies":"Jaw Worm","floor":4.0,"turns":4.0},{"damage":5.0,"enemies":"Lagavulin","floor":6.0,"turns":7.0},{"damage":13.0,"enemies":"Exordium Thugs","floor":7.0,"turns":5.0},{"damage":17.0,"enemies":"Gremlin Nob","floor":11.0,"turns":4.0},{"damage":16.0,"enemies":"Gremlin Gang","floor":12.0,"turns":4.0},{"damage":0.0,"enemies":"Blue Slaver","floor":13.0,"turns":3.0},{"damage":1.0,"enemies":"Exordium Thugs","floor":14.0,"turns":3.0},{"damage":50.0,"enemies":"The Guardian","floor":16.0,"turns":10.0},{"damage":2.0,"enemies":"Chosen","floor":18.0,"turns":4.0},{"damage":25.0,"enemies":"Shell Parasite","floor":19.0,"turns":6.0},{"damage":3.0,"enemies":"Centurion and Healer","floor":22.0,"turns":6.0},{"damage":1.0,"enemies":"Chosen and Byrds","floor":28.0,"turns":6.0},{"damage":28.0,"enemies":"Slavers","floor":29.0,"turns":4.0},{"damage":25.0,"enemies":"Book of Stabbing","floor":31.0,"turns":4.0},{"damage":18.0,"enemies":"Collector","floor":33.0,"turns":9.0},{"damage":0.0,"enemies":"3 Darklings","floor":35.0,"turns":4.0},{"damage":1.0,"enemies":"3 Shapes","floor":36.0,"turns":4.0},{"damage":7.0,"enemies":"2 Orb Walkers","floor":38.0,"turns":5.0},{"damage":0.0,"enemies":"Jaw Worm Horde","floor":39.0,"turns":4.0},{"damage":3.0,"enemies":"Maw","floor":40.0,"turns":7.0},{"damage":0.0,"enemies":"3 Darklings","floor":44.0,"turns":6.0},{"damage":55.0,"enemies":"Reptomancer","floor":45.0,"turns":9.0},{"damage":24,"enemies":"Writhing Mass","floor":47,"turns":4}],"seed_played":"3039691154177046736","potions_obtained":[{"floor":1.0,"key":"Dexterity Potion"},{"floor":4.0,"key":"Poison Potion"},{"floor":7.0,"key":"GamblersBrew"},{"floor":12.0,"key":"SpeedPotion"},{"floor":22.0,"key":"Fire Potion"},{"floor":28.0,"key":"Weak Potion"},{"floor":31.0,"key":"Weak Potion"},{"floor":33.0,"key":"EssenceOfSteel"}],"is_trial":false,"path_per_floor":["M","$","M","M","?","E","M","R","T","$","?","M","M","M","R","B",null,"M","M","$","?","M","R","$","R","T","$","M","E","?","E","R","B",null,"M","M","$","?","M","M","R","?","T","M","E","?","M"],"character_chosen":"DEFECT","items_purchased":["Ball Lightning","Self Repair","Hologram","Conserve Battery","Steam","Capacitor"],"campfire_rested":1,"item_purchase_floors":[2,2,10,20,24,37],"current_hp_per_floor":[64,64,64,58,58,60,47,47,47,47,37,28,28,34,34,16,52,57,39,39,39,43,43,43,43,43,43,49,28,28,3,22,43,59,64,64,64,64,64,64,64,54,54,64,23,23,0],"gold":249,"neow_bonus":"THREE_RARE_CARDS","is_prod":false,"is_daily":false,"chose_seed":false,"campfire_upgraded":4,"win_rate":0,"timestamp":1553808827,"path_taken":["M","$","M","M","?","E","M","R","T","$","?","M","?","M","R","BOSS","M","M","$","?","M","R","?","R","T","$","?","E","?","E","R","BOSS","M","?","$","?","M","M","R","?","T","M","E","?","?"],"build_version":"2019-03-15","purchased_purges":3,"victory":false,"max_hp_per_floor":[64,64,64,64,64,64,64,64,64,64,64,64,64,64,64,64,64,64,64,64,64,64,64,64,64,64,64,64,64,64,64,64,64,64,64,64,64,64,64,64,64,64,64,64,64,64,64],"card_choices":[{"not_picked":["Meteor Strike","Thunder Strike"],"picked":"All For One","floor":0.0},{"not_picked":["Beam Cell","Redo"],"picked":"Hologram","floor":1.0},{"not_picked":["Rip and Tear","Consume"],"picked":"Coolheaded","floor":3.0},{"not_picked":["Cold Snap","Barrage"],"picked":"Compile Driver","floor":4.0},{"not_picked":["Rebound","Buffer"],"picked":"Beam Cell","floor":6.0},{"not_picked":["Hologram","Barrage"],"picked":"Steam","floor":7.0},{"not_picked":["Steam","Self Repair"],"picked":"Gash","floor":11.0},{"not_picked":["Coolheaded","Glacier"],"picked":"Genetic Algorithm","floor":12.0},{"not_picked":["Conserve Battery","Compile Driver","Streamline"],"picked":"SKIP","floor":13.0},{"not_picked":["Storm","Hello World","Rip and Tear"],"picked":"SKIP","floor":14.0},{"not_picked":["Machine Learning","Hyperbeam"],"picked":"Seek","floor":16.0},{"not_picked":["Turbo+1","Aggregate","Redo"],"picked":"SKIP","floor":18.0},{"not_picked":["Force Field","Double Energy","Ball Lightning"],"picked":"SKIP","floor":19.0},{"not_picked":["Hologram","Fusion+1"],"picked":"All For One","floor":22.0},{"not_picked":["Stack","Leap"],"picked":"Gash","floor":28.0},{"not_picked":["Streamline","Heatsinks","Hologram"],"picked":"SKIP","floor":29.0},{"not_picked":["Tempest","Ball Lightning","Auto Shields"],"picked":"SKIP","floor":31.0},{"not_picked":["Amplify","All For One"],"picked":"Core Surge","floor":33.0},{"not_picked":["Sweeping Beam+1","Undo","Rebound"],"picked":"SKIP","floor":35.0},{"not_picked":["Gash","Turbo"],"picked":"Chill+1","floor":36.0},{"not_picked":["Turbo+1","Loop"],"picked":"Buffer","floor":38.0},{"not_picked":["Conserve Battery","Compile Driver+1","Rebound+1"],"picked":"SKIP","floor":39.0},{"not_picked":["Force Field+1","Heatsinks","Conserve Battery"],"picked":"SKIP","floor":40.0},{"not_picked":["Metamorphosis","Madness"],"picked":"Flash of Steel","floor":42.0},{"not_picked":["Discovery","HandOfGreed"],"picked":"Finesse","floor":42.0},{"not_picked":["Barrage+1","Rebound","Stack"],"picked":"SKIP","floor":44.0},{"not_picked":["Doom and Gloom+1","Hologram+1","Hello World"],"picked":"SKIP","floor":45.0}],"player_experience":2308751,"relics_obtained":[{"floor":6.0,"key":"Du-Vu Doll"},{"floor":11.0,"key":"Pantograph"},{"floor":26.0,"key":"Dead Branch"},{"floor":29.0,"key":"Centennial Puzzle"},{"floor":31.0,"key":"Incense Burner"},{"floor":38.0,"key":"Pocketwatch"},{"floor":43.0,"key":"Vajra"},{"floor":45.0,"key":"Turnip"}],"event_choices":[{"damage_healed":0.0,"max_hp_gain":0.0,"max_hp_loss":0.0,"gold_gain":0.0,"event_name":"Liars Game","player_choice":"Ignored","floor":5.0,"gold_loss":0.0,"damage_taken":0.0},{"damage_healed":0.0,"max_hp_gain":0.0,"max_hp_loss":0.0,"gold_gain":0.0,"event_name":"Dead Adventurer","player_choice":"Searched \u00271\u0027 times","floor":11.0,"gold_loss":0.0,"damage_taken":0.0},{"damage_healed":0.0,"max_hp_gain":0.0,"max_hp_loss":0.0,"gold_gain":50.0,"event_name":"Golden Shrine","player_choice":"Pray","floor":21.0,"gold_loss":0.0,"damage_taken":0.0},{"damage_healed":0.0,"max_hp_gain":0.0,"max_hp_loss":0.0,"gold_gain":0.0,"cards_transformed":["Strike_B"],"event_name":"Transmorgrifier","player_choice":"Transformed","floor":30.0,"gold_loss":0.0,"damage_taken":0.0,"cards_obtained":["Self Repair"]},{"damage_healed":0.0,"max_hp_gain":0.0,"max_hp_loss":0.0,"gold_gain":0.0,"event_name":"Mysterious Sphere","player_choice":"Fight","floor":38.0,"gold_loss":0.0,"damage_taken":0.0},{"damage_healed":0.0,"max_hp_gain":0.0,"max_hp_loss":0.0,"gold_gain":0.0,"event_name":"SensoryStone","player_choice":"Memory 3","floor":42.0,"gold_loss":0.0,"damage_taken":10.0},{"damage_healed":0,"gold_gain":0,"player_choice":"1 cards matched","damage_taken":0,"max_hp_gain":0,"max_hp_loss":0,"event_name":"Match and Keep!","floor":46,"gold_loss":0,"cards_obtained":["Recycle"]}],"is_beta":true,"boss_relics":[{"not_picked":["Black Star","Tiny House"],"picked":"Runic Pyramid"},{"not_picked":["Runic Dome","Velvet Choker"],"picked":"Sozu"}],"items_purged_floors":[20,24,37],"is_endless":false,"potions_floor_spawned":[1,4,7,12,22,28,31,33,35,36,44],"killed_by":"Writhing Mass","ascension_level":15}