{"path_per_floor":["M","?","?","$","T","R","E","R","T","E","R","E","$","M","R","B",null,"M","$","?","M","M","R"],"character_chosen":"DEFECT","items_purchased":["Defragment","Conserve Battery"],"gold_per_floor":[115,115,115,40,40,40,68,68,116,150,150,182,111,121,121,226,226,238,192,192,206,219,219,219],"floor_reached":24,"campfire_rested":3,"playtime":606,"item_purchase_floors":[],"current_hp_per_floor":[68,65,65,65,65,65,28,28,28,4,26,28,28,28,52,46,73,40,40,24,21,7,31,0],"items_purged":["Injury"],"gold":219,"score":315,"play_id":"1d1d4355-56e9-44ef-a851-e975793886c4","local_time":"20180609185249","is_prod":false,"is_daily":false,"chose_seed":false,"is_ascension_mode":true,"campfire_upgraded":2,"win_rate":0,"timestamp":1528595569,"campfire_choices":[{"data":"Go for the Eyes","floor":6.0,"key":"SMITH"},{"data":"Dualcast","floor":8.0,"key":"SMITH"},{"floor":11.0,"key":"REST"},{"floor":15.0,"key":"REST"},{"floor":23,"key":"REST"}],"path_taken":["M","?","?","$","?","R","E","R","T","E","R","E","$","M","R","BOSS","M","$","?","M","M","R","M"],"build_version":"2018-06-08","seed_source_timestamp":4067972540235,"purchased_purges":1,"victory":false,"master_deck":["Strike_B","Strike_B","Strike_B","Strike_B","Defend_B","Defend_B","Defend_B","Defend_B","Zap+1","Dualcast+1","AscendersBane","Go for the Eyes+1","Steam","Skim","Defragment","Streamline","Gash+1","Conserve Battery","Stack"],"max_hp_per_floor":[75,75,75,75,75,75,75,75,75,75,75,82,82,82,82,82,82,82,82,82,82,82,82,82],"relics":["Busted Crown","Pen Nib","Ornamental Fan","Du-Vu Doll","Orichalcum","Anchor","Strawberry","Nuclear Battery","Enchiridion"],"card_choices":[{"not_picked":[],"picked":"Go for the Eyes","floor":1.0},{"not_picked":[],"picked":"Steam","floor":7.0},{"not_picked":[],"picked":"Skim","floor":10.0},{"not_picked":["Streamline"],"picked":"SKIP","floor":12.0},{"not_picked":[],"picked":"Streamline","floor":14.0},{"not_picked":[],"picked":"Gash+1","floor":18},{"not_picked":["Barrage"],"picked":"SKIP","floor":21},{"not_picked":[],"picked":"Stack","floor":22}],"player_experience":630824,"potions_floor_usage":[21,22],"damage_taken":[{"damage":0.0,"enemies":"Small Slimes","floor":1.0,"turns":3.0},{"damage":37.0,"enemies":"Gremlin Nob","floor":7.0,"turns":5.0},{"damage":24.0,"enemies":"Lagavulin","floor":10.0,"turns":8.0},{"damage":5.0,"enemies":"3 Sentries","floor":12.0,"turns":5.0},{"damage":0.0,"enemies":"Jaw Worm","floor":14.0,"turns":3.0},{"damage":6.0,"enemies":"Slime Boss","floor":16.0,"turns":10.0},{"damage":33,"enemies":"Spheric Guardian","floor":18,"turns":6},{"damage":3,"enemies":"2 Thieves","floor":21,"turns":3},{"damage":14,"enemies":"Snake Plant","floor":22,"turns":5},{"damage":38,"enemies":"Sentry and Sphere","floor":24,"turns":5}],"relics_obtained":[{"floor":5.0,"key":"Ornamental Fan"},{"floor":7.0,"key":"Du-Vu Doll"},{"floor":9.0,"key":"Orichalcum"},{"floor":10.0,"key":"Anchor"},{"floor":12.0,"key":"Strawberry"},{"floor":20,"key":"Enchiridion"}],"event_choices":[{"event_name":"Scrap Ooze","player_choice":"success","floor":2.0,"damage_taken":3.0},{"event_name":"Accursed Blacksmith","player_choice":"Forge","floor":3.0,"damage_taken":0.0},{"event_name":"Cursed Tome","player_choice":"Obtained Book","floor":20,"damage_taken":0}],"boss_relics":[{"not_picked":["Eternal Feather","Velvet Choker"],"picked":"Nuclear Battery"}],"items_purged_floors":[],"potions_floor_spawned":[10,12,14,16,18,21],"seed_played":"7753237346615862059","killed_by":"Sentry and Sphere","ascension_level":10,"potions_obtained":[{"floor":10.0,"key":"Explosive Potion"},{"floor":12.0,"key":"Block Potion"},{"floor":14.0,"key":"LiquidBronze"},{"floor":16.0,"key":"Energy Potion"},{"floor":18,"key":"AttackPotion"},{"floor":21,"key":"Block Potion"}],"is_trial":false}