{"gold_per_floor":[113,20,20,20,20,48,48,62,62,84,84,98,98,108,108,183,183,103,115,165,175,190,190,215,215,239,239,259,273,273],"floor_reached":30,"playtime":923,"items_purged":[],"score":546,"play_id":"34c239b7-c369-4d1a-95a7-2ac9b88e1dea","local_time":"20180904163029","is_ascension_mode":true,"campfire_choices":[{"data":"Neutralize","floor":11,"key":"SMITH"},{"data":"Noxious Fumes","floor":13,"key":"SMITH"},{"floor":15,"key":"REST"},{"floor":23,"key":"REST"},{"floor":27,"key":"REST"}],"neow_cost":"NONE","seed_source_timestamp":1073709823221,"circlet_count":0,"master_deck":["Defend_G","Defend_G","Defend_G+1","Defend_G+1","Defend_G","Strike_G","Strike_G","Strike_G","Strike_G","Survivor","Neutralize+1","AscendersBane","Backflip","Noxious Fumes+1","Caltrops","Blur","Backflip","Unload","Bouncing Flask+1","Dagger Spray","Noxious Fumes","Leg Sweep"],"relics":["Ring of the Snake","NeowsBlessing","War Paint","Ornamental Fan","Odd Mushroom","Sozu","Thread and Needle","Oddly Smooth Stone"],"potions_floor_usage":[16,24,30],"damage_taken":[{"damage":0,"enemies":"Jaw Worm","floor":1,"turns":1},{"damage":0,"enemies":"Gremlin Nob","floor":6,"turns":1},{"damage":0,"enemies":"2 Louse","floor":8,"turns":1},{"damage":21,"enemies":"The Mushroom Lair","floor":10,"turns":6},{"damage":0,"enemies":"Small Slimes","floor":12,"turns":5},{"damage":0,"enemies":"2 Fungi Beasts","floor":14,"turns":4},{"damage":21,"enemies":"Hexaghost","floor":16,"turns":12},{"damage":10,"enemies":"2 Thieves","floor":18,"turns":4},{"damage":4,"enemies":"Chosen","floor":19,"turns":5},{"damage":2,"enemies":"Centurion and Healer","floor":21,"turns":9},{"damage":0,"enemies":"Snecko","floor":22,"turns":5},{"damage":42,"enemies":"Book of Stabbing","floor":24,"turns":5},{"damage":9,"enemies":"Sentry and Sphere","floor":28,"turns":6},{"damage":9,"enemies":"Cultist and Chosen","floor":29,"turns":6},{"damage":10,"enemies":"Slavers","floor":30,"turns":1}],"seed_played":"579638815433932338","potions_obtained":[{"floor":8,"key":"FearPotion"},{"floor":12,"key":"SkillPotion"},{"floor":16,"key":"Poison Potion"}],"is_trial":false,"path_per_floor":["M","$","?","?","$","E","$","M","T","?","R","M","R","M","R","B",null,"M","M","?","M","M","R","E","?","T","R","M","M"],"character_chosen":"THE_SILENT","items_purchased":["Noxious Fumes"],"campfire_rested":3,"item_purchase_floors":[2],"current_hp_per_floor":[59,59,52,52,52,52,52,52,52,31,31,31,31,31,50,29,57,47,43,43,41,41,60,18,9,9,28,19,10,0],"gold":273,"neow_bonus":"THREE_ENEMY_KILL","is_prod":false,"is_daily":false,"chose_seed":false,"campfire_upgraded":2,"win_rate":0,"timestamp":1536103829,"path_taken":["M","$","?","?","$","E","$","?","T","?","R","M","R","M","R","BOSS","M","M","?","?","M","R","E","?","T","R","M","?","E"],"build_version":"2018-09-03","purchased_purges":0,"victory":false,"max_hp_per_floor":[66,66,66,66,66,66,66,66,66,66,66,66,66,66,66,66,66,66,66,66,66,66,66,66,66,66,66,66,66,66],"card_choices":[{"not_picked":["Bane","Sucker Punch"],"picked":"Backflip","floor":1},{"not_picked":["Outmaneuver","Bane"],"picked":"Caltrops","floor":6},{"not_picked":["PiercingWail","Prepared"],"picked":"Blur","floor":8},{"not_picked":["Bouncing Flask","Poisoned Stab","Endless Agony"],"picked":"SKIP","floor":12},{"not_picked":["Skewer","Accuracy"],"picked":"Backflip","floor":14},{"not_picked":["Corpse Explosion","Phantasmal Killer"],"picked":"Unload","floor":16},{"not_picked":["Poisoned Stab","Distraction"],"picked":"Bouncing Flask+1","floor":18},{"not_picked":["Choke","Poisoned Stab","Outmaneuver"],"picked":"SKIP","floor":19},{"not_picked":["Underhanded Strike","Deadly Poison"],"picked":"Dagger Spray","floor":21},{"not_picked":["Masterful Stab","Bane"],"picked":"Noxious Fumes","floor":22},{"not_picked":["Calculated Gamble","Skewer","Finisher"],"picked":"SKIP","floor":24},{"not_picked":["Underhanded Strike","Prepared","Unload"],"picked":"SKIP","floor":28},{"not_picked":["PiercingWail","Blur"],"picked":"Leg Sweep","floor":29}],"player_experience":913922,"relics_obtained":[{"floor":6,"key":"War Paint"},{"floor":9,"key":"Ornamental Fan"},{"floor":10,"key":"Odd Mushroom"},{"floor":24,"key":"Thread and Needle"},{"floor":26,"key":"Oddly Smooth Stone"}],"event_choices":[{"event_name":"Golden Wing","player_choice":"Card Removal","floor":3,"damage_taken":0},{"event_name":"The Cleric","player_choice":"Leave","floor":4,"damage_taken":0},{"event_name":"Mushrooms","player_choice":"Fought Mushrooms","floor":10,"damage_taken":0},{"event_name":"Nest","player_choice":"Stole From Cult","floor":20,"damage_taken":0},{"event_name":"Cursed Tome","player_choice":"Stopped","floor":25,"damage_taken":0}],"is_beta":true,"boss_relics":[{"not_picked":["Coffee Dripper","Tiny House"],"picked":"Sozu"}],"items_purged_floors":[],"is_endless":false,"potions_floor_spawned":[8,12,16,19,24],"killed_by":"Slavers","ascension_level":20}