{"gold_per_floor":[112,131,131,147,147,147,172,188,188,217,236,253,253,264,264,341,341,355,50,67,67,86,86,36,36,36,62,97,97,131,150,150,150],"floor_reached":33,"playtime":1816,"items_purged":["Shame"],"score":644,"play_id":"1431ee6e-34ec-4021-b19f-b34474286194","local_time":"20190428005141","is_ascension_mode":true,"campfire_choices":[{"data":"Bash","floor":6,"key":"SMITH"},{"data":"True Grit","floor":13,"key":"SMITH"},{"data":"True Grit","floor":15,"key":"SMITH"},{"data":"Fiend Fire","floor":23,"key":"SMITH"},{"data":"Inflame","floor":25,"key":"SMITH"},{"floor":32,"key":"REST"}],"neow_cost":"NONE","seed_source_timestamp":455459726898642,"circlet_count":0,"master_deck":["AscendersBane","Strike_R","Strike_R","Strike_R","Strike_R","Defend_R","Defend_R","Defend_R","Defend_R","Bash+1","True Grit+1","Perfected Strike+1","Pommel Strike","Blood for Blood","Twin Strike","Offering","Feel No Pain","True Grit+1","Fiend Fire+1","Spot Weakness","Feel No Pain","Inflame+1","Warcry+1","Feel No Pain","Seeing Red+1"],"relics":["Black Blood","Smiling Mask","Incense Burner","Bird Faced Urn","Calipers","Oddly Smooth Stone","Happy Flower","Red Mask","Boot","MutagenicStrength","Singing Bowl"],"potions_floor_usage":[7,10,18,22,27,27,28,33],"damage_taken":[{"damage":5,"enemies":"Small Slimes","floor":1,"turns":5},{"damage":1,"enemies":"Cultist","floor":2,"turns":3},{"damage":7,"enemies":"2 Louse","floor":4,"turns":4},{"damage":23,"enemies":"Lagavulin","floor":7,"turns":5},{"damage":6,"enemies":"Blue Slaver","floor":8,"turns":3},{"damage":6,"enemies":"Gremlin Nob","floor":10,"turns":2},{"damage":1,"enemies":"Exordium Wildlife","floor":11,"turns":3},{"damage":9,"enemies":"Large Slime","floor":12,"turns":5},{"damage":7,"enemies":"Exordium Thugs","floor":14,"turns":6},{"damage":42,"enemies":"The Guardian","floor":16,"turns":18},{"damage":34,"enemies":"2 Thieves","floor":18,"turns":4},{"damage":6,"enemies":"Chosen","floor":20,"turns":5},{"damage":16,"enemies":"3 Cultists","floor":22,"turns":5},{"damage":21,"enemies":"Masked Bandits","floor":27,"turns":3},{"damage":53,"enemies":"Gremlin Leader","floor":28,"turns":5},{"damage":11,"enemies":"Slavers","floor":30,"turns":6},{"damage":15,"enemies":"Cultist and Chosen","floor":31,"turns":6},{"damage":70,"enemies":"Automaton","floor":33,"turns":6}],"seed_played":"-2878245941432860742","potions_obtained":[{"floor":2,"key":"PowerPotion"},{"floor":7,"key":"Strength Potion"},{"floor":8,"key":"Explosive Potion"},{"floor":14,"key":"SneckoOil"},{"floor":16,"key":"BloodPotion"},{"floor":20,"key":"Energy Potion"},{"floor":22,"key":"Regen Potion"},{"floor":27,"key":"SteroidPotion"},{"floor":28,"key":"LiquidBronze"},{"floor":31,"key":"SpeedPotion"}],"is_trial":false,"path_per_floor":["M","M","?","M","?","R","E","M","T","E","M","M","R","M","R","B",null,"M","$","M","?","M","R","$","R","T","?","E","?","E","M","R","B"],"character_chosen":"IRONCLAD","items_purchased":["Feel No Pain","Oddly Smooth Stone","Fire Potion"],"campfire_rested":1,"item_purchase_floors":[19,19,19],"current_hp_per_floor":[69,74,74,73,73,73,56,56,56,56,61,60,60,61,61,27,63,41,41,49,49,47,47,47,47,47,47,12,12,19,24,47,0],"gold":150,"neow_bonus":"RANDOM_COMMON_RELIC","is_prod":false,"is_daily":false,"chose_seed":false,"campfire_upgraded":5,"win_rate":0,"timestamp":1556427101,"path_taken":["M","M","?","M","?","R","E","?","T","E","M","M","R","M","R","BOSS","M","$","M","?","M","R","$","R","T","?","E","?","E","M","R","BOSS"],"build_version":"2019-01-23","purchased_purges":1,"victory":false,"max_hp_per_floor":[75,75,75,75,75,75,75,75,75,75,75,75,75,75,75,75,75,75,75,75,75,75,75,75,75,75,75,75,75,77,79,79,79],"card_choices":[{"not_picked":["Havoc","Burning Pact"],"picked":"True Grit","floor":1},{"not_picked":["Clash","Body Slam"],"picked":"Perfected Strike","floor":2},{"not_picked":["Infernal Blade","Sword Boomerang"],"picked":"Pommel Strike","floor":4},{"not_picked":["Intimidate","Barricade"],"picked":"Twin Strike","floor":7},{"not_picked":["Twin Strike","Armaments"],"picked":"Offering","floor":8},{"not_picked":["Headbutt","Power Through","Clash"],"picked":"SKIP","floor":10},{"not_picked":["Rupture","Spot Weakness"],"picked":"Feel No Pain","floor":11},{"not_picked":["Sentinel","Headbutt","Warcry"],"picked":"SKIP","floor":12},{"not_picked":["Armaments","Iron Wave"],"picked":"True Grit","floor":14},{"not_picked":["Offering","Berserk"],"picked":"Fiend Fire","floor":16},{"not_picked":["Shockwave","Sever Soul"],"picked":"Spot Weakness","floor":18},{"not_picked":["Seeing Red","Feel No Pain"],"picked":"Inflame","floor":20},{"not_picked":["Flex","Ghostly Armor"],"picked":"Warcry+1","floor":22},{"not_picked":["Dual Wield","Bloodletting"],"picked":"Feel No Pain","floor":27},{"not_picked":["Corruption","Blood for Blood"],"picked":"Seeing Red+1","floor":28},{"not_picked":["Sentinel","Dropkick","Sword Boomerang"],"picked":"Singing Bowl","floor":30},{"not_picked":["Pommel Strike","Anger+1","Wild Strike"],"picked":"Singing Bowl","floor":31}],"player_experience":2016150,"relics_obtained":[{"floor":7,"key":"Incense Burner"},{"floor":9,"key":"Bird Faced Urn"},{"floor":10,"key":"Calipers"},{"floor":27,"key":"Red Mask"},{"floor":28,"key":"Boot"},{"floor":30,"key":"Singing Bowl"}],"event_choices":[{"damage_healed":0,"gold_gain":0,"player_choice":"Grow","damage_taken":0,"max_hp_gain":0,"max_hp_loss":0,"event_name":"Living Wall","floor":3,"gold_loss":0,"cards_upgraded":["Perfected Strike"]},{"damage_healed":0,"gold_gain":0,"cards_transformed":["Strike_R"],"player_choice":"Transformed","damage_taken":0,"max_hp_gain":0,"max_hp_loss":0,"event_name":"Transmorgrifier","floor":5,"gold_loss":0,"cards_obtained":["Blood for Blood"]},{"damage_healed":0,"gold_gain":0,"player_choice":"Stole Relic","damage_taken":0,"relics_obtained":["Happy Flower"],"max_hp_gain":0,"max_hp_loss":0,"event_name":"Addict","floor":21,"gold_loss":0,"cards_obtained":["Shame"]},{"damage_healed":0,"gold_gain":0,"player_choice":"Fought Bandits","damage_taken":0,"max_hp_gain":0,"max_hp_loss":0,"event_name":"Masked Bandits","floor":27,"gold_loss":0},{"damage_healed":0,"gold_gain":0,"player_choice":"Inject Mutagens","damage_taken":0,"relics_obtained":["MutagenicStrength"],"max_hp_gain":0,"max_hp_loss":0,"event_name":"Drug Dealer","floor":29,"gold_loss":0}],"is_beta":false,"boss_relics":[{"not_picked":["White Beast Statue","Lizard Tail"],"picked":"Black Blood"}],"items_purged_floors":[24],"is_endless":false,"potions_floor_spawned":[2,7,8,14,16,20,22,27,28,31],"killed_by":"Automaton","ascension_level":20}