{"gold_per_floor":[118,138,155,5,5,5,40,40,67,32,67,86,110,144,144,218,218,232,10,24,124,124,124,152,152,152,152,180,192,192,205,205,205],"floor_reached":33,"playtime":1934,"items_purged":["Strike_G"],"score":677,"play_id":"d26481d8-f5fe-4543-87d4-d9037d4d52c9","local_time":"20190504154336","is_ascension_mode":true,"campfire_choices":[{"floor":6,"key":"REST"},{"data":"Skewer","floor":8,"key":"SMITH"},{"data":"Footwork","floor":15,"key":"SMITH"},{"floor":23,"key":"REST"},{"data":"Adrenaline","floor":27,"key":"SMITH"},{"data":"Corpse Explosion","floor":30,"key":"SMITH"},{"data":"Deadly Poison","floor":32,"key":"SMITH"}],"neow_cost":"NONE","seed_source_timestamp":366764971816935,"circlet_count":0,"master_deck":["AscendersBane","Defend_G+1","Defend_G","Defend_G","Defend_G","Defend_G","Strike_G","Strike_G","Strike_G","Strike_G","Survivor","Neutralize","Deadly Poison+1","Dagger Throw","Adrenaline+1","Backstab+1","Skewer+1","Dodge and Roll","Dagger Spray","Footwork+1","Corpse Explosion+1","Dodge and Roll+1","Catalyst+1","Dodge and Roll","Dodge and Roll+1"],"relics":["Ring of the Snake","Vajra","Regal Pillow","Mango","Snake Skull","Happy Flower","Philosopher\u0027s Stone","PreservedInsect","Ice Cream","Bottled Flame","Nilry\u0027s Codex","Ninja Scroll","Omamori"],"potions_floor_usage":[1,16,16,24,33,33],"damage_taken":[{"damage":7,"enemies":"Cultist","floor":1,"turns":6},{"damage":2,"enemies":"2 Louse","floor":2,"turns":3},{"damage":0,"enemies":"Jaw Worm","floor":3,"turns":7},{"damage":24,"enemies":"Gremlin Nob","floor":7,"turns":4},{"damage":14,"enemies":"Lagavulin","floor":11,"turns":5},{"damage":0,"enemies":"Large Slime","floor":12,"turns":3},{"damage":11,"enemies":"Gremlin Nob","floor":14,"turns":3},{"damage":7,"enemies":"Slime Boss","floor":16,"turns":4},{"damage":0,"enemies":"Spheric Guardian","floor":18,"turns":3},{"damage":5,"enemies":"Shell Parasite","floor":20,"turns":5},{"damage":13,"enemies":"Colosseum Slavers","floor":21,"turns":2},{"damage":0,"enemies":"Colosseum Nobs","floor":21,"turns":4},{"damage":14,"enemies":"Book of Stabbing","floor":24,"turns":5},{"damage":0,"enemies":"Gremlin Leader","floor":28,"turns":4},{"damage":0,"enemies":"Cultist and Chosen","floor":29,"turns":3},{"damage":0,"enemies":"Centurion and Healer","floor":31,"turns":3},{"damage":59,"enemies":"Automaton","floor":33,"turns":10}],"seed_played":"5915747384702536125","potions_obtained":[{"floor":0,"key":"GhostInAJar"},{"floor":0,"key":"EntropicBrew"},{"floor":1,"key":"Energy Potion"},{"floor":7,"key":"SteroidPotion"},{"floor":21,"key":"Dexterity Potion"},{"floor":29,"key":"Swift Potion"}],"is_trial":false,"path_per_floor":["M","M","M","$","?","R","E","R","T","?","E","M","T","E","R","B",null,"M","$","M","?","?","R","E","?","T","R","E","M","R","M","R","B"],"character_chosen":"THE_SILENT","items_purchased":["Backstab","PreservedInsect","SkillPotion"],"campfire_rested":2,"item_purchase_floors":[4,19,19],"current_hp_per_floor":[52,50,50,50,30,49,25,25,25,41,41,41,41,30,30,23,66,66,66,61,48,27,66,52,52,52,52,52,52,52,52,52,0],"gold":205,"neow_bonus":"THREE_SMALL_POTIONS","is_prod":false,"is_daily":false,"chose_seed":false,"campfire_upgraded":5,"win_rate":0,"timestamp":1557009816,"path_taken":["M","M","?","$","?","R","E","R","T","?","E","M","?","E","R","BOSS","M","$","M","?","?","R","E","?","T","R","E","?","R","?","R","BOSS"],"build_version":"2019-04-23","purchased_purges":1,"victory":false,"max_hp_per_floor":[66,66,66,66,66,66,66,66,66,66,80,80,80,80,80,80,80,80,80,80,80,80,80,80,80,80,80,80,80,80,80,80,80],"card_choices":[{"not_picked":["Calculated Gamble","Reflex"],"picked":"Deadly Poison","floor":1},{"not_picked":["PiercingWail","Dodge and Roll"],"picked":"Dagger Throw","floor":2},{"not_picked":["Flying Knee","Calculated Gamble"],"picked":"Adrenaline","floor":3},{"not_picked":["Deadly Poison","Blur"],"picked":"Skewer","floor":7},{"not_picked":["Bouncing Flask","Sucker Punch"],"picked":"Dodge and Roll","floor":11},{"not_picked":["Infinite Blades","Bane"],"picked":"Dagger Spray","floor":12},{"not_picked":["Infinite Blades","Masterful Stab"],"picked":"Footwork","floor":14},{"not_picked":["Burst","Unload"],"picked":"Corpse Explosion","floor":16},{"not_picked":["Cloak And Dagger","Caltrops"],"picked":"Dodge and Roll+1","floor":18},{"not_picked":["Dagger Spray","Slice+1"],"picked":"Catalyst+1","floor":20},{"not_picked":["Flying Knee","Slice","Bullet Time"],"picked":"SKIP","floor":24},{"not_picked":["Terror","Setup","Slice"],"picked":"SKIP","floor":28},{"not_picked":["Prepared","Quick Slash"],"picked":"Dodge and Roll","floor":29},{"not_picked":["Tools of the Trade","Deflect+1"],"picked":"Dodge and Roll+1","floor":31}],"player_experience":6132347,"relics_obtained":[{"floor":7,"key":"Vajra"},{"floor":9,"key":"Regal Pillow"},{"floor":11,"key":"Mango"},{"floor":13,"key":"Snake Skull"},{"floor":14,"key":"Happy Flower"},{"floor":21,"key":"Ice Cream"},{"floor":21,"key":"Bottled Flame"},{"floor":22,"key":"Nilry\u0027s Codex"},{"floor":24,"key":"Ninja Scroll"},{"floor":28,"key":"Omamori"}],"event_choices":[{"damage_healed":0,"gold_gain":0,"player_choice":"Entered Light","damage_taken":20,"max_hp_gain":0,"max_hp_loss":0,"event_name":"Shining Light","floor":5,"gold_loss":0,"cards_upgraded":["Defend_G","Backstab"]},{"damage_healed":16,"gold_gain":0,"player_choice":"Healed","damage_taken":0,"max_hp_gain":0,"max_hp_loss":0,"event_name":"The Cleric","floor":10,"gold_loss":35},{"damage_healed":0,"gold_gain":0,"player_choice":"Fight","damage_taken":0,"max_hp_gain":0,"max_hp_loss":0,"event_name":"Colosseum","floor":21,"gold_loss":0},{"damage_healed":0,"gold_gain":0,"player_choice":"Fought Nobs","damage_taken":0,"max_hp_gain":0,"max_hp_loss":0,"event_name":"Colosseum","floor":21,"gold_loss":0},{"damage_healed":0,"gold_gain":0,"player_choice":"Obtained Book","damage_taken":21,"max_hp_gain":0,"max_hp_loss":0,"event_name":"Cursed Tome","floor":22,"gold_loss":0},{"damage_healed":0,"gold_gain":0,"player_choice":"Ignored","damage_taken":0,"max_hp_gain":0,"max_hp_loss":0,"event_name":"The Mausoleum","floor":25,"gold_loss":0}],"is_beta":true,"boss_relics":[{"not_picked":["Orrery","HoveringKite"],"picked":"Philosopher\u0027s Stone"}],"items_purged_floors":[4],"is_endless":false,"potions_floor_spawned":[1,7,11,21,21,29,31],"killed_by":"Automaton","ascension_level":20}