{"gold_per_floor":[114,133,133,7,7,7,41,41,122,133,133,153,185,202,202,276,276,292,392,404,404,404,404,422,484,484,484,274,274,42,61,61,139,139,155,555,574,597,613,639,639,672,672,672,28,46,74,92,92,92,92,92,14,44,44],"floor_reached":56,"playtime":2715,"items_purged":["Pain","Injury"],"score":2035,"play_id":"ab29641f-0d16-4a5b-b08b-038c784cd028","local_time":"20190325012415","is_ascension_mode":true,"campfire_choices":[{"floor":6.0,"key":"REST"},{"data":"Zap","floor":11.0,"key":"SMITH"},{"data":"Defragment","floor":15.0,"key":"SMITH"},{"floor":23.0,"key":"REST"},{"data":"Coolheaded","floor":27.0,"key":"SMITH"},{"data":"Capacitor","floor":32.0,"key":"SMITH"},{"floor":49.0,"key":"RECALL"},{"data":"1","floor":52.0,"key":"LIFT"}],"neow_cost":"NONE","seed_source_timestamp":999407389376819,"circlet_count":0,"master_deck":["AscendersBane","Defend_B+1","Defend_B+1","Defend_B+1","Defend_B+1","Zap+1","Dualcast","Clumsy","Cold Snap","Streamline","Electrodynamics","Ball Lightning","BootSequence","Defragment+1","Biased Cognition","Leap","Glacier","Bite","Bite","Bite","Bite","Conserve Battery","Coolheaded+1","Capacitor+1","Heatsinks","Coolheaded","Force Field+1","Leap+1","Echo Form","Capacitor","Genetic Algorithm+1","Hologram+1","Skim+1","Reinforced Body+1","All For One","Parasite","Fission+1","Panacea+1","Recycle+1"],"special_seed":0,"relics":["Calling Bell","Bag of Marbles","Symbiotic Virus","Ginger","Pen Nib","The Courier","Shuriken","Question Card","Snecko Eye","Emotion Chip","Sundial","Tiny Chest","Dodecahedron","Toxic Egg 2","Fusion Hammer","Old Coin","Bag of Preparation","Orichalcum","PreservedInsect","Ice Cream","Strawberry","Chemical X","Girya","Happy Flower"],"potions_floor_usage":[55,55,55,55],"damage_taken":[{"damage":6.0,"enemies":"2 Louse","floor":1.0,"turns":3.0},{"damage":17.0,"enemies":"Small Slimes","floor":2.0,"turns":3.0},{"damage":13.0,"enemies":"Lagavulin","floor":7.0,"turns":7.0},{"damage":5.0,"enemies":"Jaw Worm","floor":10.0,"turns":3.0},{"damage":0.0,"enemies":"2 Fungi Beasts","floor":12.0,"turns":2.0},{"damage":10.0,"enemies":"Gremlin Nob","floor":13.0,"turns":3.0},{"damage":9.0,"enemies":"3 Louse","floor":14.0,"turns":3.0},{"damage":11.0,"enemies":"The Guardian","floor":16.0,"turns":10.0},{"damage":2.0,"enemies":"3 Byrds","floor":18.0,"turns":2.0},{"damage":20.0,"enemies":"Colosseum Slavers","floor":19.0,"turns":3.0},{"damage":26.0,"enemies":"Colosseum Nobs","floor":19.0,"turns":4.0},{"damage":7.0,"enemies":"Shell Parasite","floor":20.0,"turns":4.0},{"damage":0.0,"enemies":"Snecko","floor":24.0,"turns":6.0},{"damage":9.0,"enemies":"Gremlin Leader","floor":25.0,"turns":6.0},{"damage":4.0,"enemies":"Centurion and Healer","floor":31.0,"turns":6.0},{"damage":22.0,"enemies":"Champ","floor":33.0,"turns":14.0},{"damage":8.0,"enemies":"3 Shapes","floor":35.0,"turns":6.0},{"damage":0.0,"enemies":"Mind Bloom Boss Battle","floor":36.0,"turns":11.0},{"damage":0.0,"enemies":"Orb Walker","floor":37.0,"turns":5.0},{"damage":1.0,"enemies":"4 Shapes","floor":39.0,"turns":3.0},{"damage":11.0,"enemies":"Nemesis","floor":40.0,"turns":9.0},{"damage":6.0,"enemies":"Giant Head","floor":42.0,"turns":13.0},{"damage":18.0,"enemies":"Writhing Mass","floor":46.0,"turns":11.0},{"damage":10.0,"enemies":"Reptomancer","floor":47.0,"turns":8.0},{"damage":0.0,"enemies":"3 Darklings","floor":48.0,"turns":4.0},{"damage":9.0,"enemies":"Awakened One","floor":50.0,"turns":19.0},{"damage":6.0,"enemies":"Shield and Spear","floor":54.0,"turns":6.0},{"damage":52,"enemies":"The Heart","floor":55,"turns":11}],"seed_played":"8270020986658727825","potions_obtained":[{"floor":1.0,"key":"Fire Potion"},{"floor":12.0,"key":"GamblersBrew"},{"floor":13.0,"key":"AttackPotion"},{"floor":24.0,"key":"Weak Potion"},{"floor":25.0,"key":"Swift Potion"},{"floor":40.0,"key":"EntropicBrew"}],"is_trial":false,"path_per_floor":["M","M","?","$","?","R","E","?","T","M","R","M","E","M","R","B",null,"M","?","M","?","?","R","M","E","T","R","$","?","$","M","R","B",null,"M","?","M","T","M","E","?","E","T","?","$","M","E","M","R","B",null,"R","$","E","B",null],"character_chosen":"DEFECT","items_purchased":["PowerPotion","Capacitor","Heatsinks","Coolheaded","Toxic Egg 2","Force Field+1","Ice Cream","Strawberry","Reinforced Body+1","Chemical X","All For One","Panacea+1"],"campfire_rested":2,"item_purchase_floors":[4,28,28,28,30,30,45,45,45,45,45,53],"current_hp_per_floor":[58,41,23,23,23,44,31,54,54,49,49,49,39,30,30,19,58,56,10,3,3,3,17,31,36,36,36,36,36,36,38,38,43,48,48,49,49,49,48,49,49,49,49,49,56,56,56,56,56,56,56,56,56,56,22],"gold":44,"neow_bonus":"BOSS_RELIC","is_prod":false,"is_daily":false,"chose_seed":false,"campfire_upgraded":4,"win_rate":0,"timestamp":1553491455,"path_taken":["M","M","?","$","?","R","E","?","T","M","R","M","E","M","R","BOSS","M","?","M","?","?","R","M","E","T","R","$","?","?","M","R","BOSS","M","?","M","?","M","E","?","E","T","?","$","?","E","M","R","BOSS","R","$","E","BOSS"],"build_version":"2019-03-15","purchased_purges":2,"victory":true,"max_hp_per_floor":[71,71,71,71,71,71,71,71,71,71,71,71,71,71,71,71,71,71,71,71,71,49,49,49,49,49,49,49,49,49,49,49,49,49,49,49,49,49,49,49,49,49,49,49,56,56,56,56,56,56,56,56,56,56,56],"card_choices":[{"not_picked":["Force Field","Coolheaded"],"picked":"Cold Snap","floor":1.0},{"not_picked":["Turbo","Tempest"],"picked":"Streamline","floor":2.0},{"not_picked":["Ball Lightning","Conserve Battery"],"picked":"Electrodynamics","floor":7.0},{"not_picked":["Scrape","Force Field"],"picked":"Ball Lightning","floor":10.0},{"not_picked":["Go for the Eyes","Compile Driver"],"picked":"BootSequence","floor":12.0},{"not_picked":["Compile Driver","Consume"],"picked":"Defragment","floor":13.0},{"not_picked":["Chaos","Aggregate","Go for the Eyes","Turbo"],"picked":"SKIP","floor":14.0},{"not_picked":["Echo Form","Thunder Strike","Seek"],"picked":"Biased Cognition","floor":16.0},{"not_picked":["Leap","Scrape","Sweeping Beam","Barrage"],"picked":"SKIP","floor":18.0},{"not_picked":["Ball Lightning","Compile Driver","Go for the Eyes"],"picked":"Leap","floor":19.0},{"not_picked":["Scrape","Double Energy","Ball Lightning"],"picked":"Glacier","floor":20.0},{"not_picked":["Sweeping Beam","Cold Snap","Streamline+1"],"picked":"Conserve Battery","floor":24.0},{"not_picked":["Melter","White Noise","Multi-Cast"],"picked":"Coolheaded","floor":25.0},{"not_picked":["Go for the Eyes","Lockon","Steam Power+1"],"picked":"Leap+1","floor":31.0},{"not_picked":["Reboot+1","Buffer","Core Surge"],"picked":"Echo Form","floor":33.0},{"not_picked":["Heatsinks","Darkness+1","Sweeping Beam"],"picked":"Capacitor","floor":35.0},{"not_picked":["Rebound+1","Force Field+1","Barrage+1"],"picked":"Genetic Algorithm+1","floor":36.0},{"not_picked":["Rebound","Hello World","Leap+1","Gash"],"picked":"SKIP","floor":37.0},{"not_picked":["Stack+1","Sweeping Beam+1","Melter"],"picked":"Hologram+1","floor":39.0},{"not_picked":["Lockon","Hologram+1","Steam+1","BootSequence+1"],"picked":"SKIP","floor":40.0},{"not_picked":["Stack+1","Redo+1","Sweeping Beam"],"picked":"Skim+1","floor":42.0},{"not_picked":["Go for the Eyes","Leap+1","Turbo+1","Hyperbeam"],"picked":"SKIP","floor":46.0},{"not_picked":["FTL","BootSequence+1","Coolheaded+1"],"picked":"Fission+1","floor":47.0},{"not_picked":["Hologram+1","Fusion+1","Auto Shields+1","Redo+1"],"picked":"SKIP","floor":48.0},{"not_picked":["Sweeping Beam+1","Loop+1","Capacitor+1"],"picked":"Recycle+1","floor":54.0}],"player_experience":2285095,"relics_obtained":[{"floor":0.0,"key":"Bag of Marbles"},{"floor":0.0,"key":"Symbiotic Virus"},{"floor":0.0,"key":"Ginger"},{"floor":7.0,"key":"The Courier"},{"floor":9.0,"key":"Shuriken"},{"floor":13.0,"key":"Question Card"},{"floor":19.0,"key":"Emotion Chip"},{"floor":19.0,"key":"Sundial"},{"floor":25.0,"key":"Tiny Chest"},{"floor":26.0,"key":"Dodecahedron"},{"floor":36.0,"key":"Old Coin"},{"floor":38.0,"key":"Bag of Preparation"},{"floor":40.0,"key":"Orichalcum"},{"floor":42.0,"key":"PreservedInsect"},{"floor":47.0,"key":"Girya"},{"floor":54.0,"key":"Happy Flower"}],"event_choices":[{"damage_healed":0.0,"max_hp_gain":0.0,"max_hp_loss":0.0,"gold_gain":0.0,"event_name":"Scrap Ooze","player_choice":"Success","floor":3.0,"gold_loss":0.0,"damage_taken":18.0,"relics_obtained":["Pen Nib"]},{"damage_healed":0.0,"max_hp_gain":0.0,"max_hp_loss":0.0,"gold_gain":0.0,"event_name":"The Cleric","player_choice":"Leave","floor":5.0,"gold_loss":0.0,"damage_taken":0.0},{"damage_healed":23.0,"max_hp_gain":0.0,"max_hp_loss":0.0,"gold_gain":0.0,"event_name":"Big Fish","player_choice":"Banana","floor":8.0,"gold_loss":0.0,"damage_taken":0.0},{"damage_healed":0.0,"max_hp_gain":0.0,"max_hp_loss":0.0,"gold_gain":0.0,"event_name":"Colosseum","player_choice":"Fight","floor":19.0,"gold_loss":0.0,"damage_taken":0.0},{"damage_healed":0.0,"max_hp_gain":0.0,"max_hp_loss":0.0,"gold_gain":0.0,"event_name":"Colosseum","player_choice":"Fought Nobs","floor":19.0,"gold_loss":0.0,"damage_taken":0.0},{"damage_healed":0.0,"max_hp_gain":0.0,"max_hp_loss":0.0,"gold_gain":0.0,"event_name":"Ghosts","player_choice":"Ignored","floor":21.0,"gold_loss":0.0,"damage_taken":0.0},{"damage_healed":0.0,"max_hp_gain":0.0,"max_hp_loss":22.0,"gold_gain":0.0,"event_name":"Vampires","player_choice":"Became a vampire","floor":22.0,"gold_loss":0.0,"damage_taken":0.0,"cards_obtained":["Bite","Bite","Bite","Bite","Bite"]},{"damage_healed":0.0,"max_hp_gain":0.0,"max_hp_loss":0.0,"gold_gain":0.0,"event_name":"Back to Basics","player_choice":"Simplicity","floor":29.0,"gold_loss":0.0,"damage_taken":0.0,"cards_upgraded":["Defend_B","Defend_B","Defend_B","Defend_B"]},{"damage_healed":0.0,"max_hp_gain":0.0,"max_hp_loss":0.0,"gold_gain":0.0,"event_name":"MindBloom","player_choice":"Fight","floor":36.0,"gold_loss":0.0,"damage_taken":0.0},{"damage_healed":0.0,"max_hp_gain":0.0,"max_hp_loss":0.0,"gold_gain":0.0,"event_name":"Tomb of Lord Red Mask","player_choice":"Ignored","floor":41.0,"gold_loss":0.0,"damage_taken":0.0},{"cards_removed":["Bite"],"damage_healed":0.0,"max_hp_gain":0.0,"max_hp_loss":0.0,"gold_gain":0.0,"event_name":"Falling","player_choice":"Removed Attack","floor":44.0,"gold_loss":0.0,"damage_taken":0.0}],"is_beta":true,"boss_relics":[{"not_picked":["Tiny House","Nuclear Battery"],"picked":"Snecko Eye"},{"not_picked":["Runic Dome","Cursed Key"],"picked":"Fusion Hammer"}],"items_purged_floors":[4,28],"is_endless":false,"potions_floor_spawned":[1,12,13,14,16,19,24,25,31,35,40,42],"ascension_level":15}