{"path_per_floor":["M","?","?","M","M","R","E","R","T","E","R","?","T","$","R","B",null,"M","?","$","M","M","R","E","M","T","R","?","$","?","M","R"],"character_chosen":"DEFECT","items_purchased":["Strange Spoon","Capacitor","Self Repair"],"gold_per_floor":[114,114,64,80,96,96,130,130,130,165,165,145,145,145,145,244,244,255,255,18,29,40,40,72,89,115,115,115,36,36,53,53,53],"floor_reached":33,"campfire_rested":2,"playtime":1390,"current_hp_per_floor":[68,68,68,68,68,68,42,42,42,9,31,31,31,31,31,12,59,45,37,37,35,13,24,21,21,21,21,21,21,21,27,27,0],"items_purged":[],"gold":53,"score":391,"play_id":"1b0d45ba-83c0-4198-822b-25eeae42c7f0","local_time":"20180429200910","is_prod":false,"is_daily":false,"chose_seed":false,"is_ascension_mode":true,"campfire_upgraded":5,"timestamp":1525057750,"path_taken":["M","?","?","M","M","R","E","R","T","E","R","?","?","?","R","BOSS","M","?","$","M","M","R","E","M","T","R","?","$","?","M","R","BOSS"],"build_version":"2018-04-27v3","seed_source_timestamp":0,"purchased_purges":2,"victory":false,"master_deck":["Strike_B","Strike_B","Strike_B","Defend_B","Defend_B","Defend_B","Defend_B","Zap+1","Go for the Eyes","Sweeping Beam+1","Genetic Algorithm+1","Capacitor","Stack","Impulse+1","Seek","Ball Lightning+1","Ghostly+1","Ghostly","Ghostly+1","Ghostly+1","Ghostly","Capacitor","Cold Snap+1","Skim+1","Loop+1","Leap","Self Repair","Thunder Strike"],"max_hp_per_floor":[75,75,75,75,75,75,75,75,75,75,75,75,75,75,75,75,75,75,37,37,37,37,37,37,37,37,37,37,37,37,37,37,37],"relics":["Cracked Core","Bottled Flame","Bottled Lightning","Happy Flower","Gremlin Horn","Sozu","Strange Spoon","Juzu Bracelet","Whetstone"],"card_choices":[{"not_picked":["Beam Cell","Auto Shields"],"picked":"Go for the Eyes","floor":0.0},{"not_picked":["Glacier","Melter"],"picked":"Sweeping Beam","floor":1.0},{"not_picked":["Conserve Battery","Beam Cell"],"picked":"Genetic Algorithm","floor":4.0},{"not_picked":["Axe Kick","Skim"],"picked":"Capacitor","floor":5.0},{"not_picked":["Scrape","Skim"],"picked":"Stack","floor":7.0},{"not_picked":["Machine Learning","Sweeping Beam"],"picked":"Impulse","floor":10.0},{"not_picked":["Fusion","All For One"],"picked":"Seek","floor":16.0},{"not_picked":["Double Energy","Impulse"],"picked":"Ball Lightning","floor":18.0},{"not_picked":["Heatsinks","Recycle"],"picked":"Cold Snap","floor":21.0},{"not_picked":["Barrage","Axe Kick"],"picked":"Skim","floor":22.0},{"not_picked":["Go for the Eyes","Leap"],"picked":"Loop","floor":24.0},{"not_picked":["Stack","Sweeping Beam"],"picked":"Leap","floor":25.0},{"not_picked":["Hologram","Genetic Algorithm"],"picked":"Thunder Strike","floor":31.0}],"player_experience":558639,"potions_floor_usage":[],"damage_taken":[{"damage":0.0,"enemies":"2 Louse","floor":1.0,"turns":2.0},{"damage":0.0,"enemies":"Cultist","floor":4.0,"turns":4.0},{"damage":0.0,"enemies":"Jaw Worm","floor":5.0,"turns":5.0},{"damage":26.0,"enemies":"Gremlin Nob","floor":7.0,"turns":4.0},{"damage":33.0,"enemies":"Lagavulin","floor":10.0,"turns":9.0},{"damage":19.0,"enemies":"Slime Boss","floor":16.0,"turns":10.0},{"damage":14.0,"enemies":"Shell Parasite","floor":18.0,"turns":9.0},{"damage":2.0,"enemies":"Chosen","floor":21.0,"turns":7.0},{"damage":22.0,"enemies":"Centurion and Healer","floor":22.0,"turns":14.0},{"damage":3.0,"enemies":"Slavers","floor":24.0,"turns":7.0},{"damage":0.0,"enemies":"Cultist and Chosen","floor":25.0,"turns":10.0},{"damage":1.0,"enemies":"Chosen and Byrds","floor":31.0,"turns":8.0},{"damage":47,"enemies":"Collector","floor":33,"turns":7}],"event_choices":[{"event_name":"Bonfire Elementals","player_choice":"BASIC","floor":2.0,"damage_taken":0.0},{"event_name":"The Cleric","player_choice":"Card Removal","floor":3.0,"damage_taken":0.0},{"event_name":"The Woman in Blue","player_choice":"Bought 1 Potion","floor":12.0,"damage_taken":0.0},{"event_name":"Ghosts","player_choice":"Became a Ghost","floor":19.0,"damage_taken":0.0},{"event_name":"Upgrade Shrine","player_choice":"Upgraded","floor":28.0,"damage_taken":0.0},{"event_name":"N\u0027loth","player_choice":"Ignored","floor":30.0,"damage_taken":0.0}],"boss_relics":[],"potions_floor_spawned":[1,4,10,22,31],"seed_played":"2808290185339534448","killed_by":"Collector","ascension_level":7,"is_trial":false}