{"path_per_floor":["M","?","?","M","$","E","R","E","T","E","M","R","M","?","R","B",null,"M","?","M","?","$","R","?","$","T","R","M","?","T","M","R","B",null,"M","?","?","$","M","R","E","R","T","$","?","$","M","$","R","B"],"character_chosen":"IRONCLAD","items_purchased":["Anger","Inflame","Lantern","Combust","Feel No Pain","Rupture"],"gold_per_floor":[114,114,39,56,9,40,40,66,92,124,137,137,155,155,155,233,233,252,252,272,272,38,38,38,38,107,107,123,123,123,140,140,213,213,224,224,273,193,205,205,237,237,237,86,86,18,30,30,30,30],"floor_reached":51,"campfire_rested":1,"playtime":1681,"current_hp_per_floor":[74,74,74,75,75,75,75,63,63,46,48,48,52,52,52,32,64,36,36,16,31,31,31,31,31,31,31,13,13,13,16,46,52,52,45,45,32,32,41,41,49,49,56,56,45,45,51,51,51,35],"items_purged":["Decay"],"gold":30,"score":1371,"play_id":"73ce0345-08b1-4db4-92bb-c47cd422098b","local_time":"20180415141629","is_prod":false,"is_daily":false,"chose_seed":false,"is_ascension_mode":true,"campfire_upgraded":8,"timestamp":1523816189,"path_taken":["M","?","?","M","$","E","R","E","T","E","M","R","?","?","R","BOSS","M","?","?","?","$","R","?","?","T","R","M","?","?","M","R","BOSS","M","?","?","$","M","R","E","R","T","$","?","?","?","$","R","BOSS"],"build_version":"2018-04-12","seed_source_timestamp":941894931407,"purchased_purges":1,"victory":true,"master_deck":["Defend_R","Defend_R","Defend_R","Defend_R","Bash+1","AscendersBane","Uppercut+1","Anger+1","Heavy Blade+1","Shockwave+1","Feel No Pain+1","Reckless Charge+1","Spot Weakness+1","Demon Form+1","Headbutt+1","Pummel+1","Inflame+1","Bite+1","Bite+1","Bite+1","Bite+1","Bite+1","Brutality+1","Offering+1","Evolve+1","Master of Strategy+1","Rupture+1","Combust+1","Heavy Blade+1","Carnage+1","Feel No Pain+1","Madness","Madness","Rupture+1","Heavy Blade+1"],"max_hp_per_floor":[75,75,75,75,75,75,75,75,75,75,75,75,75,75,75,75,75,75,75,75,75,75,75,52,52,52,52,52,52,52,52,52,52,52,52,52,52,52,52,52,52,52,59,59,59,59,59,59,59,59],"relics":["Burning Blood","NeowsBlessing","Frozen Egg 2","Regal Pillow","Self Forming Clay","Art of War","Kunai","Lizard Tail","Molten Egg 2","Lantern","Letter Opener","Matryoshka","Cursed Key","Peace Pipe","Happy Flower","Blood Vial","Strawberry"],"card_choices":[{"not_picked":["Infernal Blade","True Grit"],"picked":"Uppercut","floor":1},{"not_picked":["True Grit","Armaments"],"picked":"Heavy Blade","floor":6},{"not_picked":["Bloodletting","Anger"],"picked":"Shockwave","floor":8},{"not_picked":["Battle Trance","Barricade"],"picked":"Feel No Pain","floor":10},{"not_picked":["Pommel Strike","Clash"],"picked":"Reckless Charge","floor":11},{"not_picked":["Havoc","Warcry"],"picked":"Spot Weakness","floor":13},{"not_picked":["Feed","Immolate"],"picked":"Demon Form","floor":16},{"not_picked":["Thunderclap","Flex"],"picked":"Headbutt","floor":18},{"not_picked":["Warcry","Shrug It Off"],"picked":"Pummel","floor":20},{"not_picked":["Corruption","Perfected Strike"],"picked":"Brutality","floor":31},{"not_picked":["Juggernaut","Impervious"],"picked":"Offering","floor":33},{"not_picked":["Flex","Armaments"],"picked":"Evolve","floor":35},{"not_picked":["Jack Of All Trades","Thinking Ahead"],"picked":"Master of Strategy","floor":36},{"not_picked":["Fire Breathing","Whirlwind"],"picked":"Rupture","floor":37},{"not_picked":["Inflame","Body Slam"],"picked":"Heavy Blade","floor":39},{"not_picked":["Body Slam","Brutality"],"picked":"Carnage","floor":41},{"not_picked":["Clash","Thunderclap"],"picked":"Heavy Blade","floor":47}],"player_experience":880392,"potions_floor_usage":[8,16,18,20,31,37,39,50],"damage_taken":[{"damage":0,"enemies":"Cultist","floor":1,"turns":1},{"damage":0,"enemies":"2 Louse","floor":4,"turns":1},{"damage":0,"enemies":"Gremlin Nob","floor":6,"turns":1},{"damage":18,"enemies":"3 Sentries","floor":8,"turns":6},{"damage":23,"enemies":"Gremlin Nob","floor":10,"turns":4},{"damage":4,"enemies":"Small Slimes","floor":11,"turns":3},{"damage":2,"enemies":"2 Fungi Beasts","floor":13,"turns":3},{"damage":26,"enemies":"The Guardian","floor":16,"turns":9},{"damage":34,"enemies":"2 Thieves","floor":18,"turns":4},{"damage":26,"enemies":"Shell Parasite","floor":20,"turns":5},{"damage":39,"enemies":"Centurion and Healer","floor":28,"turns":4},{"damage":9,"enemies":"Snake Plant","floor":31,"turns":3},{"damage":15,"enemies":"Champ","floor":33,"turns":7},{"damage":13,"enemies":"Orb Walker","floor":35,"turns":2},{"damage":34,"enemies":"Mysterious Sphere","floor":37,"turns":5},{"damage":15,"enemies":"3 Darklings","floor":39,"turns":4},{"damage":10,"enemies":"Giant Head","floor":41,"turns":5},{"damage":14,"enemies":"4 Shapes","floor":47,"turns":5},{"damage":66,"enemies":"Donu and Deca","floor":50,"turns":5}],"event_choices":[{"event_name":"Big Fish","player_choice":"Box","floor":2,"damage_taken":0},{"event_name":"The Cleric","player_choice":"Card Removal","floor":3,"damage_taken":0},{"event_name":"Living Wall","player_choice":"Grow","floor":14,"damage_taken":0},{"event_name":"The Mausoleum","player_choice":"Yes","floor":19,"damage_taken":0},{"event_name":"The Library","player_choice":"Heal","floor":21,"damage_taken":0},{"event_name":"Vampires","player_choice":"Became a vampire","floor":24,"damage_taken":0},{"event_name":"Fountain of Cleansing","player_choice":"Removed Curse","floor":29,"damage_taken":0},{"event_name":"SensoryStone","player_choice":"Memory 1","floor":36,"damage_taken":0},{"event_name":"Mysterious Sphere","player_choice":"Fight","floor":37,"damage_taken":0},{"event_name":"Winding Halls","player_choice":"Embrace Madness","floor":45,"damage_taken":0}],"boss_relics":[{"not_picked":["Runic Pyramid","Snecko Eye"],"picked":"Lizard Tail"},{"not_picked":["Eternal Feather","Calling Bell"],"picked":"Cursed Key"}],"potions_floor_spawned":[1,6,11,16,20,28,37,47],"seed_played":"3665817381086860038","ascension_level":15,"is_trial":false}