{"gold_per_floor":[112,112,262,281,206,206,234,234,234,234,263,263,8,24,24,95,95,106,122,0,19,33,33,62,62,62,76,76,76],"floor_reached":29,"playtime":577,"items_purged":[],"score":652,"play_id":"f053a195-b9d5-4a4f-8836-b6799fe6e806","local_time":"20190205234413","is_ascension_mode":true,"campfire_choices":[{"data":"Zap","floor":6,"key":"SMITH"},{"data":"Fission","floor":8,"key":"SMITH"},{"data":"Hologram","floor":12,"key":"SMITH"},{"data":"Loop","floor":15,"key":"SMITH"},{"floor":23,"key":"REST"},{"data":"Rainbow","floor":25,"key":"SMITH"}],"neow_cost":"NONE","seed_source_timestamp":216817638743059,"circlet_count":0,"master_deck":["AscendersBane","Strike_B","Defend_B+1","Defend_B+1","Defend_B","Defend_B","Zap+1","Dualcast","FTL","Ball Lightning","Fission+1","Hologram+1","Loop+1","Sweeping Beam","Rainbow+1","Cold Snap+1","Heatsinks+1","Multi-Cast+1","Leap","Hologram+1","Loop+1","Conserve Battery","Shame"],"relics":["Cracked Core","NeowsBlessing","Turnip","Symbiotic Virus","Pantograph","DataDisk","Astrolabe","Meat on the Bone","Boot"],"potions_floor_usage":[11,16,22,24,24],"damage_taken":[{"damage":0,"enemies":"Jaw Worm","floor":1,"turns":1},{"damage":0,"enemies":"Small Slimes","floor":4,"turns":1},{"damage":0,"enemies":"3 Sentries","floor":7,"turns":1},{"damage":8,"enemies":"Gremlin Nob","floor":11,"turns":3},{"damage":0,"enemies":"2 Louse","floor":14,"turns":2},{"damage":0,"enemies":"Slime Boss","floor":16,"turns":4},{"damage":0,"enemies":"Spheric Guardian","floor":18,"turns":3},{"damage":22,"enemies":"Shell Parasite","floor":19,"turns":3},{"damage":12,"enemies":"Sentry and Sphere","floor":21,"turns":8},{"damage":13,"enemies":"Chosen and Byrds","floor":22,"turns":4},{"damage":17,"enemies":"Slavers","floor":24,"turns":2},{"damage":20,"enemies":"Snake Plant","floor":27,"turns":4},{"damage":23,"enemies":"Centurion and Healer","floor":29,"turns":1}],"seed_played":"-7025005776810135338","potions_obtained":[{"floor":1,"key":"Ancient Potion"},{"floor":7,"key":"Energy Potion"},{"floor":11,"key":"SteroidPotion"},{"floor":18,"key":"Energy Potion"},{"floor":21,"key":"Ancient Potion"},{"floor":22,"key":"SteroidPotion"}],"is_trial":false,"path_per_floor":["M","?","?","M","?","R","E","R","T","?","E","R","$","M","R","B",null,"M","M","?","M","M","R","E","R","T","M","?","M"],"character_chosen":"DEFECT","items_purchased":["DataDisk","Loop"],"campfire_rested":1,"item_purchase_floors":[13,13],"current_hp_per_floor":[64,43,43,43,43,43,43,43,43,43,35,35,35,35,35,60,68,68,46,46,34,21,42,25,25,25,17,17,0],"gold":76,"neow_bonus":"THREE_ENEMY_KILL","is_prod":false,"is_daily":false,"chose_seed":false,"campfire_upgraded":5,"win_rate":0,"timestamp":1549435453,"path_taken":["M","?","?","M","?","R","E","R","T","?","E","R","$","M","R","BOSS","M","M","?","M","M","R","E","R","T","M","?","M"],"build_version":"2019-01-23","purchased_purges":0,"victory":false,"max_hp_per_floor":[71,71,71,71,71,71,71,71,71,71,71,71,71,71,71,71,71,71,71,71,71,71,71,71,71,71,71,71,71],"card_choices":[{"not_picked":["Aggregate","Barrage"],"picked":"FTL","floor":1},{"not_picked":["Hologram","Coolheaded"],"picked":"Ball Lightning","floor":4},{"not_picked":["BootSequence","Capacitor"],"picked":"Fission","floor":7},{"not_picked":["Streamline","Storm"],"picked":"Hologram","floor":11},{"not_picked":["Aggregate","Go for the Eyes"],"picked":"Sweeping Beam","floor":14},{"not_picked":["Hyperbeam","Meteor Strike"],"picked":"Rainbow","floor":16},{"not_picked":["Tempest","Go for the Eyes"],"picked":"Leap","floor":18},{"not_picked":["Rebound","Leap","Lockon"],"picked":"SKIP","floor":19},{"not_picked":["Coolheaded+1","Rebound"],"picked":"Hologram+1","floor":21},{"not_picked":["Doom and Gloom","Go for the Eyes","Steam"],"picked":"SKIP","floor":22},{"not_picked":["Beam Cell","Compile Driver"],"picked":"Loop+1","floor":24},{"not_picked":["Recycle","Hello World"],"picked":"Conserve Battery","floor":27}],"player_experience":1076257,"relics_obtained":[{"floor":7,"key":"Turnip"},{"floor":9,"key":"Symbiotic Virus"},{"floor":11,"key":"Pantograph"},{"floor":24,"key":"Meat on the Bone"}],"event_choices":[{"damage_healed":0,"gold_gain":0,"player_choice":"Entered Light","damage_taken":21,"max_hp_gain":0,"max_hp_loss":0,"event_name":"Shining Light","floor":2,"gold_loss":0,"cards_upgraded":["Defend_B","Defend_B"]},{"damage_healed":0,"gold_gain":150,"player_choice":"AGREE","damage_taken":0,"max_hp_gain":0,"max_hp_loss":0,"event_name":"Liars Game","floor":3,"gold_loss":0,"cards_obtained":["Doubt"]},{"cards_removed":["Doubt"],"damage_healed":0,"gold_gain":0,"player_choice":"Card Removal","damage_taken":0,"max_hp_gain":0,"max_hp_loss":0,"event_name":"The Cleric","floor":5,"gold_loss":75},{"damage_healed":0,"gold_gain":0,"player_choice":"Fled","damage_taken":0,"max_hp_gain":0,"max_hp_loss":0,"event_name":"Scrap Ooze","floor":10,"gold_loss":0},{"damage_healed":0,"gold_gain":0,"player_choice":"Paid Fearfully","damage_taken":0,"max_hp_gain":0,"max_hp_loss":0,"event_name":"Masked Bandits","floor":20,"gold_loss":122},{"damage_healed":0,"gold_gain":0,"player_choice":"Stole Relic","damage_taken":0,"relics_obtained":["Boot"],"max_hp_gain":0,"max_hp_loss":0,"event_name":"Addict","floor":28,"gold_loss":0,"cards_obtained":["Shame"]}],"is_beta":true,"boss_relics":[{"not_picked":["Eternal Feather","Pandora\u0027s Box"],"picked":"Astrolabe"}],"items_purged_floors":[],"is_endless":false,"potions_floor_spawned":[1,7,11,18,21,22],"killed_by":"Centurion and Healer","ascension_level":20}