{"path_per_floor":["M","?","$","M","M","R","?","R","T","M","M","R","M","M","R","B",null,"M","M","?","$","M","R","M","M","T","R"],"character_chosen":"IRONCLAD","items_purchased":["Limit Break"],"gold_per_floor":[99,99,31,31,31,31,31,31,31,31,31,31,31,1,1,1,1,0,0,0,0,0,0,0,0,0,0,0],"floor_reached":28,"campfire_rested":1,"playtime":764,"current_hp_per_floor":[78,62,62,62,62,62,62,62,62,60,60,60,60,58,58,48,80,63,56,56,56,54,54,38,20,20,44,44],"items_purged":[],"gold":0,"score":214,"play_id":"a59a3ccb-68b7-4f16-83ee-a34ccbfc495d","local_time":"20180405103605","is_prod":false,"is_daily":false,"is_ascension_mode":false,"campfire_upgraded":5,"timestamp":1522938965,"path_taken":["M","?","?","M","M","R","?","R","T","M","M","R","?","M","R","BOSS","M","M","?","?","M","R","M","M","T","R","M"],"build_version":"2018-03-29v2","purchased_purges":0,"victory":false,"master_deck":["Strike_R","Strike_R","Strike_R","Strike_R","Strike_R","Defend_R+1","Defend_R","Defend_R","Defend_R","Bash+1","Armaments+1","Limit Break+1","Infernal Blade+1","Demon Form+1","Thunderclap","Inflame+1","Double Tap+1","Flex","Searing Blow+1","Armaments+1","Perfected Strike","Shrug It Off"],"max_hp_per_floor":[80,80,80,80,80,80,80,80,80,80,80,80,80,80,80,80,80,80,80,80,80,80,80,80,80,80,80,80],"relics":["Ectoplasm","Charon\u0027s Ashes"],"card_choices":[{"not_picked":["Cleave","Sever Soul"],"picked":"Armaments","floor":1},{"not_picked":["Entrench","Clash"],"picked":"Infernal Blade","floor":5},{"not_picked":["Shrug It Off","Pommel Strike"],"picked":"Demon Form","floor":10},{"not_picked":["Wild Strike","Anger"],"picked":"Thunderclap","floor":11},{"not_picked":["Infernal Blade","Flame Barrier"],"picked":"Inflame","floor":14},{"not_picked":["Limit Break","Brutality"],"picked":"Double Tap","floor":16},{"not_picked":["True Grit","Twin Strike"],"picked":"Flex","floor":18},{"not_picked":["Armaments","Intimidate"],"picked":"Searing Blow","floor":19},{"not_picked":["Sword Boomerang","Brutality"],"picked":"Armaments","floor":22},{"not_picked":["Body Slam","Combust"],"picked":"Perfected Strike","floor":24},{"not_picked":["Entrench","Clothesline"],"picked":"Shrug It Off","floor":25}],"player_experience":677907,"potions_floor_usage":[10,16,16,22,22,24,25],"damage_taken":[{"damage":2,"enemies":"Small Slimes","floor":1,"turns":4},{"damage":0,"enemies":"2 Louse","floor":4,"turns":3},{"damage":0,"enemies":"Cultist","floor":5,"turns":3},{"damage":2,"enemies":"Exordium Thugs","floor":10,"turns":4},{"damage":0,"enemies":"Large Slime","floor":11,"turns":4},{"damage":0,"enemies":"Red Slaver","floor":13,"turns":2},{"damage":2,"enemies":"Looter","floor":14,"turns":3},{"damage":10,"enemies":"Slime Boss","floor":16,"turns":6},{"damage":17,"enemies":"2 Thieves","floor":18,"turns":4},{"damage":7,"enemies":"Shell Parasite","floor":19,"turns":4},{"damage":2,"enemies":"Snecko","floor":22,"turns":3},{"damage":16,"enemies":"Snake Plant","floor":24,"turns":3},{"damage":33,"enemies":"Chosen and Byrds","floor":25,"turns":7},{"damage":0,"enemies":"Centurion and Healer","floor":28,"turns":1}],"event_choices":[{"event_name":"Shining Light","player_choice":"Entered Light","floor":2,"damage_taken":0},{"event_name":"Upgrade Shrine","player_choice":"Upgraded","floor":7,"damage_taken":0},{"event_name":"Beggar","player_choice":"Ignored","floor":20,"damage_taken":0}],"boss_relics":[{"not_picked":["Philosopher\u0027s Stone","Sozu","Orrery"]}],"potions_floor_spawned":[5,11,14,16,18,19,22],"seed_played":"-6641021389923417912","killed_by":"Centurion and Healer","ascension_level":0,"is_trial":false}