{"path_per_floor":["M","M","?","M","M","R","M","M","T","M","?","$","R","?","R","B",null,"M","$","M","?","M","R","M","M","T","R","M","R","M","M","R"],"character_chosen":"IRONCLAD","items_purchased":["Clash","Wild Strike","Flash of Steel"],"gold_per_floor":[116,134,134,148,160,160,175,189,189,205,380,135,135,135,135,232,232,247,147,161,161,177,177,194,210,287,287,306,306,320,330,330,330],"floor_reached":33,"campfire_rested":2,"playtime":1088,"current_hp_per_floor":[79,80,80,80,69,69,54,49,49,50,50,50,50,34,34,10,80,60,60,46,72,66,66,47,38,38,38,15,39,35,20,44,0],"items_purged":["Doubt","Defend_R"],"gold":330,"score":245,"play_id":"5996f3dc-2721-42de-a051-ee4b74b8ab89","local_time":"20180408024250","is_prod":false,"is_daily":false,"is_ascension_mode":false,"campfire_upgraded":5,"timestamp":1523169770,"path_taken":["M","M","?","M","M","R","?","M","T","?","?","$","R","?","R","BOSS","M","$","?","?","M","R","M","M","T","R","M","R","M","M","R","BOSS"],"build_version":"2018-04-05v2","purchased_purges":2,"victory":false,"master_deck":["Strike_R+1","Strike_R","Strike_R","Strike_R","Strike_R","Defend_R","Defend_R","Bash+1","Perfected Strike+1","Pommel Strike+1","Whirlwind+1","Flex+1","Clash","Wild Strike","Flash of Steel+1","Pommel Strike","Wild Strike"],"max_hp_per_floor":[80,80,80,80,80,80,80,80,80,80,80,80,80,80,80,80,80,80,80,80,80,80,80,80,80,80,80,80,80,80,80,80,80],"relics":["Burning Blood"],"card_choices":[{"not_picked":["Pommel Strike","Infernal Blade"],"picked":"Perfected Strike","floor":1},{"not_picked":["Ghostly Armor","Reckless Charge"],"picked":"Pommel Strike","floor":4},{"not_picked":["Cleave","Havoc"],"picked":"Whirlwind","floor":7},{"not_picked":["Hemokinesis","Cleave"],"picked":"Flex","floor":8},{"not_picked":["Clothesline","Shrug It Off"],"picked":"Pommel Strike","floor":20},{"not_picked":["Barricade","Power Through"],"picked":"Wild Strike","floor":24}],"player_experience":749316,"potions_floor_usage":[4,5,5,16,16,16,20,24,25,33],"damage_taken":[{"damage":7,"enemies":"2 Louse","floor":1,"turns":3},{"damage":1,"enemies":"Cultist","floor":2,"turns":3},{"damage":1,"enemies":"Jaw Worm","floor":4,"turns":3},{"damage":17,"enemies":"Gremlin Gang","floor":5,"turns":5},{"damage":21,"enemies":"Exordium Thugs","floor":7,"turns":5},{"damage":11,"enemies":"Large Slime","floor":8,"turns":2},{"damage":5,"enemies":"Exordium Wildlife","floor":10,"turns":3},{"damage":42,"enemies":"Hexaghost","floor":16,"turns":5},{"damage":26,"enemies":"Shell Parasite","floor":18,"turns":5},{"damage":20,"enemies":"2 Thieves","floor":20,"turns":2},{"damage":12,"enemies":"3 Cultists","floor":22,"turns":3},{"damage":25,"enemies":"Slaver and Parasite","floor":24,"turns":4},{"damage":15,"enemies":"Cultist and Chosen","floor":25,"turns":4},{"damage":29,"enemies":"Centurion and Healer","floor":28,"turns":4},{"damage":10,"enemies":"Sentry and Sphere","floor":30,"turns":3},{"damage":21,"enemies":"Snake Plant","floor":31,"turns":3},{"damage":62,"enemies":"Champ","floor":33,"turns":8}],"event_choices":[{"event_name":"The Lab","player_choice":"Got Potions","floor":3,"damage_taken":0},{"event_name":"Liars Game","player_choice":"agreed","floor":11,"damage_taken":0},{"event_name":"Shining Light","player_choice":"Entered Light","floor":14,"damage_taken":0},{"event_name":"The Library","player_choice":"Heal","floor":21,"damage_taken":0}],"boss_relics":[{"not_picked":["Orrery","Ectoplasm","Cursed Key"]}],"potions_floor_spawned":[5,8,10,16,18,24,31],"seed_played":"-6769486788396037333","killed_by":"Champ","ascension_level":0,"is_trial":false}