{"gold_per_floor":[10,23,23,23,41,41,371,381,381,396,459,470,470,480,480,480],"floor_reached":16,"playtime":648,"items_purged":[],"score":228,"play_id":"56ce5990-575f-4009-86aa-1bc33999d5ea","local_time":"20190316023655","is_ascension_mode":true,"campfire_choices":[{"data":"Bash","floor":6,"key":"SMITH"},{"data":"Clothesline","floor":13,"key":"SMITH"},{"data":"Flame Barrier","floor":15,"key":"SMITH"}],"neow_cost":"NO_GOLD","seed_source_timestamp":228309998470401,"circlet_count":0,"master_deck":["AscendersBane","Strike_R","Strike_R","Strike_R","Strike_R","Strike_R","Defend_R","Defend_R","Defend_R","Defend_R","Bash+1","Immolate","Clothesline+1","Power Through","Twin Strike","Carnage","Flame Barrier+1","Anger","Rampage","Evolve"],"relics":["Burning Blood","Ornamental Fan","Old Coin","Blue Candle","Tiny Chest"],"potions_floor_usage":[10,12,16,16],"damage_taken":[{"damage":9,"enemies":"Jaw Worm","floor":1,"turns":4},{"damage":7,"enemies":"Small Slimes","floor":2,"turns":3},{"damage":0,"enemies":"Cultist","floor":5,"turns":3},{"damage":40,"enemies":"Lagavulin","floor":7,"turns":7},{"damage":1,"enemies":"2 Fungi Beasts","floor":8,"turns":2},{"damage":3,"enemies":"Exordium Thugs","floor":10,"turns":4},{"damage":5,"enemies":"3 Sentries","floor":11,"turns":4},{"damage":5,"enemies":"Red Slaver","floor":12,"turns":4},{"damage":1,"enemies":"2 Fungi Beasts","floor":14,"turns":3},{"damage":34,"enemies":"The Guardian","floor":16,"turns":6}],"seed_played":"5101594889243255702","potions_obtained":[{"floor":1,"key":"LiquidBronze"},{"floor":7,"key":"Explosive Potion"},{"floor":10,"key":"Swift Potion"},{"floor":12,"key":"PowerPotion"}],"is_trial":false,"path_per_floor":["M","M","?","?","M","R","E","M","T","M","E","M","R","M","R","B"],"character_chosen":"IRONCLAD","items_purchased":[],"campfire_rested":0,"item_purchase_floors":[],"current_hp_per_floor":[65,64,38,43,49,49,15,20,20,23,24,25,25,30,30,0],"gold":480,"neow_bonus":"THREE_RARE_CARDS","is_prod":false,"is_daily":false,"chose_seed":false,"campfire_upgraded":3,"win_rate":0,"timestamp":1552718215,"path_taken":["M","M","?","?","M","R","E","M","T","M","E","M","R","M","R","BOSS"],"build_version":"2019-01-23","purchased_purges":0,"victory":false,"max_hp_per_floor":[75,75,75,80,80,80,80,80,80,80,80,80,80,80,80,80],"card_choices":[{"not_picked":["Limit Break","Impervious"],"picked":"Immolate","floor":0},{"not_picked":["Entrench","Anger"],"picked":"Clothesline","floor":1},{"not_picked":["Warcry","Sever Soul"],"picked":"Power Through","floor":2},{"not_picked":["Clothesline","Flex"],"picked":"Twin Strike","floor":5},{"not_picked":["Havoc","Sentinel"],"picked":"Carnage","floor":7},{"not_picked":["Carnage","Headbutt"],"picked":"Flame Barrier","floor":8},{"not_picked":["Sword Boomerang","Havoc"],"picked":"Anger","floor":10},{"not_picked":["Headbutt","Cleave"],"picked":"Rampage","floor":11},{"not_picked":["Searing Blow","Shrug It Off"],"picked":"Evolve","floor":12},{"not_picked":["Dropkick","Whirlwind","Thunderclap"],"picked":"SKIP","floor":14}],"player_experience":1153420,"relics_obtained":[{"floor":7,"key":"Old Coin"},{"floor":9,"key":"Blue Candle"},{"floor":11,"key":"Tiny Chest"}],"event_choices":[{"damage_healed":0,"gold_gain":0,"player_choice":"Success","damage_taken":26,"relics_obtained":["Ornamental Fan"],"max_hp_gain":0,"max_hp_loss":0,"event_name":"Scrap Ooze","floor":3,"gold_loss":0},{"damage_healed":0,"gold_gain":0,"player_choice":"Donut","damage_taken":0,"max_hp_gain":5,"max_hp_loss":0,"event_name":"Big Fish","floor":4,"gold_loss":0}],"is_beta":false,"boss_relics":[],"items_purged_floors":[],"is_endless":false,"potions_floor_spawned":[1,7,10,12],"killed_by":"The Guardian","ascension_level":20}