{"gold_per_floor":[110,90,15,15,26,60,72,101,101,116,41,69,69,83,83,158,158,172,172,172,14,14,26,42,42,42,42,42,74,74,92,92,92],"floor_reached":33,"playtime":1186,"items_purged":["Strike_G"],"score":641,"play_id":"b106d7fb-23a9-4e72-9758-dd121928a956","local_time":"20181030171410","is_ascension_mode":true,"campfire_choices":[{"data":"Adrenaline","floor":13,"key":"SMITH"},{"floor":15,"key":"REST"},{"data":"Ghostly","floor":25,"key":"SMITH"},{"data":"Ghostly","floor":28,"key":"SMITH"},{"floor":30,"key":"REST"},{"floor":32,"key":"REST"}],"neow_cost":"NONE","seed_source_timestamp":837975208029967,"circlet_count":0,"master_deck":["Defend_G","Defend_G","Defend_G","Defend_G","Defend_G","Strike_G","Strike_G","Strike_G","Survivor","Neutralize+1","AscendersBane","Quick Slash","Well Laid Plans","Dagger Throw","Backstab","Caltrops","Adrenaline+1","All Out Attack","Dagger Spray","Sucker Punch","Dodge and Roll","After Image","Dash","Ghostly","Ghostly+1","Ghostly+1","Infinite Blades","After Image","Ghostly+1","Crippling Poison","Escape Plan","Backflip+1"],"relics":["Ring of the Snake","NeowsBlessing","Dream Catcher","Question Card","Bronze Scales","Turnip","Sozu","Oddly Smooth Stone","Mango","Bottled Lightning"],"potions_floor_usage":[8,8,16],"damage_taken":[{"damage":0,"enemies":"Small Slimes","floor":1,"turns":1},{"damage":0,"enemies":"Cultist","floor":5,"turns":1},{"damage":0,"enemies":"Lagavulin","floor":6,"turns":1},{"damage":1,"enemies":"2 Louse","floor":7,"turns":2},{"damage":6,"enemies":"Gremlin Nob","floor":8,"turns":3},{"damage":7,"enemies":"Exordium Wildlife","floor":10,"turns":6},{"damage":15,"enemies":"Lagavulin","floor":12,"turns":8},{"damage":4,"enemies":"Large Slime","floor":14,"turns":5},{"damage":42,"enemies":"Slime Boss","floor":16,"turns":12},{"damage":13,"enemies":"2 Thieves","floor":18,"turns":4},{"damage":12,"enemies":"Colosseum Slavers","floor":19,"turns":4},{"damage":3,"enemies":"Chosen","floor":23,"turns":5},{"damage":0,"enemies":"Sentry and Sphere","floor":24,"turns":6},{"damage":22,"enemies":"Slavers","floor":29,"turns":7},{"damage":7,"enemies":"Cultist and Chosen","floor":31,"turns":9},{"damage":42,"enemies":"Collector","floor":33,"turns":20}],"seed_played":"-6182128620918946146","potions_obtained":[{"floor":2,"key":"SneckoOil"},{"floor":5,"key":"Poison Potion"},{"floor":6,"key":"Strength Potion"},{"floor":8,"key":"GhostInAJar"}],"is_trial":false,"path_per_floor":["M","?","$","?","M","E","M","E","T","M","$","E","R","M","R","B",null,"M","?","?","$","?","M","M","R","T","?","R","E","R","M","R"],"character_chosen":"THE_SILENT","items_purchased":["Well Laid Plans","Oddly Smooth Stone"],"campfire_rested":3,"item_purchase_floors":[3,21],"current_hp_per_floor":[59,59,59,59,59,59,58,52,52,45,45,30,30,26,45,3,50,37,25,25,25,25,22,22,22,36,36,36,14,28,21,35,0],"gold":92,"neow_bonus":"THREE_ENEMY_KILL","is_prod":false,"is_daily":false,"chose_seed":false,"campfire_upgraded":3,"win_rate":0,"timestamp":1540944850,"path_taken":["M","?","$","?","M","E","M","E","T","M","?","E","R","M","R","BOSS","M","?","?","$","?","M","M","R","T","?","R","E","R","M","R","BOSS"],"build_version":"2018-10-29v2","purchased_purges":1,"victory":false,"max_hp_per_floor":[66,66,66,66,66,66,66,66,66,66,66,66,66,66,66,66,66,66,66,33,33,33,33,33,33,47,47,47,47,47,47,47,47],"card_choices":[{"not_picked":["Slice","Well Laid Plans"],"picked":"Quick Slash","floor":1},{"not_picked":["Blade Dance","Escape Plan"],"picked":"Dagger Throw","floor":5},{"not_picked":["Burst","Setup"],"picked":"Backstab","floor":6},{"not_picked":["Choke","Bane"],"picked":"Caltrops","floor":7},{"not_picked":["Skewer","Blade Dance"],"picked":"Adrenaline","floor":8},{"not_picked":["Underhanded Strike","Calculated Gamble","Deflect"],"picked":"All Out Attack","floor":10},{"not_picked":["Skewer","Outmaneuver","Prepared"],"picked":"Dagger Spray","floor":12},{"not_picked":["All Out Attack","Flying Knee","Acrobatics"],"picked":"Sucker Punch","floor":14},{"not_picked":["Quick Slash","Deadly Poison","Slice"],"picked":"Dodge and Roll","floor":15},{"not_picked":["A Thousand Cuts","Wraith Form v2","Corpse Explosion"],"picked":"After Image","floor":16},{"not_picked":["Flying Knee","Dodge and Roll","Backflip"],"picked":"Dash","floor":18},{"not_picked":["Concentrate","Tactician","Dagger Spray","Dagger Throw"],"picked":"SKIP","floor":23},{"not_picked":["Sucker Punch","Infinite Blades","Acrobatics"],"picked":"After Image","floor":24},{"not_picked":["Deadly Poison","Outmaneuver","Prepared+1","Heel Hook"],"picked":"SKIP","floor":29},{"not_picked":["Deadly Poison+1","Dagger Spray","Catalyst"],"picked":"Crippling Poison","floor":30},{"not_picked":["PiercingWail","Masterful Stab","Flying Knee"],"picked":"Escape Plan","floor":31},{"not_picked":["Accuracy","Poisoned Stab","Dodge and Roll+1"],"picked":"Backflip+1","floor":32}],"player_experience":948125,"relics_obtained":[{"floor":6,"key":"Dream Catcher"},{"floor":8,"key":"Question Card"},{"floor":9,"key":"Bronze Scales"},{"floor":12,"key":"Turnip"},{"floor":26,"key":"Mango"},{"floor":29,"key":"Bottled Lightning"}],"event_choices":[{"damage_healed":0,"gold_gain":0,"player_choice":"Bought 1 Potion","damage_taken":0,"max_hp_gain":0,"max_hp_loss":0,"event_name":"The Woman in Blue","floor":2,"gold_loss":0},{"damage_healed":0,"gold_gain":0,"player_choice":"Upgraded","damage_taken":0,"max_hp_gain":0,"max_hp_loss":0,"event_name":"Upgrade Shrine","floor":4,"gold_loss":0,"cards_upgraded":["Neutralize"]},{"damage_healed":0,"gold_gain":0,"player_choice":"Fight","damage_taken":0,"max_hp_gain":0,"max_hp_loss":0,"event_name":"Colosseum","floor":19,"gold_loss":0},{"damage_healed":0,"gold_gain":0,"player_choice":"Fled From Nobs","damage_taken":0,"max_hp_gain":0,"max_hp_loss":0,"event_name":"Colosseum","floor":19,"gold_loss":0},{"damage_healed":0,"gold_gain":0,"player_choice":"Became a Ghost","damage_taken":0,"max_hp_gain":0,"max_hp_loss":33,"event_name":"Ghosts","floor":20,"gold_loss":0,"cards_obtained":["Ghostly","Ghostly","Ghostly"]},{"damage_healed":0,"gold_gain":0,"cards_transformed":["Strike_G"],"player_choice":"Transformed","damage_taken":0,"max_hp_gain":0,"max_hp_loss":0,"event_name":"Transmorgrifier","floor":22,"gold_loss":0,"cards_obtained":["Infinite Blades"]},{"damage_healed":0,"gold_gain":0,"player_choice":"Copied","damage_taken":0,"max_hp_gain":0,"max_hp_loss":0,"event_name":"Duplicator","floor":27,"gold_loss":0,"cards_obtained":["Ghostly"]}],"is_beta":true,"boss_relics":[{"not_picked":["Runic Pyramid","Ectoplasm"],"picked":"Sozu"}],"items_purged_floors":[11],"is_endless":false,"potions_floor_spawned":[5,6,8,23,29,31],"killed_by":"Collector","ascension_level":20}