{"gold_per_floor":[118,118,118,118,134,172,172,207,207,35,49,49,79,104,104,194,194,207,245,245,245,259,292,292,10,92,92,113,129,129,169,169,259,259,274,33,54,54,74,74,93,127,127,127,460,460,470,503,503,503,503],"floor_reached":51,"playtime":3028,"items_purged":["Strike_B"],"score":1502,"play_id":"0ec166a7-a37a-43cc-b43b-bb1b8a479f10","local_time":"20190407101244","is_ascension_mode":true,"campfire_choices":[{"floor":7.0,"key":"REST"},{"data":"Defragment","floor":12.0,"key":"SMITH"},{"data":"Defragment","floor":15.0,"key":"SMITH"},{"floor":27.0,"key":"REST"},{"data":"Seek","floor":30.0,"key":"SMITH"},{"floor":32.0,"key":"REST"},{"floor":40.0,"key":"RECALL"},{"data":"Blind","floor":46.0,"key":"SMITH"},{"floor":49.0,"key":"REST"}],"neow_cost":"TEN_PERCENT_HP_LOSS","seed_source_timestamp":0,"circlet_count":0,"master_deck":["AscendersBane","Strike_B","Defend_B","Defend_B","Defend_B","Defend_B","Zap","Dualcast","Rainbow","Defragment+1","Streamline+1","Coolheaded","Creative AI","Defragment+1","Ball Lightning+1","Steam","Cold Snap","Core Surge","Coolheaded","Coolheaded","Loop+1","Defragment+1","Seek+1","Genetic Algorithm+1","Storm+1","Recycle","Coolheaded","Coolheaded+1","Static Discharge+1","Echo Form+1","Storm+1","Loop+1","Go for the Eyes+1","Blind+1","Static Discharge+1"],"special_seed":0,"relics":["Cracked Core","Shuriken","Potion Belt","Incense Burner","Bag of Preparation","Frozen Egg 2","Velvet Choker","Red Mask","Matryoshka","Bottled Lightning","Whetstone","Pocketwatch","Eternal Feather","Centennial Puzzle","PreservedInsect","Kunai","Strawberry","Ancient Tea Set"],"potions_floor_usage":[51],"damage_taken":[{"damage":0.0,"enemies":"Cultist","floor":1.0,"turns":4.0},{"damage":0.0,"enemies":"Small Slimes","floor":5.0,"turns":4.0},{"damage":37.0,"enemies":"3 Sentries","floor":6.0,"turns":10.0},{"damage":18.0,"enemies":"Lagavulin","floor":8.0,"turns":6.0},{"damage":6.0,"enemies":"Jaw Worm","floor":11.0,"turns":3.0},{"damage":7.0,"enemies":"Red Slaver","floor":14.0,"turns":6.0},{"damage":2.0,"enemies":"Hexaghost","floor":16.0,"turns":12.0},{"damage":0.0,"enemies":"Spheric Guardian","floor":18.0,"turns":3.0},{"damage":8.0,"enemies":"Masked Bandits","floor":19.0,"turns":4.0},{"damage":0.0,"enemies":"Shell Parasite","floor":22.0,"turns":4.0},{"damage":12.0,"enemies":"Gremlin Leader","floor":23.0,"turns":9.0},{"damage":1.0,"enemies":"Centurion and Healer","floor":28.0,"turns":5.0},{"damage":5.0,"enemies":"3 Cultists","floor":29.0,"turns":5.0},{"damage":15.0,"enemies":"Slavers","floor":31.0,"turns":5.0},{"damage":4.0,"enemies":"Automaton","floor":33.0,"turns":11.0},{"damage":5.0,"enemies":"Orb Walker","floor":35.0,"turns":3.0},{"damage":6.0,"enemies":"3 Shapes","floor":37.0,"turns":5.0},{"damage":5.0,"enemies":"Writhing Mass","floor":39.0,"turns":4.0},{"damage":12.0,"enemies":"Maw","floor":41.0,"turns":5.0},{"damage":28.0,"enemies":"Nemesis","floor":42.0,"turns":5.0},{"damage":10.0,"enemies":"Jaw Worm Horde","floor":47.0,"turns":3.0},{"damage":25.0,"enemies":"Reptomancer","floor":48.0,"turns":3.0},{"damage":8,"enemies":"Donu and Deca","floor":50,"turns":6},{"damage":69,"enemies":"Awakened One","floor":51,"turns":3}],"seed_played":"2673012370206722503","potions_obtained":[{"floor":5.0,"key":"EssenceOfSteel"},{"floor":11.0,"key":"SkillPotion"},{"floor":14.0,"key":"Fire Potion"},{"floor":23.0,"key":"Strength Potion"},{"floor":29.0,"key":"Fruit Juice"},{"floor":33.0,"key":"Weak Potion"},{"floor":42.0,"key":"Strength Potion"},{"floor":47.0,"key":"Swift Potion"}],"is_trial":false,"path_per_floor":["M","?","?","?","M","E","R","E","T","$","M","R","?","M","R","B",null,"M","?","?","?","M","E","?","$","T","R","M","M","R","E","R","B",null,"M","$","M","?","M","R","M","E","T","?","?","R","M","E","R","B","B"],"character_chosen":"DEFECT","items_purchased":["Defragment","Ball Lightning","Bottled Lightning","Centennial Puzzle","Ancient Potion"],"campfire_rested":4,"item_purchase_floors":[10,10,25,36,36],"current_hp_per_floor":[64,53,58,58,58,21,39,21,21,21,15,15,15,8,8,6,49,49,41,41,41,41,29,29,29,29,47,46,41,41,26,44,40,57,52,52,46,46,41,59,47,19,26,26,26,44,39,14,57,49,0],"gold":503,"neow_bonus":"THREE_RARE_CARDS","is_prod":false,"is_daily":false,"chose_seed":false,"campfire_upgraded":4,"win_rate":0,"timestamp":1554657164,"path_taken":["M","?","?","?","M","E","R","E","T","?","?","R","?","M","R","BOSS","M","?","?","?","?","E","?","?","T","R","M","M","R","E","R","BOSS","M","$","M","?","M","R","M","E","T","?","?","R","M","E","R","BOSS","BOSS"],"build_version":"2019-04-04","purchased_purges":1,"victory":false,"max_hp_per_floor":[64,64,69,63,63,63,63,63,63,63,63,63,63,63,63,63,63,63,63,63,63,63,63,63,63,63,63,63,63,63,63,63,63,63,63,63,63,63,63,63,63,63,70,70,70,70,75,75,75,75,75],"card_choices":[{"not_picked":["Seek","Meteor Strike"],"picked":"Rainbow","floor":0.0},{"not_picked":["Barrage","Gash"],"picked":"Defragment","floor":1.0},{"not_picked":["Stack","Turbo"],"picked":"Streamline","floor":5.0},{"not_picked":["Reinforced Body","Lockon"],"picked":"Coolheaded","floor":6.0},{"not_picked":["Barrage","Beam Cell"],"picked":"Creative AI","floor":8.0},{"not_picked":["Consume","Gash"],"picked":"Steam","floor":11.0},{"not_picked":["Hologram","Compile Driver"],"picked":"Cold Snap","floor":14.0},{"not_picked":["Rainbow","Thunder Strike"],"picked":"Core Surge","floor":16.0},{"not_picked":["Sweeping Beam","Lockon"],"picked":"Coolheaded","floor":18.0},{"not_picked":["Turbo","Redo+1"],"picked":"Coolheaded","floor":19.0},{"not_picked":["Steam","Cold Snap"],"picked":"Seek","floor":22.0},{"not_picked":["Gash","Stack+1"],"picked":"Genetic Algorithm+1","floor":23.0},{"not_picked":["Heatsinks+1","Scrape+1"],"picked":"Coolheaded","floor":28.0},{"not_picked":["Go for the Eyes","Compile Driver+1"],"picked":"Coolheaded+1","floor":29.0},{"not_picked":["Reboot","Sweeping Beam"],"picked":"Static Discharge+1","floor":31.0},{"not_picked":["Meteor Strike","Multi-Cast"],"picked":"Echo Form+1","floor":33.0},{"not_picked":["Steam","Hologram","Redo"],"picked":"SKIP","floor":35.0},{"not_picked":["Redo","Steam+1","Sweeping Beam"],"picked":"SKIP","floor":37.0},{"not_picked":["Leap","Compile Driver"],"picked":"Storm+1","floor":39.0},{"not_picked":["Fission","Stack"],"picked":"Loop+1","floor":41.0},{"not_picked":["Gash+1","Hello World+1"],"picked":"Go for the Eyes+1","floor":42.0},{"not_picked":["Bandage Up","Violence"],"picked":"Blind","floor":44.0},{"not_picked":["Ball Lightning+1","Coolheaded"],"picked":"Static Discharge+1","floor":47.0},{"not_picked":["Gash","Go for the Eyes","Lockon"],"picked":"SKIP","floor":48.0}],"player_experience":1449487,"relics_obtained":[{"floor":6.0,"key":"Potion Belt"},{"floor":8.0,"key":"Incense Burner"},{"floor":9.0,"key":"Bag of Preparation"},{"floor":19.0,"key":"Red Mask"},{"floor":23.0,"key":"Matryoshka"},{"floor":26.0,"key":"Whetstone"},{"floor":31.0,"key":"Pocketwatch"},{"floor":42.0,"key":"PreservedInsect"},{"floor":43.0,"key":"Kunai"},{"floor":43.0,"key":"Strawberry"},{"floor":48.0,"key":"Ancient Tea Set"}],"event_choices":[{"damage_healed":0.0,"max_hp_gain":0.0,"max_hp_loss":0.0,"gold_gain":0.0,"event_name":"Scrap Ooze","player_choice":"Success","floor":2.0,"gold_loss":0.0,"damage_taken":11.0,"relics_obtained":["Shuriken"]},{"damage_healed":0.0,"max_hp_gain":5.0,"max_hp_loss":0.0,"gold_gain":0.0,"event_name":"Big Fish","player_choice":"Donut","floor":3.0,"gold_loss":0.0,"damage_taken":0.0},{"damage_healed":0.0,"max_hp_gain":0.0,"max_hp_loss":6.0,"gold_gain":0.0,"event_name":"Golden Idol","player_choice":"Lose Max HP","floor":4.0,"gold_loss":0.0,"damage_taken":0.0,"relics_obtained":["Golden Idol"]},{"damage_healed":0.0,"max_hp_gain":0.0,"max_hp_loss":0.0,"gold_gain":30.0,"event_name":"Dead Adventurer","player_choice":"Searched \u00272\u0027 times","floor":13.0,"gold_loss":0.0,"damage_taken":0.0,"relics_obtained":["Frozen Egg 2"]},{"damage_healed":0.0,"max_hp_gain":0.0,"max_hp_loss":0.0,"gold_gain":0.0,"event_name":"Masked Bandits","player_choice":"Fought Bandits","floor":19.0,"gold_loss":0.0,"damage_taken":0.0},{"damage_healed":0.0,"max_hp_gain":0.0,"max_hp_loss":0.0,"gold_gain":0.0,"event_name":"The Library","player_choice":"Read","floor":20.0,"gold_loss":0.0,"damage_taken":0.0,"cards_obtained":["Loop"]},{"damage_healed":0.0,"max_hp_gain":0.0,"max_hp_loss":0.0,"gold_gain":0.0,"event_name":"Duplicator","player_choice":"Copied","floor":21.0,"gold_loss":0.0,"damage_taken":0.0,"cards_obtained":["Defragment"]},{"damage_healed":0.0,"max_hp_gain":0.0,"max_hp_loss":0.0,"gold_gain":0.0,"cards_transformed":["Strike_B","Strike_B"],"event_name":"Drug Dealer","player_choice":"Became Test Subject","floor":24.0,"gold_loss":0.0,"damage_taken":0.0,"cards_obtained":["Storm","Recycle"]},{"damage_healed":0.0,"max_hp_gain":0.0,"max_hp_loss":0.0,"gold_gain":0.0,"event_name":"Mysterious Sphere","player_choice":"Ignored","floor":38.0,"gold_loss":0.0,"damage_taken":0.0},{"damage_healed":0.0,"max_hp_gain":0.0,"max_hp_loss":0.0,"gold_gain":0.0,"event_name":"SensoryStone","player_choice":"Memory 1","floor":44.0,"gold_loss":0.0,"damage_taken":0.0},{"damage_healed":0.0,"max_hp_gain":0.0,"max_hp_loss":0.0,"gold_gain":333.0,"event_name":"The Moai Head","player_choice":"Gave Idol","floor":45.0,"relics_lost":["Golden Idol"],"gold_loss":0.0,"damage_taken":0.0}],"is_beta":true,"boss_relics":[{"not_picked":["Orrery","Black Star"],"picked":"Velvet Choker"},{"not_picked":["White Beast Statue","FrozenCore"],"picked":"Eternal Feather"}],"items_purged_floors":[10],"is_endless":false,"potions_floor_spawned":[5,11,14,23,29,33,42,47,48],"killed_by":"Awakened One","ascension_level":20}