{"gold_per_floor":[118,193,35,48,62,62,96,96,96,96,108,108,128,159,159,237,287,300,320,340,320,330,330,358,358,406,115,126,126,126,151,151,151],"floor_reached":33,"playtime":878,"items_purged":["Strike_B","Pain"],"score":554,"play_id":"6c4dcbf2-7377-4b3a-b204-020ef2c55e2b","local_time":"20190118152310","is_ascension_mode":true,"campfire_choices":[{"data":"Defragment","floor":6,"key":"SMITH"},{"floor":8,"key":"REST"},{"data":"Zap","floor":10,"key":"SMITH"},{"floor":12,"key":"REST"},{"data":"Coolheaded","floor":15,"key":"SMITH"},{"floor":23,"key":"REST"},{"floor":25,"key":"REST"},{"floor":29,"key":"REST"},{"floor":32,"key":"REST"}],"neow_cost":"NONE","seed_source_timestamp":368079664335105,"circlet_count":0,"master_deck":["AscendersBane","Strike_B","Strike_B","Strike_B","Defend_B","Defend_B","Defend_B+1","Defend_B+1","Zap+1","Dualcast","Cold Snap","Defragment+1","Doom and Gloom","Coolheaded+1","Ball Lightning","Shame","Leap+1","Electrodynamics+1","Blizzard","Fission+1","Compile Driver","Conserve Battery+1","Loop","Capacitor","Core Surge","Shame"],"relics":["Cursed Key","Ginger","Toxic Egg 2","Strawberry","Tiny House","Bronze Scales","War Paint"],"potions_floor_usage":[14,16,24,30],"damage_taken":[{"damage":1,"enemies":"Cultist","floor":1,"turns":3},{"damage":0,"enemies":"2 Louse","floor":4,"turns":2},{"damage":9,"enemies":"Jaw Worm","floor":5,"turns":4},{"damage":30,"enemies":"Gremlin Nob","floor":7,"turns":4},{"damage":10,"enemies":"Looter","floor":11,"turns":3},{"damage":7,"enemies":"3 Louse","floor":13,"turns":3},{"damage":14,"enemies":"Lagavulin","floor":14,"turns":7},{"damage":33,"enemies":"Hexaghost","floor":16,"turns":10},{"damage":0,"enemies":"Chosen","floor":18,"turns":4},{"damage":4,"enemies":"3 Byrds","floor":19,"turns":3},{"damage":9,"enemies":"Centurion and Healer","floor":20,"turns":4},{"damage":26,"enemies":"Cultist and Chosen","floor":22,"turns":5},{"damage":37,"enemies":"Gremlin Leader","floor":24,"turns":6},{"damage":16,"enemies":"Snecko","floor":28,"turns":6},{"damage":0,"enemies":"Snake Plant","floor":30,"turns":3},{"damage":114,"enemies":"Automaton","floor":33,"turns":12}],"seed_played":"5499220746288643972","potions_obtained":[{"floor":4,"key":"Regen Potion"},{"floor":11,"key":"SmokeBomb"},{"floor":14,"key":"SpeedPotion"},{"floor":16,"key":"EssenceOfSteel"},{"floor":17,"key":"FocusPotion"},{"floor":24,"key":"Poison Potion"},{"floor":28,"key":"Dexterity Potion"}],"is_trial":false,"path_per_floor":["M","?","$","M","M","R","E","R","T","R","M","R","M","E","R","B",null,"M","M","M","?","M","R","E","R","T","$","M","R","M","T","R","B"],"character_chosen":"DEFECT","items_purchased":["Defragment","Capacitor","Core Surge"],"campfire_rested":6,"item_purchase_floors":[3,27,27],"current_hp_per_floor":[63,52,52,52,43,43,13,34,34,34,24,45,38,46,46,13,67,67,63,54,54,28,52,15,39,39,39,23,47,47,47,71,0],"gold":151,"neow_bonus":"BOSS_RELIC","is_prod":false,"is_daily":false,"chose_seed":false,"campfire_upgraded":3,"win_rate":0,"timestamp":1547850190,"path_taken":["M","?","$","M","M","R","E","R","T","R","M","R","M","E","R","BOSS","M","M","M","?","M","R","E","R","T","?","M","R","M","?","R","BOSS"],"build_version":"2019-01-17","purchased_purges":2,"victory":false,"max_hp_per_floor":[71,71,71,71,71,71,71,71,71,71,71,71,71,78,78,78,83,83,83,83,83,83,83,83,83,83,83,83,83,83,83,83,83],"card_choices":[{"not_picked":["Steam","Loop"],"picked":"Cold Snap","floor":1},{"not_picked":["Coolheaded","Stack"],"picked":"Doom and Gloom","floor":4},{"not_picked":["Steam","Turbo"],"picked":"Coolheaded","floor":5},{"not_picked":["Gash","Consume"],"picked":"Ball Lightning","floor":7},{"not_picked":["Fusion+1","Sweeping Beam"],"picked":"Leap+1","floor":11},{"not_picked":["Conserve Battery+1","Capacitor"],"picked":"Electrodynamics","floor":13},{"not_picked":["FTL","Go for the Eyes"],"picked":"Blizzard","floor":14},{"not_picked":["Seek+1","Rainbow+1"],"picked":"Fission+1","floor":16},{"not_picked":["Steam Power+1","Stack+1"],"picked":"Compile Driver","floor":17},{"not_picked":["Force Field+1","Cold Snap","Heatsinks"],"picked":"SKIP","floor":18},{"not_picked":["Doom and Gloom+1","Steam Power+1","Self Repair"],"picked":"SKIP","floor":19},{"not_picked":["Sweeping Beam","Redo+1"],"picked":"Conserve Battery+1","floor":20},{"not_picked":["Cold Snap","Compile Driver","Beam Cell"],"picked":"SKIP","floor":22},{"not_picked":["BootSequence+1","Streamline"],"picked":"Loop","floor":24},{"not_picked":["Gash","Sweeping Beam","Beam Cell"],"picked":"SKIP","floor":28}],"player_experience":1039567,"relics_obtained":[{"floor":7,"key":"Ginger"},{"floor":9,"key":"Toxic Egg 2"},{"floor":14,"key":"Strawberry"},{"floor":24,"key":"Bronze Scales"},{"floor":26,"key":"War Paint"}],"event_choices":[{"damage_healed":0,"gold_gain":75,"player_choice":"Gather Gold","damage_taken":11,"max_hp_gain":0,"max_hp_loss":0,"event_name":"World of Goop","floor":2,"gold_loss":0},{"damage_healed":0,"gold_gain":0,"player_choice":"Bought 1 Potion","damage_taken":0,"max_hp_gain":0,"max_hp_loss":0,"event_name":"The Woman in Blue","floor":21,"gold_loss":0}],"is_beta":true,"boss_relics":[{"not_picked":["Lizard Tail","Velvet Choker"],"picked":"Tiny House"}],"items_purged_floors":[3,27],"is_endless":false,"potions_floor_spawned":[4,11,14,16,19,22,24,28],"killed_by":"Automaton","ascension_level":20}