{"path_per_floor":["M","?","$","M","M","?","R","E","T","M","$","R","T","$","R","B",null,"M","M","?","M","T","R","E","M","T","M","$"],"character_chosen":"THE_SILENT","items_purchased":["Singing Bowl","Bane","Malaise","Toxic Egg 2"],"gold_per_floor":[110,285,26,39,50,50,50,75,75,92,57,57,57,57,57,132,132,150,162,162,177,259,259,294,305,380,399,38,38],"floor_reached":29,"campfire_rested":2,"playtime":1157,"current_hp_per_floor":[62,62,62,62,61,45,45,31,38,40,40,40,40,40,67,67,85,79,68,68,50,50,78,54,41,41,11,11,0],"items_purged":["Doubt","Writhe"],"gold":38,"score":523,"play_id":"98639460-0941-4fb9-9f95-d1381a60ce83","local_time":"20180406094009","is_prod":false,"is_daily":false,"is_ascension_mode":true,"campfire_upgraded":2,"timestamp":1523022009,"path_taken":["M","?","$","?","M","?","R","E","T","M","$","R","?","?","R","BOSS","M","M","?","?","?","R","E","M","T","M","$","E"],"build_version":"2018-04-05v2","purchased_purges":2,"victory":false,"master_deck":["Defend_G","Defend_G","Defend_G+1","Defend_G","Defend_G","Strike_G","Strike_G","Strike_G","Strike_G","Strike_G","Survivor+1","Neutralize","AscendersBane","Poisoned Stab","Bane","Deadly Poison+1","Malaise+1","Corpse Explosion","Deadly Poison+1","Dagger Spray+1","Envenom"],"max_hp_per_floor":[78,78,78,80,80,80,80,82,89,91,91,91,91,91,91,91,91,93,95,95,95,95,95,95,97,97,99,99,99],"relics":["Ring of the Snake","Singing Bowl","Ancient Tea Set","Strawberry","Du-Vu Doll","Lizard Tail","Tiny Chest","Bird Faced Urn","Blue Candle","Toxic Egg 2"],"card_choices":[{"not_picked":["Expertise","Quick Slash"],"picked":"Poisoned Stab","floor":1},{"not_picked":["Acrobatics","Flying Knee"],"picked":"Deadly Poison","floor":5},{"not_picked":["Wraith Form","After Image"],"picked":"Corpse Explosion","floor":16},{"not_picked":["Slice","All Out Attack"],"picked":"Dagger Spray","floor":21},{"not_picked":["Slice","Eviscerate"],"picked":"Envenom","floor":24}],"player_experience":691475,"potions_floor_usage":[8,10,24,24,25,27,29],"damage_taken":[{"damage":9,"enemies":"Jaw Worm","floor":1,"turns":9},{"damage":2,"enemies":"Small Slimes","floor":4,"turns":3},{"damage":1,"enemies":"Cultist","floor":5,"turns":4},{"damage":16,"enemies":"Gremlin Nob","floor":8,"turns":5},{"damage":0,"enemies":"3 Louse","floor":10,"turns":5},{"damage":0,"enemies":"The Guardian","floor":16,"turns":10},{"damage":8,"enemies":"Shell Parasite","floor":18,"turns":7},{"damage":13,"enemies":"Spheric Guardian","floor":19,"turns":4},{"damage":18,"enemies":"Snake Plant","floor":21,"turns":5},{"damage":24,"enemies":"Book of Stabbing","floor":24,"turns":7},{"damage":17,"enemies":"Snecko","floor":25,"turns":6},{"damage":32,"enemies":"3 Cultists","floor":27,"turns":4},{"damage":72,"enemies":"Slavers","floor":29,"turns":4}],"event_choices":[{"event_name":"Liars Game","player_choice":"agreed","floor":2,"damage_taken":0},{"event_name":"Shining Light","player_choice":"Entered Light","floor":6,"damage_taken":0},{"event_name":"Duplicator","player_choice":"One dupe","floor":20,"damage_taken":0}],"boss_relics":[{"not_picked":["Snecko Eye","Orrery"],"picked":"Lizard Tail"}],"potions_floor_spawned":[1,4,5,8,21,24,25],"seed_played":"-5141541921965572893","killed_by":"Slavers","ascension_level":14,"is_trial":false}