{"gold_per_floor":[114,125,142,162,162,162,191,191,191,191,210,210,260,295,295,295],"floor_reached":16,"playtime":574,"items_purged":[],"score":220,"play_id":"abdc3396-23c8-4252-b26e-a6a92f364bfa","local_time":"20190319013555","is_ascension_mode":true,"campfire_choices":[{"data":"Armaments","floor":6,"key":"SMITH"},{"data":"Bash","floor":12,"key":"SMITH"},{"data":"Inflame","floor":15,"key":"SMITH"}],"neow_cost":"PERCENT_DAMAGE","seed_source_timestamp":172853184226390,"circlet_count":0,"master_deck":["AscendersBane","Strike_R","Strike_R+1","Strike_R+1","Strike_R","Strike_R","Defend_R","Defend_R","Defend_R","Defend_R","Bash+1","Bludgeon+1","Armaments+1","Cleave","Inflame+1","Shrug It Off","Flame Barrier","Impervious","Twin Strike"],"relics":["Burning Blood","Self Forming Clay","Turnip","Torii"],"potions_floor_usage":[4,14],"damage_taken":[{"damage":12,"enemies":"Jaw Worm","floor":1,"turns":4},{"damage":0,"enemies":"Small Slimes","floor":2,"turns":2},{"damage":0,"enemies":"Cultist","floor":3,"turns":4},{"damage":16,"enemies":"Lots of Slimes","floor":4,"turns":4},{"damage":22,"enemies":"3 Sentries","floor":7,"turns":5},{"damage":11,"enemies":"3 Louse","floor":11,"turns":2},{"damage":3,"enemies":"Gremlin Nob","floor":14,"turns":3},{"damage":33,"enemies":"Hexaghost","floor":16,"turns":9}],"seed_played":"8742397570404311926","potions_obtained":[{"floor":1,"key":"SmokeBomb"},{"floor":3,"key":"Dexterity Potion"},{"floor":7,"key":"SteroidPotion"}],"is_trial":false,"path_per_floor":["M","M","M","M","?","R","E","?","T","?","M","R","?","E","R","B"],"character_chosen":"IRONCLAD","items_purchased":[],"campfire_rested":0,"item_purchase_floors":[],"current_hp_per_floor":[44,50,56,46,46,46,30,7,7,32,27,27,27,30,30,0],"gold":295,"neow_bonus":"THREE_RARE_CARDS","is_prod":false,"is_daily":false,"chose_seed":false,"campfire_upgraded":3,"win_rate":0,"timestamp":1552973755,"path_taken":["M","M","M","M","?","R","E","?","T","?","M","R","?","E","R","BOSS"],"build_version":"2019-01-23","purchased_purges":0,"victory":false,"max_hp_per_floor":[75,75,75,75,75,75,75,75,75,75,75,75,75,75,75,75],"card_choices":[{"not_picked":["Double Tap","Offering"],"picked":"Bludgeon","floor":0},{"not_picked":["Bloodletting","Thunderclap"],"picked":"Armaments","floor":1},{"not_picked":["Heavy Blade","Dual Wield"],"picked":"Cleave","floor":2},{"not_picked":["Blood for Blood","Twin Strike"],"picked":"Inflame","floor":3},{"not_picked":["Warcry","Flex"],"picked":"Shrug It Off","floor":4},{"not_picked":["Ghostly Armor","Body Slam"],"picked":"Flame Barrier","floor":7},{"not_picked":["Headbutt","Heavy Blade"],"picked":"Impervious","floor":11},{"not_picked":["Reckless Charge","Clash"],"picked":"Twin Strike","floor":14}],"player_experience":1246131,"relics_obtained":[{"floor":7,"key":"Self Forming Clay"},{"floor":9,"key":"Turnip"},{"floor":14,"key":"Torii"}],"event_choices":[{"damage_healed":0,"gold_gain":0,"player_choice":"Grow","damage_taken":0,"max_hp_gain":0,"max_hp_loss":0,"event_name":"Living Wall","floor":5,"gold_loss":0,"cards_upgraded":["Bludgeon"]},{"damage_healed":0,"gold_gain":0,"player_choice":"Entered Light","damage_taken":23,"max_hp_gain":0,"max_hp_loss":0,"event_name":"Shining Light","floor":8,"gold_loss":0,"cards_upgraded":["Strike_R","Strike_R"]},{"damage_healed":25,"gold_gain":0,"player_choice":"Banana","damage_taken":0,"max_hp_gain":0,"max_hp_loss":0,"event_name":"Big Fish","floor":10,"gold_loss":0},{"damage_healed":0,"gold_gain":50,"player_choice":"Pray","damage_taken":0,"max_hp_gain":0,"max_hp_loss":0,"event_name":"Golden Shrine","floor":13,"gold_loss":0}],"is_beta":false,"boss_relics":[],"items_purged_floors":[],"is_endless":false,"potions_floor_spawned":[1,3,7],"killed_by":"Hexaghost","ascension_level":20}