{"gold_per_floor":[115,115,125,90,107,107,133,133,133,168,168,168],"floor_reached":12,"playtime":759,"items_purged":[],"score":163,"play_id":"b2254783-b24e-4df8-8f5d-c6738aa8f526","local_time":"20190504154320","is_ascension_mode":true,"campfire_choices":[{"data":"Fusion","floor":6,"key":"SMITH"},{"data":"Dualcast","floor":8,"key":"SMITH"}],"neow_cost":"NONE","seed_source_timestamp":23849141515502,"circlet_count":0,"master_deck":["AscendersBane","Zap","Dualcast+1","Multi-Cast","Auto Shields","Reprogram","Fusion+1","White Noise","Machine Learning","Recycle","Meteor Strike","Self Repair","Redo","Defragment","Ball Lightning","Core Surge"],"relics":["Pandora\u0027s Box","Matryoshka","PreservedInsect","Singing Bowl","Smiling Mask"],"potions_floor_usage":[12],"damage_taken":[{"damage":17,"enemies":"Cultist","floor":1,"turns":4},{"damage":16,"enemies":"Small Slimes","floor":3,"turns":5},{"damage":15,"enemies":"2 Louse","floor":5,"turns":3},{"damage":20,"enemies":"Lagavulin","floor":7,"turns":6},{"damage":20,"enemies":"3 Sentries","floor":10,"turns":4},{"damage":23,"enemies":"Exordium Wildlife","floor":12,"turns":3}],"seed_played":"2248800624295817599","potions_obtained":[{"floor":1,"key":"FearPotion"},{"floor":7,"key":"EssenceOfSteel"}],"is_trial":false,"path_per_floor":["M","?","M","?","M","R","E","R","T","E","?","M"],"character_chosen":"DEFECT","items_purchased":[],"campfire_rested":0,"item_purchase_floors":[],"current_hp_per_floor":[47,47,38,55,47,47,34,34,34,21,21,0],"gold":168,"neow_bonus":"BOSS_RELIC","is_prod":false,"is_daily":false,"chose_seed":false,"campfire_upgraded":2,"win_rate":0,"timestamp":1556977400,"path_taken":["M","?","M","?","M","R","E","R","T","E","?","M"],"build_version":"2019-01-23","purchased_purges":0,"victory":false,"max_hp_per_floor":[71,71,71,71,71,71,71,71,71,71,71,71],"card_choices":[{"not_picked":["Redo","Hologram"],"picked":"Self Repair","floor":1},{"not_picked":["Stack","Go for the Eyes"],"picked":"Redo","floor":3},{"not_picked":["Go for the Eyes","Scrape"],"picked":"Defragment","floor":5},{"not_picked":["Creative AI","Force Field"],"picked":"Ball Lightning","floor":7},{"not_picked":["Fusion","Cold Snap"],"picked":"Core Surge","floor":10}],"player_experience":320397,"relics_obtained":[{"floor":7,"key":"Matryoshka"},{"floor":9,"key":"PreservedInsect"},{"floor":9,"key":"Singing Bowl"},{"floor":10,"key":"Smiling Mask"}],"event_choices":[{"damage_healed":0,"gold_gain":0,"player_choice":"Ignored","damage_taken":0,"max_hp_gain":0,"max_hp_loss":0,"event_name":"Liars Game","floor":2,"gold_loss":0},{"damage_healed":17,"gold_gain":0,"player_choice":"Healed","damage_taken":0,"max_hp_gain":0,"max_hp_loss":0,"event_name":"The Cleric","floor":4,"gold_loss":35},{"damage_healed":0,"gold_gain":0,"player_choice":"Ignored","damage_taken":0,"max_hp_gain":0,"max_hp_loss":0,"event_name":"Shining Light","floor":11,"gold_loss":0}],"is_beta":false,"boss_relics":[],"items_purged_floors":[],"is_endless":false,"potions_floor_spawned":[1,7],"killed_by":"Exordium Wildlife","ascension_level":18}