{"gold_per_floor":[110,110,34,50,65,65,94,114,165,165,198,198,217,217,217,294,294,311,23,46,46,46,46,7,41,41,75,75,95,95,106,106,179,179,194,194,194,194,212,247,197,223,223,247,180,180,90,90,90,90,90,90,90,34,34],"floor_reached":55,"playtime":3536,"items_purged":["Strike_R","Strike_R","Clumsy","Strike_R"],"score":1834,"play_id":"c5cadac6-7c33-4e90-92e0-1b6e13148874","local_time":"20190505104330","is_ascension_mode":true,"campfire_choices":[{"data":"Bash","floor":6.0,"key":"SMITH"},{"data":"Whirlwind","floor":10.0,"key":"SMITH"},{"data":"Shockwave","floor":12.0,"key":"SMITH"},{"data":"Demon Form","floor":15.0,"key":"SMITH"},{"data":"Carnage","floor":23.0,"key":"SMITH"},{"data":"Shrug It Off","floor":28.0,"key":"SMITH"},{"floor":30.0,"key":"RECALL"},{"data":"Metallicize","floor":32.0,"key":"SMITH"},{"floor":46.0,"key":"REST"},{"floor":49.0,"key":"REST"},{"floor":53,"key":"REST"}],"neow_cost":"NONE","seed_source_timestamp":0,"circlet_count":0,"master_deck":["AscendersBane","Defend_R","Defend_R","Defend_R","Bash+1","Twin Strike","Whirlwind+1","Shrug It Off+1","Carnage+1","Demon Form+1","Shockwave+1","Reaper","Sword Boomerang+1","Ghostly Armor","Metallicize+1","Uppercut+1","Offering","Reaper","Whirlwind+1","Ghostly Armor","Shrug It Off","True Grit","Disarm"],"special_seed":0,"relics":["Burning Blood","Happy Flower","Singing Bowl","Bag of Marbles","Boot","Letter Opener","Cursed Key","Chemical X","Omamori","Ancient Tea Set","Gremlin Horn","Smiling Mask","Empty Cage","Juzu Bracelet","Oddly Smooth Stone","MawBank"],"potions_floor_usage":[51],"damage_taken":[{"damage":1.0,"enemies":"Cultist","floor":1.0,"turns":4.0},{"damage":7.0,"enemies":"Jaw Worm","floor":4.0,"turns":2.0},{"damage":0.0,"enemies":"2 Louse","floor":5.0,"turns":3.0},{"damage":48.0,"enemies":"Lagavulin","floor":7.0,"turns":7.0},{"damage":6.0,"enemies":"Looter","floor":8.0,"turns":3.0},{"damage":12.0,"enemies":"3 Sentries","floor":11.0,"turns":3.0},{"damage":2.0,"enemies":"Red Slaver","floor":13.0,"turns":5.0},{"damage":24.0,"enemies":"Hexaghost","floor":16.0,"turns":8.0},{"damage":0.0,"enemies":"Chosen","floor":18.0,"turns":2.0},{"damage":40.0,"enemies":"Gremlin Leader","floor":25.0,"turns":6.0},{"damage":49.0,"enemies":"Book of Stabbing","floor":27.0,"turns":6.0},{"damage":0.0,"enemies":"Shell Parasite","floor":29.0,"turns":1.0},{"damage":1.0,"enemies":"Cultist and Chosen","floor":31.0,"turns":4.0},{"damage":27.0,"enemies":"Collector","floor":33.0,"turns":8.0},{"damage":1.0,"enemies":"Orb Walker","floor":35.0,"turns":3.0},{"damage":9.0,"enemies":"3 Shapes","floor":39.0,"turns":8.0},{"damage":29.0,"enemies":"Nemesis","floor":40.0,"turns":5.0},{"damage":80.0,"enemies":"Giant Head","floor":42.0,"turns":8.0},{"damage":46.0,"enemies":"Transient","floor":44.0,"turns":6.0},{"damage":82.0,"enemies":"Time Eater","floor":50.0,"turns":11.0},{"damage":68,"enemies":"Donu and Deca","floor":51,"turns":9},{"damage":91,"enemies":"Shield and Spear","floor":55,"turns":3}],"seed_played":"7223931288002646885","potions_obtained":[{"floor":4.0,"key":"Swift Potion"},{"floor":7.0,"key":"Energy Potion"},{"floor":16.0,"key":"Energy Potion"},{"floor":18.0,"key":"Poison Potion"},{"floor":25.0,"key":"AttackPotion"},{"floor":29.0,"key":"Block Potion"},{"floor":33.0,"key":"Regen Potion"},{"floor":35.0,"key":"Poison Potion"},{"floor":38.0,"key":"Regen Potion"}],"is_trial":false,"path_per_floor":["M","?","$","M","M","R","E","M","T","R","E","R","M","T","R","B",null,"M","$","T","$","T","R","$","E","T","E","R","M","R","M","R","B",null,"M","?","?","?","M","E","$","E","T","M","$","R","$","?","R","B","B",null,"R","$","E"],"character_chosen":"IRONCLAD","items_purchased":["Whirlwind","Chemical X","Ghostly Armor","True Grit","Disarm","Weak Potion"],"campfire_rested":3,"item_purchase_floors":[3,19,24,45,47,54],"current_hp_per_floor":[73,66,66,65,71,71,29,31,31,31,25,25,31,31,31,13,63,69,69,69,69,69,69,69,75,75,40,40,46,46,57,57,59,76,81,77,77,77,89,81,81,50,50,39,39,66,66,66,91,61,24,74,91,91,0],"gold":34,"neow_bonus":"RANDOM_COMMON_RELIC","is_prod":false,"is_daily":false,"chose_seed":false,"campfire_upgraded":7,"win_rate":0,"timestamp":1557078210,"path_taken":["M","?","$","M","M","R","E","M","T","R","E","R","M","?","R","BOSS","M","?","?","?","?","R","$","E","T","E","R","M","R","M","R","BOSS","M","?","?","?","?","E","?","E","T","M","$","R","$","?","R","BOSS","BOSS","R","$","E"],"build_version":"2019-04-23","purchased_purges":4,"victory":false,"max_hp_per_floor":[75,75,75,75,75,75,75,77,77,77,77,77,79,79,79,79,79,79,79,79,79,79,79,79,79,79,81,81,81,81,81,81,81,81,81,87,87,87,89,89,89,91,91,91,91,91,91,91,91,91,91,91,91,91,91],"card_choices":[{"not_picked":["True Grit","Seeing Red"],"picked":"Twin Strike","floor":1.0},{"not_picked":["Iron Wave","Anger"],"picked":"Shrug It Off","floor":4.0},{"not_picked":["Wild Strike","Cleave"],"picked":"Carnage","floor":5.0},{"not_picked":["Headbutt","Heavy Blade"],"picked":"Demon Form","floor":7.0},{"not_picked":["Heavy Blade","Rage","Combust"],"picked":"Singing Bowl","floor":8.0},{"not_picked":["Headbutt","Clothesline"],"picked":"Shockwave","floor":11.0},{"not_picked":["Seeing Red","Rage","Intimidate"],"picked":"Singing Bowl","floor":13.0},{"not_picked":["Feed","Demon Form"],"picked":"Reaper","floor":16.0},{"not_picked":["Perfected Strike","Heavy Blade"],"picked":"Sword Boomerang+1","floor":18.0},{"not_picked":["Clash","Anger"],"picked":"Metallicize","floor":25.0},{"not_picked":["Clash","Body Slam+1","Headbutt"],"picked":"Singing Bowl","floor":27.0},{"not_picked":["Flex","Warcry"],"picked":"Uppercut+1","floor":29.0},{"not_picked":["Pummel","Carnage"],"picked":"Offering","floor":31.0},{"not_picked":["Brutality","Double Tap"],"picked":"Reaper","floor":33.0},{"not_picked":["Warcry","Spot Weakness+1"],"picked":"Whirlwind+1","floor":35.0},{"not_picked":["Madness","Secret Technique","Mind Blast"],"picked":"Singing Bowl","floor":36.0},{"not_picked":["Purity","Sadistic Nature","Dramatic Entrance"],"picked":"Singing Bowl","floor":36.0},{"not_picked":["Blind","Swift Strike","Forethought"],"picked":"Singing Bowl","floor":36.0},{"not_picked":["Warcry","Havoc","Twin Strike+1"],"picked":"Singing Bowl","floor":39.0},{"not_picked":["Wild Strike","Heavy Blade+1"],"picked":"Ghostly Armor","floor":40.0},{"not_picked":["Havoc","Reckless Charge+1","Cleave"],"picked":"Singing Bowl","floor":42.0},{"not_picked":["Flex","Uppercut"],"picked":"Shrug It Off","floor":44.0}],"player_experience":1515052,"relics_obtained":[{"floor":7.0,"key":"Singing Bowl"},{"floor":9.0,"key":"Bag of Marbles"},{"floor":11.0,"key":"Boot"},{"floor":14.0,"key":"Letter Opener"},{"floor":20.0,"key":"Omamori"},{"floor":25.0,"key":"Ancient Tea Set"},{"floor":26.0,"key":"Gremlin Horn"},{"floor":27.0,"key":"Smiling Mask"},{"floor":40.0,"key":"Juzu Bracelet"},{"floor":42.0,"key":"Oddly Smooth Stone"},{"floor":43.0,"key":"MawBank"}],"event_choices":[{"cards_removed":["Strike_R"],"damage_healed":0.0,"max_hp_gain":0.0,"max_hp_loss":0.0,"gold_gain":0.0,"event_name":"Golden Wing","player_choice":"Card Removal","floor":2.0,"gold_loss":0.0,"damage_taken":7.0},{"damage_healed":0.0,"max_hp_gain":0.0,"max_hp_loss":0.0,"gold_gain":0.0,"event_name":"SensoryStone","player_choice":"Memory 3","floor":36.0,"gold_loss":0.0,"damage_taken":10.0},{"damage_healed":0.0,"max_hp_gain":0.0,"max_hp_loss":0.0,"gold_gain":0.0,"event_name":"Tomb of Lord Red Mask","player_choice":"Ignored","floor":37.0,"gold_loss":0.0,"damage_taken":0.0},{"damage_healed":0.0,"max_hp_gain":0.0,"max_hp_loss":0.0,"gold_gain":0.0,"event_name":"Lab","player_choice":"Got Potions","floor":38.0,"gold_loss":0.0,"damage_taken":0.0},{"cards_removed":["Defend_R"],"damage_healed":0.0,"max_hp_gain":0.0,"max_hp_loss":0.0,"gold_gain":0.0,"event_name":"Falling","player_choice":"Removed Skill","floor":48.0,"gold_loss":0.0,"damage_taken":0.0}],"is_beta":true,"boss_relics":[{"not_picked":["Runic Pyramid","Philosopher\u0027s Stone"],"picked":"Cursed Key"},{"not_picked":["Eternal Feather","Coffee Dripper"],"picked":"Empty Cage"}],"items_purged_floors":[19,41,45,47],"is_endless":false,"potions_floor_spawned":[4,7,16,18,25,29,33,35],"killed_by":"Shield and Spear","ascension_level":20}