{"gold_per_floor":[118,130,141,154,171,171,103,103,130,140,140,176,176,212,224,362,374,405,9,9,34,54,54],"floor_reached":23,"playtime":949,"items_purged":["Injury"],"score":245,"play_id":"2f85354c-9ff5-4c7e-822c-12ded6c3f23f","local_time":"20190315155222","is_ascension_mode":false,"campfire_choices":[{"data":"Double Energy","floor":6,"key":"SMITH"},{"data":"Sunder","floor":8,"key":"SMITH"},{"floor":15,"key":"REST"}],"neow_cost":"NONE","seed_source_timestamp":217881111506994,"circlet_count":0,"master_deck":["Strike_B","Strike_B","Strike_B","Strike_B","Defend_B","Defend_B","Defend_B","Defend_B","Zap","Dualcast","Reboot","Sunder+1","Gash","Double Energy+1","Creative AI","FTL","Beam Cell","Buffer","Amplify","Genetic Algorithm+1","Apotheosis","White Noise","Loop","Go for the Eyes","Turbo","Capacitor","White Noise"],"relics":["Cracked Core","Golden Idol","DataDisk","MawBank","Cursed Key","Membership Card"],"potions_floor_usage":[12,16,16,23],"damage_taken":[{"damage":1,"enemies":"Cultist","floor":1,"turns":3},{"damage":3,"enemies":"Jaw Worm","floor":2,"turns":3},{"damage":0,"enemies":"Small Slimes","floor":3,"turns":2},{"damage":4,"enemies":"Blue Slaver","floor":4,"turns":3},{"damage":0,"enemies":"2 Fungi Beasts","floor":5,"turns":2},{"damage":0,"enemies":"3 Louse","floor":10,"turns":3},{"damage":26,"enemies":"Lagavulin","floor":12,"turns":6},{"damage":13,"enemies":"Exordium Thugs","floor":14,"turns":4},{"damage":0,"enemies":"Slime Boss","floor":16,"turns":7},{"damage":5,"enemies":"Chosen","floor":18,"turns":3},{"damage":10,"enemies":"Spheric Guardian","floor":21,"turns":4},{"damage":49,"enemies":"3 Cultists","floor":22,"turns":5},{"damage":19,"enemies":"Slavers","floor":23,"turns":1}],"seed_played":"-1554989211716670309","potions_obtained":[{"floor":2,"key":"Poison Potion"},{"floor":4,"key":"FocusPotion"},{"floor":10,"key":"SneckoOil"},{"floor":22,"key":"Weak Potion"}],"is_trial":false,"path_per_floor":["M","M","M","M","M","R","$","R","T","M","?","E","?","M","R","B",null,"M","$","?","M","M","E"],"character_chosen":"DEFECT","items_purchased":["Creative AI","Membership Card","Apotheosis","White Noise","Loop","Go for the Eyes"],"campfire_rested":1,"item_purchase_floors":[7,19,19,19,19,19],"current_hp_per_floor":[74,71,71,67,67,67,67,67,67,67,67,41,34,21,43,43,75,70,70,70,60,11,0],"gold":54,"neow_bonus":"ONE_RANDOM_RARE_CARD","is_prod":false,"is_daily":false,"chose_seed":false,"campfire_upgraded":2,"win_rate":0,"timestamp":1552679542,"path_taken":["M","M","M","?","M","R","$","R","T","M","?","E","?","M","R","BOSS","M","$","?","M","M","E"],"build_version":"2019-01-23","purchased_purges":1,"victory":false,"max_hp_per_floor":[75,75,75,75,75,75,75,75,75,75,75,75,75,75,75,75,75,75,75,75,75,75,75],"card_choices":[{"not_picked":["Ball Lightning","Glacier"],"picked":"Sunder","floor":1},{"not_picked":["Conserve Battery","Hologram"],"picked":"Gash","floor":2},{"not_picked":["Lockon","Rebound","Barrage"],"picked":"SKIP","floor":3},{"not_picked":["Redo","Fusion"],"picked":"Go for the Eyes","floor":4},{"not_picked":["Chill","Recycle"],"picked":"Double Energy","floor":5},{"not_picked":["Redo","Loop"],"picked":"FTL","floor":10},{"not_picked":["Ball Lightning","Darkness"],"picked":"Beam Cell","floor":12},{"not_picked":["Recycle","Cold Snap"],"picked":"Buffer","floor":14},{"not_picked":["Fission","Biased Cognition"],"picked":"Amplify","floor":16},{"not_picked":["Turbo","Stack+1"],"picked":"Genetic Algorithm+1","floor":18},{"not_picked":["Tempest","Compile Driver"],"picked":"Capacitor","floor":21},{"not_picked":["Reinforced Body+1","Rebound"],"picked":"White Noise","floor":22}],"player_experience":669634,"relics_obtained":[{"floor":12,"key":"DataDisk"}],"event_choices":[{"damage_healed":0,"gold_gain":0,"player_choice":"Take Wound","damage_taken":0,"relics_obtained":["Golden Idol"],"max_hp_gain":0,"max_hp_loss":0,"event_name":"Golden Idol","floor":11,"gold_loss":0,"cards_obtained":["Injury"]},{"damage_healed":0,"gold_gain":0,"player_choice":"Success","damage_taken":7,"relics_obtained":["MawBank"],"max_hp_gain":0,"max_hp_loss":0,"event_name":"Scrap Ooze","floor":13,"gold_loss":0},{"cards_removed":["Go for the Eyes"],"damage_healed":0,"gold_gain":0,"player_choice":"Took Card","damage_taken":0,"max_hp_gain":0,"max_hp_loss":0,"event_name":"NoteForYourself","floor":20,"gold_loss":0,"cards_obtained":["Turbo"]}],"is_beta":false,"boss_relics":[{"not_picked":["Eternal Feather","Inserter"],"picked":"Cursed Key"}],"items_purged_floors":[19],"is_endless":false,"potions_floor_spawned":[2,4,10,22],"killed_by":"Slavers","ascension_level":0}