{"gold_per_floor":[116,116,64,64,64,89,89,115,168,59,72,72,100,375,375,453,453,467,191,205,219,239,239],"floor_reached":23,"playtime":1135,"items_purged":["Regret"],"score":488,"play_id":"2ca26f7c-21e4-4bcd-ad22-ef9e841079d3","local_time":"20190322035609","is_ascension_mode":true,"campfire_choices":[{"data":"Leg Sweep","floor":7,"key":"SMITH"},{"data":"Caltrops","floor":15,"key":"SMITH"}],"neow_cost":"NONE","seed_source_timestamp":439918365276329,"circlet_count":0,"master_deck":["AscendersBane","Defend_G","Defend_G","Defend_G","Defend_G","Defend_G+1","Strike_G","Strike_G","Strike_G","Strike_G","Strike_G","Survivor","Neutralize+1","Leg Sweep+1","Dagger Spray+1","Well Laid Plans","Grand Finale","PiercingWail","Caltrops+1","Caltrops","Cloak And Dagger","Malaise","Concentrate","Dodge and Roll","Deadly Poison+1","Blur","Noxious Fumes"],"relics":["Ring of the Snake","NeowsBlessing","Nunchaku","PreservedInsect","Bronze Scales","Centennial Puzzle","Tough Bandages","Cursed Key","Blood Vial"],"potions_floor_usage":[13,16,16,23,23],"damage_taken":[{"damage":0,"enemies":"Jaw Worm","floor":1,"turns":1},{"damage":0,"enemies":"Gremlin Nob","floor":6,"turns":1},{"damage":0,"enemies":"Lagavulin","floor":8,"turns":1},{"damage":0,"enemies":"2 Louse","floor":11,"turns":2},{"damage":3,"enemies":"Gremlin Nob","floor":13,"turns":3},{"damage":11,"enemies":"Hexaghost","floor":16,"turns":9},{"damage":4,"enemies":"3 Byrds","floor":18,"turns":5},{"damage":13,"enemies":"2 Thieves","floor":20,"turns":5},{"damage":1,"enemies":"Snake Plant","floor":21,"turns":3},{"damage":31,"enemies":"Cultist and Chosen","floor":22,"turns":8},{"damage":39,"enemies":"Gremlin Leader","floor":23,"turns":4}],"seed_played":"-689790974532503045","potions_obtained":[{"floor":1,"key":"EssenceOfSteel"},{"floor":8,"key":"SkillPotion"},{"floor":13,"key":"EssenceOfSteel"},{"floor":20,"key":"Energy Potion"},{"floor":22,"key":"Regen Potion"}],"is_trial":false,"path_per_floor":["M","?","$","?","?","E","R","E","T","$","M","?","E","?","R","B",null,"M","$","M","M","M","E"],"character_chosen":"THE_SILENT","items_purchased":["Dagger Spray","PiercingWail","Caltrops","Blood Vial","Dodge and Roll"],"campfire_rested":0,"item_purchase_floors":[3,10,10,19,19],"current_hp_per_floor":[59,59,59,39,34,34,34,34,34,34,34,39,36,36,36,25,60,56,56,45,46,17,0],"gold":239,"neow_bonus":"THREE_ENEMY_KILL","is_prod":false,"is_daily":false,"chose_seed":false,"campfire_upgraded":2,"win_rate":0,"timestamp":1553241369,"path_taken":["M","?","$","?","?","E","R","E","T","?","M","?","E","?","R","BOSS","M","$","M","M","M","E"],"build_version":"2019-01-23","purchased_purges":1,"victory":false,"max_hp_per_floor":[66,66,66,66,66,66,66,66,66,66,66,71,71,71,71,71,71,71,71,71,71,71,71],"card_choices":[{"not_picked":["Skewer","Slice"],"picked":"Leg Sweep","floor":1},{"not_picked":["Prepared","Choke"],"picked":"Well Laid Plans","floor":6},{"not_picked":["Dodge and Roll","Backflip"],"picked":"Grand Finale","floor":8},{"not_picked":["Masterful Stab","Tactician"],"picked":"Caltrops","floor":11},{"not_picked":["Finisher","Distraction"],"picked":"Cloak And Dagger","floor":13},{"not_picked":["Phantasmal Killer","Burst"],"picked":"Malaise","floor":16},{"not_picked":["Blade Dance","Flying Knee+1"],"picked":"Concentrate","floor":18},{"not_picked":["Eviscerate","Poisoned Stab"],"picked":"Deadly Poison+1","floor":20},{"not_picked":["Riddle With Holes","Sucker Punch"],"picked":"Blur","floor":21},{"not_picked":["Masterful Stab","Slice"],"picked":"Noxious Fumes","floor":22}],"player_experience":1333579,"relics_obtained":[{"floor":6,"key":"PreservedInsect"},{"floor":8,"key":"Bronze Scales"},{"floor":9,"key":"Centennial Puzzle"},{"floor":13,"key":"Tough Bandages"}],"event_choices":[{"damage_healed":0,"gold_gain":0,"player_choice":"Grow","damage_taken":0,"max_hp_gain":0,"max_hp_loss":0,"event_name":"Living Wall","floor":2,"gold_loss":0,"cards_upgraded":["Neutralize"]},{"damage_healed":0,"gold_gain":0,"player_choice":"Entered Light","damage_taken":20,"max_hp_gain":0,"max_hp_loss":0,"event_name":"Shining Light","floor":4,"gold_loss":0,"cards_upgraded":["Dagger Spray","Defend_G"]},{"damage_healed":0,"gold_gain":0,"player_choice":"Success","damage_taken":5,"relics_obtained":["Nunchaku"],"max_hp_gain":0,"max_hp_loss":0,"event_name":"Scrap Ooze","floor":5,"gold_loss":0},{"damage_healed":0,"gold_gain":0,"player_choice":"Donut","damage_taken":0,"max_hp_gain":5,"max_hp_loss":0,"event_name":"Big Fish","floor":12,"gold_loss":0},{"damage_healed":0,"gold_gain":275,"player_choice":"Desecrate","damage_taken":0,"max_hp_gain":0,"max_hp_loss":0,"event_name":"Golden Shrine","floor":14,"gold_loss":0,"cards_obtained":["Regret"]}],"is_beta":false,"boss_relics":[{"not_picked":["Empty Cage","Orrery"],"picked":"Cursed Key"}],"items_purged_floors":[19],"is_endless":false,"potions_floor_spawned":[1,8,13,20,22],"killed_by":"Gremlin Leader","ascension_level":18}