{"path_per_floor":["M","?","M","?","M","R","?","R","T","M","R","E","?","M","R","B",null,"M","?","?","?","M","R","?","R","T","M"],"character_chosen":"IRONCLAD","items_purchased":[],"gold_per_floor":[118,118,131,131,150,150,150,150,150,167,167,199,199,209,209,311,341,356,356,356,256,271,271,186,186,186,201,201],"floor_reached":28,"campfire_rested":0,"playtime":961,"current_hp_per_floor":[72,72,72,56,54,54,47,47,47,47,47,39,44,41,41,2,69,41,41,41,41,38,38,38,38,38,24,0],"items_purged":[],"gold":201,"score":335,"play_id":"c838d197-8148-4c1d-887f-e2855ca933ef","local_time":"20180323201943","is_prod":false,"is_daily":false,"is_ascension_mode":true,"campfire_upgraded":6,"timestamp":1521850783,"path_taken":["M","?","M","?","M","R","?","R","T","?","R","E","?","M","R","BOSS","M","?","?","?","M","R","?","R","T","M","M"],"build_version":"2018-03-22v2","purchased_purges":0,"victory":false,"master_deck":["Bash+1","AscendersBane","Shrug It Off+1","Dual Wield+1","Iron Wave","Headbutt+1","Thunderclap","Sword Boomerang+1","Iron Wave","Clothesline","Flex+1","Bloodletting","Barricade+1","Fire Breathing","Limit Break+1","Blood for Blood","Havoc+1","J.A.X.","Inflame+1","Warcry"],"max_hp_per_floor":[80,80,80,80,80,80,80,80,80,80,80,80,85,85,85,85,90,90,90,90,90,90,90,90,90,90,90,90],"relics":["Pandora\u0027s Box","Centennial Puzzle","Regal Pillow","Tiny House","Vajra","Juzu Bracelet","Mummified Hand"],"card_choices":[{"not_picked":["Entrench","Clothesline"],"picked":"Iron Wave","floor":1},{"not_picked":["Havoc","Power Through"],"picked":"Clothesline","floor":3},{"not_picked":["Perfected Strike","Pummel"],"picked":"Flex","floor":5},{"not_picked":["Clothesline","Twin Strike"],"picked":"Bloodletting","floor":10},{"not_picked":["Bloodletting","Anger"],"picked":"Barricade","floor":12},{"not_picked":["Flex","Thunderclap"],"picked":"Fire Breathing","floor":14},{"not_picked":["Immolate","Bludgeon"],"picked":"Limit Break","floor":16},{"not_picked":["Clothesline","Iron Wave"],"picked":"Blood for Blood","floor":17},{"not_picked":["Blood for Blood","Flex"],"picked":"Havoc","floor":18},{"not_picked":["Intimidate","Shrug It Off"],"picked":"Inflame","floor":22},{"not_picked":["Iron Wave","Thunderclap"],"picked":"Warcry","floor":27}],"player_experience":588041,"potions_floor_usage":[16,16,18,28],"damage_taken":[{"damage":0,"enemies":"Small Slimes","floor":1,"turns":1},{"damage":0,"enemies":"Cultist","floor":3,"turns":3},{"damage":2,"enemies":"Jaw Worm","floor":5,"turns":2},{"damage":0,"enemies":"2 Fungi Beasts","floor":10,"turns":2},{"damage":8,"enemies":"3 Sentries","floor":12,"turns":5},{"damage":3,"enemies":"Exordium Wildlife","floor":14,"turns":3},{"damage":39,"enemies":"The Guardian","floor":16,"turns":9},{"damage":28,"enemies":"2 Thieves","floor":18,"turns":4},{"damage":3,"enemies":"Shell Parasite","floor":22,"turns":2},{"damage":14,"enemies":"Snake Plant","floor":27,"turns":3},{"damage":25,"enemies":"3 Cultists","floor":28,"turns":3}],"event_choices":[{"event_name":"Purifier","player_choice":"One Purge","floor":2,"damage_taken":0},{"event_name":"Shining Light","player_choice":"Entered Light","floor":4,"damage_taken":0},{"event_name":"Golden Wing","player_choice":"Card Removal","floor":7,"damage_taken":0},{"event_name":"Big Fish","player_choice":"Donut","floor":13,"damage_taken":0},{"event_name":"Back to Basics","player_choice":"Elegance","floor":19,"damage_taken":0},{"event_name":"The Mausoleum","player_choice":"Yes","floor":20,"damage_taken":0},{"event_name":"Drug Dealer","player_choice":"Got JAXXED","floor":21,"damage_taken":0},{"event_name":"Addict","player_choice":"Obtained Relic","floor":24,"damage_taken":0}],"boss_relics":[{"not_picked":["Cursed Key","Eternal Feather"],"picked":"Tiny House"}],"potions_floor_spawned":[10,12,14,16],"seed_played":"2213576526433213088","killed_by":"3 Cultists","ascension_level":11,"is_trial":false}