{"gold_per_floor":[111,71,71,49,66,66,101,117,143,153,173,173,173,173,173,249,249,259,184,109,125,125,125,137,137,137,137,147,161,177,202,202,276,276,293,293,293],"floor_reached":37,"playtime":1089,"items_purged":["Strike_G"],"score":749,"play_id":"14f7686e-04a5-4b01-bcda-46de76b9a5ab","local_time":"20180817002824","is_ascension_mode":true,"campfire_choices":[{"data":"Neutralize","floor":6,"key":"SMITH"},{"data":"Noxious Fumes","floor":12,"key":"SMITH"},{"data":"Poisoned Stab","floor":15,"key":"SMITH"},{"floor":23,"key":"REST"},{"data":"Footwork","floor":25,"key":"SMITH"},{"floor":27,"key":"REST"},{"floor":32,"key":"REST"}],"neow_cost":"NONE","seed_source_timestamp":138611520979911,"circlet_count":0,"master_deck":["Defend_G","Defend_G","Defend_G","Defend_G","Defend_G","Strike_G","Survivor","Neutralize+1","AscendersBane","Dagger Throw","Infinite Blades","Poisoned Stab+1","Die Die Die","Noxious Fumes+1","Escape Plan","Tools of the Trade","Underhanded Strike","Adrenaline","Dagger Spray","Tools of the Trade","Footwork+1","Sucker Punch","After Image","PiercingWail"],"relics":["Ring of the Snake","NeowsBlessing","Tiny Chest","The Specimen","Ancient Tea Set","Orrery","Anchor","Bronze Scales","Runic Dome"],"potions_floor_usage":[16,18,21,29,29],"damage_taken":[{"damage":0,"enemies":"Small Slimes","floor":1,"turns":1},{"damage":0,"enemies":"Jaw Worm","floor":5,"turns":1},{"damage":0,"enemies":"3 Sentries","floor":7,"turns":1},{"damage":0,"enemies":"Cultist","floor":8,"turns":3},{"damage":2,"enemies":"Exordium Wildlife","floor":10,"turns":4},{"damage":1,"enemies":"Large Slime","floor":11,"turns":4},{"damage":50,"enemies":"Slime Boss","floor":16,"turns":8},{"damage":12,"enemies":"3 Byrds","floor":18,"turns":5},{"damage":17,"enemies":"2 Thieves","floor":21,"turns":3},{"damage":17,"enemies":"Centurion and Healer","floor":24,"turns":6},{"damage":12,"enemies":"Snecko","floor":28,"turns":7},{"damage":16,"enemies":"Cultist and Chosen","floor":29,"turns":7},{"damage":11,"enemies":"Snake Plant","floor":30,"turns":5},{"damage":23,"enemies":"Automaton","floor":33,"turns":12},{"damage":37,"enemies":"Flame Bruiser 1 Orb","floor":35,"turns":8},{"damage":29,"enemies":"3 Darklings","floor":37,"turns":2}],"seed_played":"-7830999161777870274","potions_obtained":[{"floor":8,"key":"Explosive Potion"},{"floor":11,"key":"SteroidPotion"},{"floor":16,"key":"Weak Potion"},{"floor":18,"key":"FearPotion"},{"floor":24,"key":"Swift Potion"},{"floor":33,"key":"SneckoOil"},{"floor":35,"key":"SteroidPotion"},{"floor":36,"key":"Swift Potion"}],"is_trial":false,"path_per_floor":["M","$","?","?","M","R","E","M","T","M","M","R","?","?","R","B",null,"M","$","?","M","?","R","M","R","T","R","M","M","M","T","R","B",null,"M","?"],"character_chosen":"THE_SILENT","items_purchased":["Infinite Blades"],"campfire_rested":3,"item_purchase_floors":[2],"current_hp_per_floor":[59,59,59,59,59,59,59,59,59,57,56,56,56,61,61,11,56,44,44,44,27,27,48,31,31,31,52,40,24,13,13,34,11,56,19,19,0],"gold":293,"neow_bonus":"THREE_ENEMY_KILL","is_prod":false,"is_daily":false,"chose_seed":false,"campfire_upgraded":4,"win_rate":0,"timestamp":1534490904,"path_taken":["M","$","?","?","M","R","E","M","T","M","M","R","?","?","R","BOSS","M","$","?","M","?","R","M","R","T","R","M","M","M","?","R","BOSS","M","?","M"],"build_version":"2018-08-16","purchased_purges":1,"victory":false,"max_hp_per_floor":[66,66,66,66,66,66,66,66,66,66,66,66,66,71,71,71,71,71,71,71,71,71,71,71,71,71,71,71,71,71,71,71,71,71,71,71,71],"card_choices":[{"not_picked":["Accuracy","Caltrops"],"picked":"Dagger Throw","floor":1},{"not_picked":["Dagger Throw","Choke"],"picked":"Poisoned Stab","floor":5},{"not_picked":["Backflip","Cloak And Dagger"],"picked":"Die Die Die","floor":7},{"not_picked":["Dagger Spray","Prepared"],"picked":"Noxious Fumes","floor":8},{"not_picked":["Deflect","Blur"],"picked":"Escape Plan","floor":10},{"not_picked":["Flying Knee","Eviscerate","Accuracy"],"picked":"SKIP","floor":11},{"not_picked":["Die Die Die","Wraith Form v2"],"picked":"Tools of the Trade","floor":16},{"not_picked":["Quick Slash","Outmaneuver"],"picked":"Underhanded Strike","floor":17},{"not_picked":["Deadly Poison","Cloak And Dagger"],"picked":"Adrenaline","floor":17},{"not_picked":["Slice","Deadly Poison"],"picked":"Dagger Spray","floor":18},{"not_picked":["Expertise","Flying Knee","Deadly Poison"],"picked":"SKIP","floor":21},{"not_picked":["PiercingWail","All Out Attack+1"],"picked":"Footwork","floor":24},{"not_picked":["Reflex","Acrobatics","Blade Dance"],"picked":"SKIP","floor":28},{"not_picked":["Eviscerate+1","Concentrate"],"picked":"Sucker Punch","floor":29},{"not_picked":["Deadly Poison","Sucker Punch","Dagger Spray"],"picked":"SKIP","floor":30},{"not_picked":["Unload","Malaise"],"picked":"After Image","floor":33},{"not_picked":["Dagger Throw","Riddle With Holes"],"picked":"PiercingWail","floor":35}],"player_experience":889400,"relics_obtained":[{"floor":7,"key":"The Specimen"},{"floor":9,"key":"Ancient Tea Set"},{"floor":26,"key":"Anchor"},{"floor":31,"key":"Bronze Scales"}],"event_choices":[{"event_name":"Living Wall","player_choice":"Forget","floor":3,"damage_taken":0},{"event_name":"WeMeetAgain","player_choice":"Gold","floor":4,"damage_taken":0},{"event_name":"Liars Game","player_choice":"disagreed","floor":13,"damage_taken":0},{"event_name":"Big Fish","player_choice":"Donut","floor":14,"damage_taken":0},{"event_name":"Beggar","player_choice":"Gave Gold","floor":20,"damage_taken":0},{"event_name":"Transmorgrifier","player_choice":"Transform","floor":22,"damage_taken":0},{"event_name":"The Lab","player_choice":"Got Potions","floor":36,"damage_taken":0}],"is_beta":true,"boss_relics":[{"not_picked":["Ring of the Serpent","Lizard Tail"],"picked":"Orrery"},{"not_picked":["Runic Pyramid","Black Star"],"picked":"Runic Dome"}],"items_purged_floors":[19],"is_endless":false,"potions_floor_spawned":[8,11,16,18,24,28,33,35],"killed_by":"3 Darklings","ascension_level":18}