{"gold_per_floor":[116,391,403,38,38,38,69,69,144,144,162,177,218,218,218,218],"floor_reached":16,"playtime":336,"items_purged":[],"score":266,"play_id":"91aed145-ab5f-4104-aca1-225e477827bc","local_time":"20190303113610","is_ascension_mode":true,"campfire_choices":[{"data":"Leg Sweep","floor":6.0,"key":"SMITH"},{"data":"Neutralize","floor":8.0,"key":"SMITH"},{"data":"Dash","floor":10.0,"key":"SMITH"},{"data":"Dodge and Roll","floor":15.0,"key":"SMITH"}],"neow_cost":"NONE","seed_source_timestamp":173826999281223,"circlet_count":0,"master_deck":["AscendersBane","Defend_G","Defend_G","Defend_G","Defend_G","Defend_G","Strike_G","Strike_G","Strike_G","Strike_G","Strike_G","Survivor","Neutralize+1","Poisoned Stab","Leg Sweep+1","Dash+1","Cloak And Dagger","Dodge and Roll+1","Backflip","Cloak And Dagger"],"special_seed":0,"relics":["Ring of the Snake","NeowsBlessing","Paper Crane","Golden Idol","Pear","Frozen Egg 2","Mercury Hourglass"],"potions_floor_usage":[],"damage_taken":[{"damage":0.0,"enemies":"2 Louse","floor":1.0,"turns":1.0},{"damage":0.0,"enemies":"Cultist","floor":3.0,"turns":1.0},{"damage":0.0,"enemies":"3 Sentries","floor":7.0,"turns":1.0},{"damage":0.0,"enemies":"Small Slimes","floor":11.0,"turns":4.0},{"damage":3.0,"enemies":"Exordium Wildlife","floor":12.0,"turns":7.0},{"damage":26.0,"enemies":"Lagavulin","floor":13.0,"turns":8.0},{"damage":19,"enemies":"The Guardian","floor":16,"turns":10}],"seed_played":"-7217093888352404267","potions_obtained":[{"floor":1.0,"key":"SteroidPotion"},{"floor":12.0,"key":"AttackPotion"}],"is_trial":false,"path_per_floor":["M","?","M","$","?","R","E","R","T","R","M","M","E","?","R","B"],"character_chosen":"THE_SILENT","items_purchased":["Paper Crane","Dash"],"campfire_rested":0,"item_purchase_floors":[4,4],"current_hp_per_floor":[59,59,59,59,36,36,46,46,46,46,46,43,17,17,17,0],"gold":218,"neow_bonus":"THREE_ENEMY_KILL","is_prod":false,"is_daily":false,"chose_seed":false,"campfire_upgraded":4,"win_rate":0,"timestamp":1551638170,"path_taken":["M","?","?","$","?","R","E","R","T","R","M","M","E","?","R","BOSS"],"build_version":"2019-02-06","purchased_purges":0,"victory":false,"max_hp_per_floor":[66,66,66,66,66,66,76,76,76,76,76,76,76,76,76,76],"card_choices":[{"not_picked":["Quick Slash","Dagger Spray"],"picked":"Poisoned Stab","floor":1.0},{"not_picked":["Masterful Stab","Poisoned Stab"],"picked":"Leg Sweep","floor":3.0},{"not_picked":["Acrobatics","Finisher"],"picked":"Cloak And Dagger","floor":7.0},{"not_picked":["Quick Slash","Outmaneuver"],"picked":"Dodge and Roll","floor":11.0},{"not_picked":["Outmaneuver","Underhanded Strike"],"picked":"Backflip","floor":12.0},{"not_picked":["Prepared","Bouncing Flask"],"picked":"Cloak And Dagger","floor":13.0}],"player_experience":1145792,"relics_obtained":[{"floor":7.0,"key":"Pear"},{"floor":9.0,"key":"Frozen Egg 2"},{"floor":13.0,"key":"Mercury Hourglass"}],"event_choices":[{"damage_healed":0.0,"max_hp_gain":0.0,"max_hp_loss":0.0,"gold_gain":275.0,"event_name":"Golden Shrine","player_choice":"Desecrate","floor":2.0,"gold_loss":0.0,"damage_taken":0.0,"cards_obtained":["Regret"]},{"damage_healed":0.0,"max_hp_gain":0.0,"max_hp_loss":0.0,"gold_gain":0.0,"event_name":"Golden Idol","player_choice":"Take Damage","floor":5.0,"gold_loss":0.0,"damage_taken":23.0,"relics_obtained":["Golden Idol"]},{"cards_removed":["Regret"],"damage_healed":0.0,"max_hp_gain":0.0,"max_hp_loss":0.0,"gold_gain":0.0,"event_name":"Living Wall","player_choice":"Forget","floor":14.0,"gold_loss":0.0,"damage_taken":0.0}],"is_beta":true,"boss_relics":[],"items_purged_floors":[],"is_endless":false,"potions_floor_spawned":[1,12],"killed_by":"The Guardian","ascension_level":20}