{"gold_per_floor":[113,188,204,13,13,47,47,81,81,111,130,130,148,163,163,236,236,190,115,115,127,127,127,144,172,198,198,198,198,211,225,225,300,300,315,329,10,10,24,51,65,98,98,98,128,147,422,442,442,442,442,442,442,32,32],"floor_reached":55,"playtime":2800,"items_purged":["Strike_G","Pain"],"score":1974,"play_id":"420d362d-5923-4568-ad4b-e3e0c4cefcd4","local_time":"20190322144906","is_ascension_mode":true,"campfire_choices":[{"data":"Neutralize","floor":7,"key":"SMITH"},{"data":"Caltrops","floor":12,"key":"SMITH"},{"data":"1","floor":15,"key":"LIFT"},{"data":"Glass Knife","floor":23,"key":"SMITH"},{"data":"2","floor":27,"key":"LIFT"},{"data":"3","floor":29,"key":"LIFT"},{"data":"After Image","floor":32,"key":"SMITH"},{"floor":44,"key":"RECALL"},{"floor":49,"key":"REST"},{"floor":53,"key":"REST"}],"neow_cost":"NONE","seed_source_timestamp":190169335035392,"circlet_count":0,"master_deck":["AscendersBane","Defend_G","Defend_G","Defend_G","Defend_G","Defend_G","Strike_G","Strike_G","Strike_G","Survivor","Neutralize+1","Backflip","Predator","Caltrops+1","Cloak And Dagger","PiercingWail+1","Deflect+1","After Image+1","Leg Sweep+1","Glass Knife+1","Poisoned Stab","Deflect+1","Ghostly+1","Ghostly+1","Ghostly+1","Noxious Fumes+1","PiercingWail+1","Well Laid Plans","Blur+1","Malaise+1","Dash+1","Cloak And Dagger+1","Dodge and Roll+1","Crippling Poison+1","Adrenaline+1","Backflip+1"],"relics":["Ring of the Snake","NeowsBlessing","Meat on the Bone","Toxic Egg 2","Girya","Sundial","Odd Mushroom","WristBlade","WarpedTongs","Regal Pillow","Omamori","Velvet Choker","Lee\u0027s Waffle","Gremlin Horn","Mercury Hourglass","Bird Faced Urn","Shuriken","TheAbacus"],"potions_floor_usage":[8,10,18,33,42,50,55],"damage_taken":[{"damage":0,"enemies":"2 Louse","floor":1,"turns":1},{"damage":0,"enemies":"Small Slimes","floor":3,"turns":1},{"damage":0,"enemies":"Gremlin Nob","floor":6,"turns":1},{"damage":39,"enemies":"Lagavulin","floor":8,"turns":7},{"damage":13,"enemies":"The Mushroom Lair","floor":10,"turns":9},{"damage":4,"enemies":"Cultist","floor":11,"turns":4},{"damage":1,"enemies":"Blue Slaver","floor":13,"turns":4},{"damage":5,"enemies":"3 Louse","floor":14,"turns":5},{"damage":33,"enemies":"Hexaghost","floor":16,"turns":13},{"damage":8,"enemies":"2 Thieves","floor":18,"turns":5},{"damage":2,"enemies":"Chosen","floor":21,"turns":5},{"damage":1,"enemies":"Snake Plant","floor":24,"turns":6},{"damage":6,"enemies":"Book of Stabbing","floor":25,"turns":6},{"damage":4,"enemies":"Centurion and Healer","floor":30,"turns":9},{"damage":10,"enemies":"3 Cultists","floor":31,"turns":8},{"damage":23,"enemies":"Collector","floor":33,"turns":15},{"damage":15,"enemies":"Orb Walker","floor":35,"turns":5},{"damage":2,"enemies":"3 Darklings","floor":36,"turns":6},{"damage":0,"enemies":"Sphere and 2 Shapes","floor":39,"turns":7},{"damage":9,"enemies":"Nemesis","floor":40,"turns":9},{"damage":0,"enemies":"Maw","floor":41,"turns":10},{"damage":7,"enemies":"Reptomancer","floor":42,"turns":7},{"damage":23,"enemies":"Nemesis","floor":45,"turns":13},{"damage":0,"enemies":"4 Shapes","floor":46,"turns":5},{"damage":10,"enemies":"Transient","floor":48,"turns":6},{"damage":32,"enemies":"Awakened One","floor":50,"turns":27},{"damage":18,"enemies":"Time Eater","floor":51,"turns":17},{"damage":49,"enemies":"Shield and Spear","floor":55,"turns":3}],"seed_played":"7261751241966992019","potions_obtained":[{"floor":1,"key":"SteroidPotion"},{"floor":3,"key":"Dexterity Potion"},{"floor":13,"key":"GamblersBrew"},{"floor":24,"key":"Energy Potion"},{"floor":30,"key":"Ancient Potion"},{"floor":39,"key":"Dexterity Potion"},{"floor":40,"key":"SkillPotion"},{"floor":45,"key":"FearPotion"},{"floor":46,"key":"Swift Potion"}],"is_trial":false,"path_per_floor":["M","?","M","$","?","E","R","E","T","?","M","R","M","M","R","B",null,"M","?","?","M","?","R","M","E","T","R","?","R","M","M","R","B",null,"M","M","$","T","M","E","M","E","T","R","E","M","?","M","R","B","B",null,"R","$","E"],"character_chosen":"THE_SILENT","items_purchased":["Caltrops","Cloak And Dagger","Lee\u0027s Waffle","Adrenaline+1","Backflip+1","TheAbacus","SkillPotion"],"campfire_rested":2,"item_purchase_floors":[4,4,37,54,54,54,54],"current_hp_per_floor":[59,48,48,48,43,43,43,16,16,15,23,23,34,41,41,20,55,47,47,47,45,33,33,32,26,26,26,26,26,22,24,24,13,28,25,23,40,40,40,31,31,24,24,24,21,27,27,25,40,26,28,37,40,40,0],"gold":32,"neow_bonus":"THREE_ENEMY_KILL","is_prod":false,"is_daily":false,"chose_seed":false,"campfire_upgraded":4,"win_rate":0,"timestamp":1553291346,"path_taken":["M","?","M","$","?","E","R","E","T","?","M","R","M","M","R","BOSS","M","?","?","?","?","R","M","E","T","R","?","R","M","M","R","BOSS","M","M","$","?","M","E","M","E","T","R","E","M","?","?","R","BOSS","BOSS","R","$","E"],"build_version":"2019-03-15","purchased_purges":2,"victory":false,"max_hp_per_floor":[66,66,66,66,66,66,66,66,66,66,66,66,66,66,66,66,66,66,66,66,66,33,33,33,33,33,33,33,33,33,33,33,33,33,33,33,40,40,40,40,40,40,40,40,40,40,40,40,40,40,40,40,40,40,40],"card_choices":[{"not_picked":["Heel Hook","Flying Knee"],"picked":"Backflip","floor":1},{"not_picked":["Dagger Throw","Flying Knee"],"picked":"Predator","floor":3},{"not_picked":["Riddle With Holes","Choke","Accuracy"],"picked":"SKIP","floor":6},{"not_picked":["Reflex+1","Sucker Punch","Flechettes"],"picked":"SKIP","floor":8},{"not_picked":["Dodge and Roll+1","Masterful Stab"],"picked":"PiercingWail+1","floor":10},{"not_picked":["Heel Hook","Riddle With Holes"],"picked":"Deflect+1","floor":11},{"not_picked":["Blade Dance+1","Footwork"],"picked":"After Image","floor":13},{"not_picked":["Expertise+1","Setup+1"],"picked":"Leg Sweep+1","floor":14},{"not_picked":["Die Die Die","Night Terror+1"],"picked":"Glass Knife","floor":16},{"not_picked":["Slice","Calculated Gamble+1"],"picked":"Poisoned Stab","floor":18},{"not_picked":["PiercingWail+1","Dagger Throw"],"picked":"Deflect+1","floor":21},{"not_picked":["Poisoned Stab","Terror+1"],"picked":"Noxious Fumes+1","floor":24},{"not_picked":["Prepared+1","Calculated Gamble+1"],"picked":"PiercingWail+1","floor":25},{"not_picked":["Expertise+1","Dagger Throw","Outmaneuver+1"],"picked":"SKIP","floor":30},{"not_picked":["Skewer","Flechettes"],"picked":"Blur+1","floor":31},{"not_picked":["Corpse Explosion+1","Burst+1"],"picked":"Malaise+1","floor":33},{"not_picked":["PiercingWail+1","Riddle With Holes"],"picked":"Dash+1","floor":35},{"not_picked":["Infinite Blades","Sucker Punch+1"],"picked":"Cloak And Dagger+1","floor":36},{"not_picked":["Poisoned Stab","Corpse Explosion+1","Prepared+1"],"picked":"SKIP","floor":39},{"not_picked":["Corpse Explosion+1","Bane"],"picked":"Dodge and Roll+1","floor":40},{"not_picked":["Prepared+1","Bane","Underhanded Strike"],"picked":"SKIP","floor":41},{"not_picked":["Outmaneuver+1","Choke","Skewer"],"picked":"SKIP","floor":42},{"not_picked":["Quick Slash","Infinite Blades","Slice"],"picked":"SKIP","floor":45},{"not_picked":["Skewer","Underhanded Strike","Slice+1"],"picked":"SKIP","floor":46},{"not_picked":["Backstab","Tactician+1"],"picked":"Crippling Poison+1","floor":48}],"player_experience":1173082,"relics_obtained":[{"floor":6,"key":"Toxic Egg 2"},{"floor":8,"key":"Girya"},{"floor":9,"key":"Sundial"},{"floor":10,"key":"Odd Mushroom"},{"floor":25,"key":"Regal Pillow"},{"floor":26,"key":"Omamori"},{"floor":38,"key":"Gremlin Horn"},{"floor":40,"key":"Mercury Hourglass"},{"floor":42,"key":"Bird Faced Urn"},{"floor":45,"key":"Shuriken"}],"event_choices":[{"damage_healed":0,"gold_gain":75,"player_choice":"Gather Gold","damage_taken":11,"max_hp_gain":0,"max_hp_loss":0,"event_name":"World of Goop","floor":2,"gold_loss":0},{"damage_healed":0,"gold_gain":0,"player_choice":"Success","damage_taken":5,"relics_obtained":["Meat on the Bone"],"max_hp_gain":0,"max_hp_loss":0,"event_name":"Scrap Ooze","floor":5,"gold_loss":0},{"damage_healed":0,"gold_gain":0,"player_choice":"Fought Mushrooms","damage_taken":0,"max_hp_gain":0,"max_hp_loss":0,"event_name":"Mushrooms","floor":10,"gold_loss":0},{"cards_removed":["Strike_G"],"damage_healed":0,"gold_gain":0,"player_choice":"Gave Gold","damage_taken":0,"max_hp_gain":0,"max_hp_loss":0,"event_name":"Beggar","floor":19,"gold_loss":75},{"damage_healed":0,"gold_gain":0,"player_choice":"Rummage","damage_taken":0,"relics_obtained":["WarpedTongs"],"max_hp_gain":0,"max_hp_loss":0,"event_name":"Accursed Blacksmith","floor":20,"gold_loss":0,"cards_obtained":["Pain"]},{"damage_healed":0,"gold_gain":0,"player_choice":"Became a Ghost","damage_taken":0,"max_hp_gain":0,"max_hp_loss":33,"event_name":"Ghosts","floor":22,"gold_loss":0,"cards_obtained":["Ghostly","Ghostly","Ghostly"]},{"damage_healed":0,"gold_gain":0,"player_choice":"1 cards matched","damage_taken":0,"max_hp_gain":0,"max_hp_loss":0,"event_name":"Match and Keep!","floor":28,"gold_loss":0,"cards_obtained":["Well Laid Plans"]},{"damage_healed":0,"gold_gain":275,"player_choice":"Desecrate","damage_taken":0,"max_hp_gain":0,"max_hp_loss":0,"event_name":"Golden Shrine","floor":47,"gold_loss":0,"cards_obtained":["Regret"]}],"is_beta":true,"boss_relics":[{"not_picked":["Coffee Dripper","Calling Bell"],"picked":"WristBlade"},{"not_picked":["Lizard Tail","Orrery"],"picked":"Velvet Choker"}],"items_purged_floors":[4,37],"is_endless":false,"potions_floor_spawned":[1,3,13,24,30,31,39,40,45,46,48],"killed_by":"Shield and Spear","ascension_level":20}