{"gold_per_floor":[109,109,23,40,66,93,93,109,109,109,120,45,80,94,94,168,168,181,456,35,0,19,19,51,51,123,123,149,162,162,162],"floor_reached":31,"playtime":1193,"items_purged":["Strike_G","Regret"],"score":637,"play_id":"b809643f-ffda-4e95-b450-4a025e235a9e","local_time":"20190506212401","is_ascension_mode":true,"campfire_choices":[{"data":"Noxious Fumes","floor":7,"key":"SMITH"},{"data":"Poisoned Stab","floor":10,"key":"SMITH"},{"data":"Neutralize","floor":15,"key":"SMITH"},{"floor":23,"key":"REST"},{"floor":25,"key":"REST"}],"neow_cost":"NONE","seed_source_timestamp":560732230542238,"circlet_count":0,"master_deck":["AscendersBane","Defend_G","Defend_G","Defend_G","Defend_G","Defend_G","Survivor","Neutralize+1","Escape Plan","Noxious Fumes+1","Poisoned Stab+1","Cloak And Dagger","Dodge and Roll","Backflip","PiercingWail","PiercingWail","Flechettes","Poisoned Stab","Noxious Fumes","Bite","Bite","Bite","Bite","Bite","PiercingWail+1","Prepared+1","Writhe"],"relics":["Ring of the Snake","NeowsBlessing","Anchor","StoneCalendar","Mango","Strawberry","Black Star","Torii","Pantograph","Nunchaku","Dodecahedron","The Courier","Vajra","Orichalcum"],"potions_floor_usage":[13,16,24,29],"damage_taken":[{"damage":0,"enemies":"Jaw Worm","floor":1,"turns":1},{"damage":0,"enemies":"Cultist","floor":4,"turns":1},{"damage":0,"enemies":"Lagavulin","floor":6,"turns":1},{"damage":0,"enemies":"Small Slimes","floor":8,"turns":3},{"damage":6,"enemies":"Gremlin Gang","floor":11,"turns":5},{"damage":23,"enemies":"Gremlin Nob","floor":13,"turns":4},{"damage":4,"enemies":"Looter","floor":14,"turns":4},{"damage":46,"enemies":"Hexaghost","floor":16,"turns":10},{"damage":4,"enemies":"Shell Parasite","floor":18,"turns":6},{"damage":1,"enemies":"2 Thieves","floor":21,"turns":5},{"damage":22,"enemies":"Centurion and Healer","floor":22,"turns":7},{"damage":48,"enemies":"Slavers","floor":24,"turns":7},{"damage":37,"enemies":"Book of Stabbing","floor":28,"turns":7},{"damage":22,"enemies":"Sentry and Sphere","floor":29,"turns":7},{"damage":21,"enemies":"Gremlin Leader","floor":31,"turns":2}],"seed_played":"4492761719832871279","potions_obtained":[{"floor":2,"key":"Dexterity Potion"},{"floor":2,"key":"Energy Potion"},{"floor":6,"key":"Swift Potion"},{"floor":16,"key":"GhostInAJar"},{"floor":28,"key":"Energy Potion"}],"is_trial":false,"path_per_floor":["M","?","$","M","T","E","R","M","T","R","M","$","E","M","R","B",null,"M","?","$","M","M","R","E","R","T","?","E","M","?","E"],"character_chosen":"THE_SILENT","items_purchased":["Noxious Fumes","Torii"],"campfire_rested":2,"item_purchase_floors":[3,20],"current_hp_per_floor":[59,59,59,59,59,59,59,59,73,73,67,67,51,47,47,1,66,62,62,62,61,39,65,17,43,43,43,22,14,14,0],"gold":162,"neow_bonus":"THREE_ENEMY_KILL","is_prod":false,"is_daily":false,"chose_seed":false,"campfire_upgraded":3,"win_rate":0,"timestamp":1557203041,"path_taken":["M","?","$","?","?","E","R","M","T","R","?","$","E","M","R","BOSS","M","?","$","?","M","R","E","R","T","?","E","M","?","E"],"build_version":"2019-04-23","purchased_purges":2,"victory":false,"max_hp_per_floor":[66,66,66,66,66,66,66,66,80,80,80,80,87,87,87,87,87,87,87,87,87,87,87,87,87,87,60,60,60,60,60],"card_choices":[{"not_picked":["Slice","Accuracy"],"picked":"Escape Plan","floor":1},{"not_picked":["All Out Attack","Deflect"],"picked":"Poisoned Stab","floor":4},{"not_picked":["Acrobatics","Sucker Punch"],"picked":"Cloak And Dagger","floor":6},{"not_picked":["Terror","Burst","Flying Knee"],"picked":"SKIP","floor":8},{"not_picked":["Prepared","Slice"],"picked":"Dodge and Roll","floor":11},{"not_picked":["Deadly Poison","Flying Knee"],"picked":"Backflip","floor":13},{"not_picked":["Phantasmal Killer","Dagger Spray"],"picked":"PiercingWail","floor":14},{"not_picked":["Blur","Setup+1"],"picked":"PiercingWail","floor":18},{"not_picked":["Acrobatics","Distraction"],"picked":"Flechettes","floor":21},{"not_picked":["Setup","Dodge and Roll"],"picked":"Poisoned Stab","floor":22},{"not_picked":["Slice","Bouncing Flask"],"picked":"Noxious Fumes","floor":24},{"not_picked":["Quick Slash","Masterful Stab"],"picked":"PiercingWail+1","floor":28},{"not_picked":["Tactician","Dodge and Roll"],"picked":"Prepared+1","floor":29}],"player_experience":6227277,"relics_obtained":[{"floor":5,"key":"Anchor"},{"floor":6,"key":"StoneCalendar"},{"floor":9,"key":"Mango"},{"floor":13,"key":"Strawberry"},{"floor":24,"key":"Pantograph"},{"floor":24,"key":"Nunchaku"},{"floor":26,"key":"Dodecahedron"},{"floor":28,"key":"The Courier"},{"floor":28,"key":"Vajra"}],"event_choices":[{"damage_healed":0,"gold_gain":0,"player_choice":"Got Potions","damage_taken":0,"max_hp_gain":0,"max_hp_loss":0,"event_name":"Lab","floor":2,"gold_loss":0},{"damage_healed":0,"gold_gain":275,"player_choice":"Desecrate","damage_taken":0,"max_hp_gain":0,"max_hp_loss":0,"event_name":"Golden Shrine","floor":19,"gold_loss":0,"cards_obtained":["Regret"]},{"damage_healed":0,"gold_gain":0,"player_choice":"Became a vampire","damage_taken":0,"max_hp_gain":0,"max_hp_loss":27,"event_name":"Vampires","floor":27,"gold_loss":0,"cards_obtained":["Bite","Bite","Bite","Bite","Bite"]},{"damage_healed":0,"gold_gain":0,"player_choice":"Opened","damage_taken":0,"relics_obtained":["Orichalcum"],"max_hp_gain":0,"max_hp_loss":0,"event_name":"The Mausoleum","floor":30,"gold_loss":0,"cards_obtained":["Writhe"]}],"is_beta":true,"boss_relics":[{"not_picked":["Tiny House","HoveringKite"],"picked":"Black Star"}],"items_purged_floors":[12,20],"is_endless":false,"potions_floor_spawned":[4,6,16,28],"killed_by":"Gremlin Leader","ascension_level":20}