{"gold_per_floor":[115,125,137,137,137,137,173,37,37,37,53,93,106,31,31,122,122,137,137,113,113,137,137,180,180,180,180,220,19,54,54,54,147,147,171,171,184,202,216,257,282,282,282,306,319,343,383,403,403,403,403,403,52,93,93],"floor_reached":56,"playtime":2082,"items_purged":["Strike_R","Strike_R+1"],"score":2010,"play_id":"d06565ac-5614-4bf7-a8ff-11ce509f7a2b","local_time":"20190404122313","is_ascension_mode":true,"campfire_choices":[{"data":"Carnage","floor":6.0,"key":"SMITH"},{"data":"Whirlwind","floor":15,"key":"SMITH"},{"data":"Armaments","floor":23,"key":"SMITH"},{"data":"Fiend Fire","floor":25,"key":"SMITH"},{"data":"True Grit","floor":27,"key":"SMITH"},{"data":"Shockwave","floor":32,"key":"SMITH"},{"floor":42,"key":"RECALL"},{"data":"1","floor":49,"key":"LIFT"},{"data":"2","floor":52,"key":"LIFT"}],"neow_cost":"NONE","seed_source_timestamp":1903696285694798,"circlet_count":0,"master_deck":["AscendersBane","Strike_R+1","Strike_R+1","Defend_R+1","Defend_R+1","Defend_R+1","Defend_R+1","Thunderclap","Carnage+1","Whirlwind+1","Battle Trance","Reaper","Ghostly Armor","Shrug It Off","Fiend Fire+1","Armaments+1","True Grit+1","Necronomicurse","Flex+1","Feel No Pain+1","Shrug It Off","Dark Shackles","Shockwave+1","Berserk+1","Disarm+1","Feel No Pain+1","Corruption+1","Disarm"],"special_seed":0,"relics":["Burning Blood","Ancient Tea Set","Golden Idol","Frozen Egg 2","Pear","Runic Pyramid","Necronomicon","Matryoshka","Lantern","Darkstone Periapt","Gremlin Horn","Omamori","Regal Pillow","Paper Frog","Fusion Hammer","Strawberry","Sundial","Girya","Kunai","Boot"],"potions_floor_usage":[12,12,46,55,55],"damage_taken":[{"damage":1.0,"enemies":"Cultist","floor":1.0,"turns":4.0},{"damage":9.0,"enemies":"2 Louse","floor":2.0,"turns":3.0},{"damage":7.0,"enemies":"Jaw Worm","floor":3.0,"turns":2.0},{"damage":35.0,"enemies":"3 Sentries","floor":7.0,"turns":8.0},{"damage":6,"enemies":"Looter","floor":11,"turns":3},{"damage":5,"enemies":"Lagavulin","floor":12,"turns":7},{"damage":0,"enemies":"Lots of Slimes","floor":13,"turns":1},{"damage":40,"enemies":"The Guardian","floor":16,"turns":16},{"damage":18,"enemies":"Shell Parasite","floor":18,"turns":4},{"damage":0,"enemies":"3 Byrds","floor":22,"turns":4},{"damage":30,"enemies":"Gremlin Leader","floor":24,"turns":7},{"damage":16,"enemies":"Book of Stabbing","floor":28,"turns":3},{"damage":0,"enemies":"Slavers","floor":30,"turns":1},{"damage":2,"enemies":"Champ","floor":33,"turns":11},{"damage":0,"enemies":"3 Shapes","floor":35,"turns":1},{"damage":0,"enemies":"3 Darklings","floor":37,"turns":1},{"damage":0,"enemies":"Maw","floor":38,"turns":6},{"damage":19,"enemies":"Writhing Mass","floor":39,"turns":4},{"damage":10,"enemies":"Reptomancer","floor":40,"turns":4},{"damage":15,"enemies":"Transient","floor":41,"turns":5},{"damage":10,"enemies":"Sphere and 2 Shapes","floor":44,"turns":9},{"damage":5,"enemies":"3 Darklings","floor":45,"turns":3},{"damage":27,"enemies":"Transient","floor":46,"turns":5},{"damage":22,"enemies":"Nemesis","floor":47,"turns":6},{"damage":0,"enemies":"Sphere and 2 Shapes","floor":48,"turns":3},{"damage":23,"enemies":"Time Eater","floor":50,"turns":15},{"damage":44,"enemies":"Shield and Spear","floor":54,"turns":5},{"damage":75,"enemies":"The Heart","floor":55,"turns":11}],"seed_played":"-4904961579947363387","potions_obtained":[{"floor":1.0,"key":"LiquidBronze"},{"floor":2.0,"key":"Ancient Potion"},{"floor":11,"key":"SpeedPotion"},{"floor":13,"key":"FairyPotion"},{"floor":24,"key":"Dexterity Potion"},{"floor":33,"key":"Strength Potion"},{"floor":45,"key":"FearPotion"},{"floor":46,"key":"Strength Potion"}],"is_trial":false,"path_per_floor":["M","M","M","?","?","R","E","$","T","?","M","E","M","$","R","B",null,"M","?","$","?","M","R","E","R","T","R","E","$","E","T","R","B",null,"M","?","M","M","M","E","M","R","T","M","M","M","E","M","R","B",null,"R","$","E","B",null],"character_chosen":"IRONCLAD","items_purchased":["Reaper","True Grit","Feel No Pain+1","Shrug It Off","Dark Shackles","Kunai"],"campfire_rested":0,"item_purchase_floors":[8,20,29,29,29,53],"current_hp_per_floor":[73,70,69,68,48,48,19,19,19,19,19,30,36,36,36,13,62,50,50,50,29,53,53,78,78,78,78,68,68,74,74,74,78,78,78,78,78,78,65,68,84,84,84,85,85,78,85,85,85,85,85,85,85,85,60],"gold":93,"neow_bonus":"RANDOM_COMMON_RELIC","is_prod":false,"is_daily":false,"chose_seed":false,"campfire_upgraded":6,"win_rate":0,"timestamp":1554394993,"path_taken":["M","?","M","?","?","R","E","?","T","?","M","E","?","$","R","BOSS","M","?","$","?","M","R","E","R","T","R","E","$","E","?","R","BOSS","M","?","M","M","M","E","M","R","T","M","M","M","E","M","R","BOSS","R","$","E","BOSS"],"build_version":"2019-03-15","purchased_purges":2,"victory":true,"max_hp_per_floor":[75,75,75,68,68,68,68,68,68,68,68,78,78,78,78,78,78,78,78,78,78,78,78,78,78,78,78,78,78,78,78,78,78,78,78,78,78,78,78,85,85,85,85,85,85,85,85,85,85,85,85,85,85,85,85],"card_choices":[{"not_picked":["Ghostly Armor","Evolve"],"picked":"Thunderclap","floor":1.0},{"not_picked":["Shrug It Off","Heavy Blade"],"picked":"Carnage","floor":2.0},{"not_picked":["Pommel Strike","Headbutt"],"picked":"Whirlwind","floor":3.0},{"not_picked":["Intimidate","Whirlwind"],"picked":"Battle Trance","floor":7.0},{"not_picked":["Dark Embrace+1","Clash"],"picked":"Ghostly Armor","floor":11},{"not_picked":["True Grit","Sword Boomerang"],"picked":"Shrug It Off","floor":12},{"not_picked":["Clash","True Grit","Cleave"],"picked":"SKIP","floor":13},{"not_picked":["Brutality+1","Dark Embrace+1"],"picked":"Fiend Fire","floor":16},{"not_picked":["Bloodletting","Reckless Charge+1"],"picked":"Armaments","floor":18},{"not_picked":["Wild Strike","Cleave","Uppercut"],"picked":"SKIP","floor":22},{"not_picked":["Clash","Shrug It Off"],"picked":"Flex+1","floor":24},{"not_picked":["Searing Blow","Immolate","Twin Strike"],"picked":"SKIP","floor":28},{"not_picked":["Clash","Cleave"],"picked":"Shockwave","floor":30},{"not_picked":["Exhume","Juggernaut+1"],"picked":"Berserk+1","floor":33},{"not_picked":["Sword Boomerang+1","Clothesline"],"picked":"Disarm+1","floor":35},{"not_picked":["Ghostly Armor","Second Wind","Cleave"],"picked":"SKIP","floor":37},{"not_picked":["Ghostly Armor","Wild Strike+1","Thunderclap"],"picked":"SKIP","floor":38},{"not_picked":["Uppercut","Blood for Blood","Flex+1"],"picked":"SKIP","floor":39},{"not_picked":["Sentinel+1","Cleave","Power Through"],"picked":"SKIP","floor":40},{"not_picked":["Ghostly Armor","True Grit"],"picked":"Feel No Pain+1","floor":41},{"not_picked":["Heavy Blade","Shrug It Off","Cleave+1"],"picked":"SKIP","floor":44},{"not_picked":["Impervious","Iron Wave+1"],"picked":"Corruption+1","floor":45},{"not_picked":["Iron Wave+1","Thunderclap","Havoc"],"picked":"SKIP","floor":46},{"not_picked":["Clothesline","Heavy Blade","Shrug It Off+1"],"picked":"SKIP","floor":47},{"not_picked":["Shrug It Off+1","Headbutt"],"picked":"Disarm","floor":48},{"not_picked":["Flex","Rampage+1","Pommel Strike"],"picked":"SKIP","floor":54}],"player_experience":2354748,"relics_obtained":[{"floor":7.0,"key":"Frozen Egg 2"},{"floor":12,"key":"Pear"},{"floor":21,"key":"Necronomicon"},{"floor":24,"key":"Matryoshka"},{"floor":26,"key":"Lantern"},{"floor":26,"key":"Darkstone Periapt"},{"floor":28,"key":"Gremlin Horn"},{"floor":30,"key":"Omamori"},{"floor":31,"key":"Regal Pillow"},{"floor":31,"key":"Paper Frog"},{"floor":40,"key":"Strawberry"},{"floor":43,"key":"Sundial"},{"floor":47,"key":"Girya"},{"floor":54,"key":"Boot"}],"event_choices":[{"damage_healed":0.0,"max_hp_gain":0.0,"max_hp_loss":7.0,"gold_gain":0.0,"event_name":"Golden Idol","player_choice":"Lose Max HP","floor":4.0,"gold_loss":0.0,"damage_taken":0.0,"relics_obtained":["Golden Idol"]},{"damage_healed":0.0,"max_hp_gain":0.0,"max_hp_loss":0.0,"gold_gain":0.0,"event_name":"Shining Light","player_choice":"Entered Light","floor":5.0,"gold_loss":0.0,"damage_taken":20.0,"cards_upgraded":["Strike_R","Strike_R"]},{"cards_removed":["Strike_R"],"damage_healed":0.0,"max_hp_gain":0.0,"max_hp_loss":0.0,"gold_gain":0.0,"event_name":"Purifier","player_choice":"Purged","floor":10.0,"gold_loss":0.0,"damage_taken":0.0},{"damage_healed":0,"gold_gain":0,"player_choice":"Simplicity","damage_taken":0,"max_hp_gain":0,"max_hp_loss":0,"event_name":"Back to Basics","floor":19,"gold_loss":0,"cards_upgraded":["Strike_R","Defend_R","Defend_R","Defend_R","Defend_R"]},{"damage_healed":0,"gold_gain":0,"player_choice":"Obtained Book","damage_taken":21,"max_hp_gain":0,"max_hp_loss":0,"event_name":"Cursed Tome","floor":21,"gold_loss":0},{"cards_removed":["Bash"],"damage_healed":0,"gold_gain":0,"player_choice":"Removed Attack","damage_taken":0,"max_hp_gain":0,"max_hp_loss":0,"event_name":"Falling","floor":36,"gold_loss":0}],"is_beta":true,"boss_relics":[{"not_picked":["Ectoplasm","Tiny House"],"picked":"Runic Pyramid"},{"not_picked":["Lizard Tail","Calling Bell"],"picked":"Fusion Hammer"}],"items_purged_floors":[14,53],"is_endless":false,"potions_floor_spawned":[1,2,11,13,24,33,37,39,45,46],"ascension_level":15}