{"gold_per_floor":[116,134,134,134,154,154,188,188,188,27,27,27,73,103,103,103],"floor_reached":16,"playtime":620,"items_purged":["Strike_R"],"score":212,"play_id":"9cee0935-4b94-43bf-a79b-af1e9cca0aa2","local_time":"20190430095036","is_ascension_mode":true,"campfire_choices":[{"data":"Bash","floor":6.0,"key":"SMITH"},{"data":"Juggernaut","floor":8.0,"key":"SMITH"},{"floor":12.0,"key":"REST"},{"data":"Barricade","floor":15.0,"key":"SMITH"}],"neow_cost":"NONE","seed_source_timestamp":661530377543313,"circlet_count":0,"master_deck":["AscendersBane","Strike_R","Strike_R","Strike_R","Strike_R","Defend_R","Defend_R+1","Defend_R+1","Defend_R","Bash+1","Headbutt","Juggernaut+1","Reckless Charge","Barricade+1","Feel No Pain+1"],"special_seed":0,"relics":["Burning Blood","Ornamental Fan","Darkstone Periapt","Bottled Tornado","War Paint","Juzu Bracelet"],"potions_floor_usage":[16],"damage_taken":[{"damage":33.0,"enemies":"Jaw Worm","floor":1.0,"turns":8.0},{"damage":8.0,"enemies":"Small Slimes","floor":2.0,"turns":5.0},{"damage":1.0,"enemies":"2 Louse","floor":5.0,"turns":2.0},{"damage":28.0,"enemies":"Gremlin Nob","floor":7.0,"turns":4.0},{"damage":15.0,"enemies":"3 Sentries","floor":14.0,"turns":6.0},{"damage":26,"enemies":"Slime Boss","floor":16,"turns":8}],"seed_played":"-3063633052968576948","potions_obtained":[{"floor":0.0,"key":"AttackPotion"},{"floor":0.0,"key":"EssenceOfSteel"},{"floor":5.0,"key":"FearPotion"}],"is_trial":false,"path_per_floor":["M","M","?","?","M","R","E","R","T","$","?","R","T","E","R","B"],"character_chosen":"IRONCLAD","items_purchased":["Feel No Pain"],"campfire_rested":1,"item_purchase_floors":[10],"current_hp_per_floor":[41,39,4,29,34,34,12,12,12,12,12,34,34,25,25,0],"gold":103,"neow_bonus":"THREE_SMALL_POTIONS","is_prod":false,"is_daily":false,"chose_seed":false,"campfire_upgraded":3,"win_rate":0,"timestamp":1556632236,"path_taken":["M","M","?","?","M","R","E","R","T","$","?","R","?","E","R","BOSS"],"build_version":"2019-01-23","purchased_purges":1,"victory":false,"max_hp_per_floor":[75,75,75,75,75,75,75,75,75,75,75,75,75,75,75,75],"card_choices":[{"not_picked":["Clash","Thunderclap"],"picked":"Headbutt","floor":1.0},{"not_picked":["Twin Strike","Pommel Strike"],"picked":"Juggernaut","floor":2.0},{"not_picked":["Flex","Rupture"],"picked":"Reckless Charge","floor":5.0},{"not_picked":["Seeing Red","Inflame"],"picked":"Barricade","floor":7.0},{"not_picked":["Carnage","Pommel Strike","Cleave"],"picked":"SKIP","floor":14.0}],"player_experience":2155226,"relics_obtained":[{"floor":7.0,"key":"Darkstone Periapt"},{"floor":9.0,"key":"Bottled Tornado"},{"floor":13.0,"key":"War Paint"},{"floor":14.0,"key":"Juzu Bracelet"}],"event_choices":[{"damage_healed":0.0,"max_hp_gain":0.0,"max_hp_loss":0.0,"gold_gain":0.0,"event_name":"Scrap Ooze","player_choice":"Success","floor":3.0,"gold_loss":0.0,"damage_taken":35.0,"relics_obtained":["Ornamental Fan"]},{"damage_healed":25.0,"max_hp_gain":0.0,"max_hp_loss":0.0,"gold_gain":0.0,"event_name":"Big Fish","player_choice":"Banana","floor":4.0,"gold_loss":0.0,"damage_taken":0.0},{"damage_healed":0.0,"max_hp_gain":0.0,"max_hp_loss":0.0,"gold_gain":0.0,"event_name":"Living Wall","player_choice":"Grow","floor":11.0,"gold_loss":0.0,"damage_taken":0.0,"cards_upgraded":["Feel No Pain"]}],"is_beta":false,"boss_relics":[],"items_purged_floors":[10],"is_endless":false,"potions_floor_spawned":[5],"killed_by":"Slime Boss","ascension_level":20}