{"gold_per_floor":[117,129,129,139,139,139,189,220,220,0,34,49,49,83,83,162,162,177,177,193,211,61,61,81,81,81,99,99,149,149,177,177,249,299,318,333,44,60,76,103,103,121,121,121],"floor_reached":44,"playtime":28085,"items_purged":[],"score":1031,"play_id":"c470eddc-07cd-4892-96bf-2b77381bf356","local_time":"20190412211801","is_ascension_mode":true,"campfire_choices":[{"data":"Bash","floor":6,"key":"SMITH"},{"floor":13,"key":"REST"},{"data":"Disarm","floor":15,"key":"SMITH"},{"floor":23,"key":"RECALL"},{"floor":25,"key":"REST"},{"floor":28,"key":"REST"},{"floor":30,"key":"REST"},{"floor":32,"key":"REST"},{"floor":41,"key":"REST"}],"neow_cost":"NONE","seed_source_timestamp":69221421841100,"circlet_count":0,"master_deck":["AscendersBane","Strike_R","Strike_R","Strike_R","Defend_R","Defend_R","Defend_R","Defend_R","Bash+1","Feel No Pain","Armaments+1","Metallicize","Shockwave","Disarm+1","Reaper","Shrug It Off","Anger+1","Double Tap","Metallicize","Pommel Strike","Body Slam+1","Clothesline","Shrug It Off","Infernal Blade+1","True Grit+1","Offering","Pummel+1","Disarm","Barricade","Exhume"],"relics":["Burning Blood","Kunai","Pen Nib","Membership Card","PreservedInsect","Potion Belt","Fusion Hammer","Anchor","Dream Catcher","Pear","Orichalcum","Tiny House","Oddly Smooth Stone","Singing Bowl","Peace Pipe"],"potions_floor_usage":[2,8,11,24,31,33,33,33,38,42,44],"damage_taken":[{"damage":7,"enemies":"Cultist","floor":1,"turns":4},{"damage":0,"enemies":"Jaw Worm","floor":2,"turns":3},{"damage":5,"enemies":"2 Louse","floor":4,"turns":4},{"damage":36,"enemies":"Gremlin Nob","floor":8,"turns":5},{"damage":21,"enemies":"Lagavulin","floor":11,"turns":9},{"damage":1,"enemies":"Red Slaver","floor":12,"turns":6},{"damage":22,"enemies":"Gremlin Nob","floor":14,"turns":4},{"damage":21,"enemies":"The Guardian","floor":16,"turns":15},{"damage":15,"enemies":"3 Byrds","floor":18,"turns":8},{"damage":9,"enemies":"Chosen","floor":20,"turns":9},{"damage":9,"enemies":"Centurion and Healer","floor":21,"turns":8},{"damage":47,"enemies":"Chosen and Byrds","floor":24,"turns":10},{"damage":3,"enemies":"Snecko","floor":27,"turns":8},{"damage":18,"enemies":"Gremlin Leader","floor":31,"turns":8},{"damage":69,"enemies":"Automaton","floor":33,"turns":17},{"damage":23,"enemies":"3 Darklings","floor":35,"turns":7},{"damage":6,"enemies":"3 Shapes","floor":36,"turns":12},{"damage":16,"enemies":"Maw","floor":38,"turns":9},{"damage":33,"enemies":"Spire Growth","floor":39,"turns":6},{"damage":62,"enemies":"Nemesis","floor":40,"turns":7},{"damage":38,"enemies":"3 Darklings","floor":42,"turns":8},{"damage":35,"enemies":"Giant Head","floor":44,"turns":7}],"seed_played":"2918705668782928546","potions_obtained":[{"floor":1,"key":"Fire Potion"},{"floor":4,"key":"Weak Potion"},{"floor":8,"key":"Ancient Potion"},{"floor":16,"key":"Energy Potion"},{"floor":20,"key":"Swift Potion"},{"floor":24,"key":"SpeedPotion"},{"floor":31,"key":"Energy Potion"},{"floor":34,"key":"GamblersBrew"},{"floor":38,"key":"Dexterity Potion"},{"floor":39,"key":"SpeedPotion"},{"floor":40,"key":"EssenceOfSteel"}],"is_trial":false,"path_per_floor":["M","M","?","M","?","R","?","E","T","$","E","M","R","E","R","B",null,"M","?","M","M","$","R","M","R","T","M","R","?","R","E","R","B",null,"M","M","$","M","M","E","R","M","T","E"],"character_chosen":"IRONCLAD","items_purchased":["Membership Card","Dexterity Potion","Dream Catcher","Metallicize","Oddly Smooth Stone","Singing Bowl","Barricade"],"campfire_rested":6,"item_purchase_floors":[10,22,22,22,37,37,37],"current_hp_per_floor":[67,73,73,74,67,67,67,37,37,37,22,27,49,33,33,18,61,58,58,60,71,71,71,34,56,66,76,85,85,85,73,85,28,76,90,90,90,89,64,8,38,20,20,0],"gold":121,"neow_bonus":"REMOVE_CARD","is_prod":false,"is_daily":false,"chose_seed":false,"campfire_upgraded":2,"win_rate":0,"timestamp":1555118281,"path_taken":["M","?","?","M","?","R","?","E","T","$","E","?","R","E","R","BOSS","M","?","M","M","?","R","M","R","T","M","R","?","R","E","R","BOSS","M","M","$","M","?","E","R","M","T","E"],"build_version":"2019-01-23","purchased_purges":0,"victory":false,"max_hp_per_floor":[75,75,75,75,75,75,75,75,75,75,75,75,75,75,75,75,75,75,75,75,75,75,75,75,75,85,85,85,85,85,85,85,85,90,90,90,90,92,94,94,96,98,98,98],"card_choices":[{"not_picked":["Heavy Blade","Thunderclap"],"picked":"Feel No Pain","floor":1},{"not_picked":["Fire Breathing","Dual Wield"],"picked":"Armaments","floor":2},{"not_picked":["Havoc","Shrug It Off"],"picked":"Metallicize","floor":4},{"not_picked":["Infernal Blade","Brutality"],"picked":"Wild Strike","floor":8},{"not_picked":["Flex","Rupture","Body Slam"],"picked":"SKIP","floor":11},{"not_picked":["Cleave","Flex"],"picked":"Shockwave","floor":12},{"not_picked":["Havoc","Demon Form"],"picked":"Disarm","floor":14},{"not_picked":["Bludgeon","Fiend Fire"],"picked":"Reaper","floor":16},{"not_picked":["True Grit","Heavy Blade"],"picked":"Shrug It Off","floor":18},{"not_picked":["Headbutt+1","Armaments"],"picked":"Anger","floor":20},{"not_picked":["Pommel Strike","Flex"],"picked":"Double Tap","floor":21},{"not_picked":["Anger","Armaments","Pummel"],"picked":"SKIP","floor":24},{"not_picked":["Whirlwind","Armaments"],"picked":"Pommel Strike","floor":25},{"not_picked":["Fire Breathing+1","Intimidate"],"picked":"Body Slam+1","floor":27},{"not_picked":["Cleave","Fire Breathing"],"picked":"Clothesline","floor":28},{"not_picked":["Hemokinesis+1","Impervious"],"picked":"Shrug It Off","floor":30},{"not_picked":["Sentinel","Rupture"],"picked":"Infernal Blade+1","floor":31},{"not_picked":["Iron Wave","Perfected Strike"],"picked":"True Grit+1","floor":32},{"not_picked":["Barricade","Juggernaut"],"picked":"Offering","floor":33},{"not_picked":["Heavy Blade","Perfected Strike"],"picked":"Pummel+1","floor":34},{"not_picked":["Uppercut","Twin Strike"],"picked":"Disarm","floor":35},{"not_picked":["Armaments","Clash","Pommel Strike"],"picked":"SKIP","floor":36},{"not_picked":["Pummel","Body Slam","Heavy Blade"],"picked":"Singing Bowl","floor":38},{"not_picked":["Barricade","Havoc","Rage"],"picked":"Singing Bowl","floor":39},{"not_picked":["Heavy Blade","Body Slam"],"picked":"Exhume","floor":40},{"not_picked":["Sentinel","Havoc+1","Heavy Blade"],"picked":"Singing Bowl","floor":41},{"not_picked":["Iron Wave","Flex","Pummel+1"],"picked":"Singing Bowl","floor":42}],"player_experience":1797379,"relics_obtained":[{"floor":8,"key":"Kunai"},{"floor":9,"key":"Pen Nib"},{"floor":11,"key":"PreservedInsect"},{"floor":14,"key":"Potion Belt"},{"floor":26,"key":"Pear"},{"floor":31,"key":"Orichalcum"},{"floor":40,"key":"Peace Pipe"}],"event_choices":[{"damage_healed":0,"gold_gain":0,"player_choice":"Grow","damage_taken":0,"max_hp_gain":0,"max_hp_loss":0,"event_name":"Living Wall","floor":3,"gold_loss":0,"cards_upgraded":["Armaments"]},{"cards_removed":["Strike_R"],"damage_healed":0,"gold_gain":0,"player_choice":"Card Removal","damage_taken":7,"max_hp_gain":0,"max_hp_loss":0,"event_name":"Golden Wing","floor":5,"gold_loss":0},{"damage_healed":0,"gold_gain":50,"player_choice":"Pray","damage_taken":0,"max_hp_gain":0,"max_hp_loss":0,"event_name":"Golden Shrine","floor":7,"gold_loss":0},{"cards_removed":["Wild Strike"],"damage_healed":0,"gold_gain":0,"player_choice":"Gave Card","damage_taken":0,"relics_obtained":["Anchor"],"max_hp_gain":0,"max_hp_loss":0,"event_name":"WeMeetAgain","floor":19,"gold_loss":0},{"damage_healed":0,"gold_gain":50,"player_choice":"Pray","damage_taken":0,"max_hp_gain":0,"max_hp_loss":0,"event_name":"Golden Shrine","floor":29,"gold_loss":0}],"is_beta":false,"boss_relics":[{"not_picked":["Black Star","Calling Bell"],"picked":"Fusion Hammer"},{"not_picked":["Philosopher\u0027s Stone","Lizard Tail"],"picked":"Tiny House"}],"items_purged_floors":[],"is_endless":false,"potions_floor_spawned":[1,4,8,16,20,24,31,38,39,40],"killed_by":"Giant Head","ascension_level":20}