{"gold_per_floor":[119,119,133,208,43,43,74,74,98,128,128,138,138,170,170,170],"floor_reached":16,"playtime":588,"items_purged":[],"score":275,"play_id":"246e8ac1-72ee-4975-99e9-c502eacb1664","local_time":"20190322235318","is_ascension_mode":true,"campfire_choices":[{"data":"Envenom","floor":6,"key":"SMITH"},{"data":"Neutralize","floor":8,"key":"SMITH"},{"floor":13,"key":"REST"},{"data":"Leg Sweep","floor":15,"key":"SMITH"}],"neow_cost":"NONE","seed_source_timestamp":512307239239781,"circlet_count":0,"master_deck":["AscendersBane","Defend_G","Defend_G","Defend_G","Defend_G","Defend_G","Strike_G","Strike_G","Strike_G","Strike_G+1","Strike_G+1","Survivor","Neutralize+1","Dagger Throw","Envenom+1","Backflip","Leg Sweep+1","Calculated Gamble","Heel Hook"],"relics":["Ring of the Snake","NeowsBlessing","Strawberry","Bronze Scales","Bag of Preparation","Vajra","Snake Skull","Whetstone"],"potions_floor_usage":[4,10,16],"damage_taken":[{"damage":0,"enemies":"2 Louse","floor":1,"turns":2},{"damage":0,"enemies":"Cultist","floor":3,"turns":1},{"damage":0,"enemies":"3 Sentries","floor":7,"turns":2},{"damage":35,"enemies":"Gremlin Nob","floor":10,"turns":5},{"damage":0,"enemies":"Jaw Worm","floor":12,"turns":3},{"damage":17,"enemies":"3 Sentries","floor":14,"turns":7},{"damage":18,"enemies":"Slime Boss","floor":16,"turns":8}],"seed_played":"907181878588189972","potions_obtained":[{"floor":1,"key":"Fruit Juice"},{"floor":3,"key":"EssenceOfSteel"},{"floor":14,"key":"GhostInAJar"}],"is_trial":false,"path_per_floor":["M","?","M","?","$","R","E","R","T","E","?","M","R","E","R","B"],"character_chosen":"THE_SILENT","items_purchased":["Strawberry"],"campfire_rested":1,"item_purchase_floors":[5],"current_hp_per_floor":[59,59,59,53,60,60,60,60,60,25,7,7,30,13,13,0],"gold":170,"neow_bonus":"THREE_ENEMY_KILL","is_prod":false,"is_daily":false,"chose_seed":false,"campfire_upgraded":3,"win_rate":0,"timestamp":1553313198,"path_taken":["M","?","?","?","$","R","E","R","T","E","?","M","R","E","R","BOSS"],"build_version":"2019-01-23","purchased_purges":0,"victory":false,"max_hp_per_floor":[66,66,66,71,78,78,78,78,78,78,78,78,78,78,78,78],"card_choices":[{"not_picked":["Flechettes","Outmaneuver"],"picked":"Dagger Throw","floor":1},{"not_picked":["Deflect","Underhanded Strike"],"picked":"Backflip","floor":3},{"not_picked":["Flying Knee","Deflect","Dagger Throw"],"picked":"SKIP","floor":7},{"not_picked":["All Out Attack","Acrobatics"],"picked":"Leg Sweep","floor":10},{"not_picked":["Prepared","Blade Dance"],"picked":"Calculated Gamble","floor":12},{"not_picked":["Quick Slash","Masterful Stab"],"picked":"Heel Hook","floor":14}],"player_experience":1353940,"relics_obtained":[{"floor":7,"key":"Bronze Scales"},{"floor":9,"key":"Bag of Preparation"},{"floor":10,"key":"Vajra"},{"floor":14,"key":"Whetstone"}],"event_choices":[{"damage_healed":0,"gold_gain":0,"player_choice":"1 cards matched","damage_taken":0,"max_hp_gain":0,"max_hp_loss":0,"event_name":"Match and Keep!","floor":2,"gold_loss":0,"cards_obtained":["Envenom"]},{"damage_healed":0,"gold_gain":75,"player_choice":"Gather Gold","damage_taken":11,"max_hp_gain":0,"max_hp_loss":0,"event_name":"World of Goop","floor":4,"gold_loss":0},{"damage_healed":0,"gold_gain":0,"player_choice":"Success","damage_taken":18,"relics_obtained":["Snake Skull"],"max_hp_gain":0,"max_hp_loss":0,"event_name":"Scrap Ooze","floor":11,"gold_loss":0}],"is_beta":false,"boss_relics":[],"items_purged_floors":[],"is_endless":false,"potions_floor_spawned":[1,3,14],"killed_by":"Slime Boss","ascension_level":19}