{"gold_per_floor":[114,23,35,49,59,85,85,117,117,149,149,159,159,187,187,264,264,283,293,218,268,283,283,313,313,313,348,361,381,381,21,21,95,95,111,111,1110,1158,1158,1193,1193,1225,1252,1252,1267,1278,601,618,618,618,618,618,110,140,140],"floor_reached":56,"playtime":3495,"items_purged":["Normality","Regret","Normality","Normality"],"score":2253,"play_id":"ff9d2b36-8c81-472a-883b-d9b4389d2a68","local_time":"20190320222222","is_ascension_mode":true,"campfire_choices":[{"floor":7,"key":"REST"},{"data":"Crippling Poison","floor":15,"key":"SMITH"},{"floor":23,"key":"REST"},{"data":"Catalyst","floor":25,"key":"SMITH"},{"data":"Footwork","floor":30,"key":"SMITH"},{"data":"Neutralize","floor":32,"key":"SMITH"},{"data":"Well Laid Plans","floor":41,"key":"SMITH"},{"floor":44,"key":"RECALL"},{"data":"Deadly Poison","floor":49,"key":"SMITH"},{"data":"Burst","floor":52,"key":"SMITH"}],"neow_cost":"NONE","seed_source_timestamp":642162809914191,"circlet_count":0,"master_deck":["AscendersBane","Defend_G","Defend_G","Defend_G","Defend_G","Defend_G","Strike_G","Strike_G","Strike_G","Strike_G","Survivor","Neutralize+1","Footwork+1","Dagger Spray","Deadly Poison+1","Dagger Throw","Poisoned Stab","Well Laid Plans+1","Crippling Poison+1","Catalyst+1","Envenom","Shame","Acrobatics+1","Prepared","Blur+1","PiercingWail","Cloak And Dagger+1","Dodge and Roll","Leg Sweep","Burst+1","Acrobatics","Master of Strategy","Burst","Blur","Footwork","Acrobatics","Adrenaline","Transmutation","Coolheaded"],"relics":["Ring of the Snake","Dream Catcher","Meat on the Bone","Bottled Lightning","Paper Crane","Kunai","Pantograph","Ninja Scroll","Calling Bell","Tough Bandages","Matryoshka","Centennial Puzzle","Blood Vial","Mercury Hourglass","Gremlin Horn","Dodecahedron","TwistedFunnel","HoveringKite","Du-Vu Doll","Smiling Mask","Mummified Hand","Bottled Tornado","PrismaticShard","Letter Opener","Chemical X","Blue Candle"],"potions_floor_usage":[5,8,22,24,27,29,33,55,55],"damage_taken":[{"damage":3,"enemies":"2 Louse","floor":1,"turns":4},{"damage":0,"enemies":"Cultist","floor":3,"turns":4},{"damage":0,"enemies":"Small Slimes","floor":4,"turns":3},{"damage":14,"enemies":"Gremlin Gang","floor":5,"turns":3},{"damage":26,"enemies":"Lagavulin","floor":6,"turns":8},{"damage":11,"enemies":"Gremlin Nob","floor":8,"turns":4},{"damage":17,"enemies":"3 Sentries","floor":10,"turns":9},{"damage":3,"enemies":"Red Slaver","floor":12,"turns":3},{"damage":20,"enemies":"Gremlin Nob","floor":14,"turns":4},{"damage":18,"enemies":"Hexaghost","floor":16,"turns":9},{"damage":17,"enemies":"Spheric Guardian","floor":18,"turns":5},{"damage":0,"enemies":"3 Byrds","floor":19,"turns":3},{"damage":26,"enemies":"Centurion and Healer","floor":22,"turns":9},{"damage":16,"enemies":"Slavers","floor":24,"turns":6},{"damage":24,"enemies":"Book of Stabbing","floor":27,"turns":8},{"damage":0,"enemies":"Snake Plant","floor":28,"turns":4},{"damage":0,"enemies":"3 Cultists","floor":29,"turns":4},{"damage":3,"enemies":"Champ","floor":33,"turns":9},{"damage":0,"enemies":"3 Shapes","floor":35,"turns":3},{"damage":0,"enemies":"2 Orb Walkers","floor":38,"turns":5},{"damage":0,"enemies":"Nemesis","floor":40,"turns":6},{"damage":2,"enemies":"Giant Head","floor":42,"turns":9},{"damage":0,"enemies":"Orb Walker","floor":45,"turns":3},{"damage":9,"enemies":"Writhing Mass","floor":46,"turns":4},{"damage":0,"enemies":"4 Shapes","floor":48,"turns":2},{"damage":10,"enemies":"Time Eater","floor":50,"turns":7},{"damage":0,"enemies":"Shield and Spear","floor":54,"turns":7},{"damage":1,"enemies":"The Heart","floor":55,"turns":7}],"seed_played":"-8048977591885022397","potions_obtained":[{"floor":3,"key":"SkillPotion"},{"floor":6,"key":"Energy Potion"},{"floor":14,"key":"LiquidBronze"},{"floor":16,"key":"FearPotion"},{"floor":22,"key":"Swift Potion"},{"floor":27,"key":"Fire Potion"},{"floor":28,"key":"AttackPotion"},{"floor":29,"key":"PowerPotion"},{"floor":35,"key":"Weak Potion"}],"is_trial":false,"path_per_floor":["M","$","M","M","M","E","R","E","T","E","?","M","T","E","R","B",null,"M","M","$","?","M","R","E","R","T","E","M","M","R","$","R","B",null,"M","?","?","?","?","E","R","E","T","R","M","M","$","M","R","B",null,"R","$","E","B",null],"character_chosen":"THE_SILENT","items_purchased":["Dagger Spray","Deadly Poison","Leg Sweep","TwistedFunnel","PrismaticShard","Letter Opener","Footwork","Acrobatics","Dexterity Potion","Adrenaline","Transmutation","Chemical X"],"campfire_rested":2,"item_purchase_floors":[2,2,31,31,47,47,47,47,47,53,53,53],"current_hp_per_floor":[56,56,56,56,42,16,35,36,36,31,31,40,40,32,32,39,59,42,42,42,42,28,47,43,43,43,33,35,37,37,37,37,61,65,66,56,56,58,58,60,60,60,60,60,62,55,55,57,57,56,64,64,64,66,65],"gold":140,"neow_bonus":"RANDOM_COMMON_RELIC","is_prod":false,"is_daily":false,"chose_seed":false,"campfire_upgraded":7,"win_rate":0,"timestamp":1553134942,"path_taken":["M","$","M","M","M","E","R","E","T","E","?","?","?","E","R","BOSS","M","?","$","?","?","R","E","R","T","E","?","M","R","?","R","BOSS","M","?","?","?","?","E","R","E","T","R","M","M","$","M","R","BOSS","R","$","E","BOSS"],"build_version":"2019-03-15","purchased_purges":4,"victory":true,"max_hp_per_floor":[66,66,66,66,66,66,66,66,66,66,66,66,66,66,66,66,66,66,66,66,66,66,66,66,66,66,66,66,66,66,66,66,66,66,66,66,66,66,66,66,66,66,66,66,66,66,66,66,66,66,66,66,66,66,66],"card_choices":[{"not_picked":["Blade Dance","Bane"],"picked":"Footwork","floor":1},{"not_picked":["PiercingWail","Terror"],"picked":"Dagger Throw","floor":3},{"not_picked":["Dagger Spray","Quick Slash"],"picked":"Poisoned Stab","floor":4},{"not_picked":["Sucker Punch","Footwork"],"picked":"Well Laid Plans","floor":5},{"not_picked":["Deflect","Tactician","Flying Knee"],"picked":"SKIP","floor":6},{"not_picked":["Prepared","Burst"],"picked":"Crippling Poison","floor":7},{"not_picked":["Blade Dance","Poisoned Stab","Doppelganger"],"picked":"SKIP","floor":8},{"not_picked":["Slice","Doppelganger","Setup"],"picked":"SKIP","floor":10},{"not_picked":["Blade Dance","Terror"],"picked":"Catalyst","floor":12},{"not_picked":["Cloak And Dagger","Finisher","Bane"],"picked":"SKIP","floor":14},{"not_picked":["Phantasmal Killer","Bullet Time"],"picked":"Envenom","floor":16},{"not_picked":["Deadly Poison","Backstab+1"],"picked":"Acrobatics+1","floor":18},{"not_picked":["Blade Dance","Reflex","Dash"],"picked":"SKIP","floor":19},{"not_picked":["Deflect","Sucker Punch"],"picked":"Prepared","floor":22},{"not_picked":["Finisher","Cloak And Dagger"],"picked":"Blur+1","floor":23},{"not_picked":["Blade Dance","Blur"],"picked":"PiercingWail","floor":24},{"not_picked":["PiercingWail","Doppelganger"],"picked":"Cloak And Dagger+1","floor":27},{"not_picked":["Masterful Stab+1","Outmaneuver"],"picked":"Dodge and Roll","floor":28},{"not_picked":["Bane","Blade Dance","Backstab"],"picked":"SKIP","floor":29},{"not_picked":["Unload","Doppelganger"],"picked":"Burst","floor":33},{"not_picked":["Bouncing Flask","Dagger Spray+1"],"picked":"Acrobatics","floor":35},{"not_picked":["Flash of Steel","Secret Weapon"],"picked":"Master of Strategy","floor":36},{"not_picked":["Prepared","Reflex","Skewer"],"picked":"SKIP","floor":40},{"not_picked":["Prepared","Reflex","Skewer"],"picked":"SKIP","floor":40},{"not_picked":["Deadly Poison","Sucker Punch"],"picked":"Burst","floor":42},{"not_picked":["Dodge and Roll","Well Laid Plans+1"],"picked":"Blur","floor":45},{"not_picked":["Quick Slash","Outmaneuver","Blade Dance"],"picked":"SKIP","floor":46},{"not_picked":["Poisoned Stab","Pommel Strike","Wild Strike"],"picked":"SKIP","floor":48},{"not_picked":["Flying Knee+1","Aggregate"],"picked":"Coolheaded","floor":54}],"player_experience":2239273,"relics_obtained":[{"floor":6,"key":"Meat on the Bone"},{"floor":8,"key":"Bottled Lightning"},{"floor":9,"key":"Paper Crane"},{"floor":10,"key":"Kunai"},{"floor":13,"key":"Pantograph"},{"floor":14,"key":"Ninja Scroll"},{"floor":17,"key":"Tough Bandages"},{"floor":17,"key":"Matryoshka"},{"floor":17,"key":"Centennial Puzzle"},{"floor":24,"key":"Blood Vial"},{"floor":26,"key":"Mercury Hourglass"},{"floor":26,"key":"Gremlin Horn"},{"floor":27,"key":"Dodecahedron"},{"floor":38,"key":"Du-Vu Doll"},{"floor":40,"key":"Smiling Mask"},{"floor":42,"key":"Mummified Hand"},{"floor":43,"key":"Bottled Tornado"},{"floor":54,"key":"Blue Candle"}],"event_choices":[{"cards_removed":["Strike_G"],"damage_healed":0,"gold_gain":0,"player_choice":"Offered Basic","damage_taken":0,"max_hp_gain":0,"max_hp_loss":0,"event_name":"Bonfire Elementals","floor":11,"gold_loss":0},{"damage_healed":0,"gold_gain":50,"player_choice":"Pray","damage_taken":0,"max_hp_gain":0,"max_hp_loss":0,"event_name":"Golden Shrine","floor":21,"gold_loss":0},{"damage_healed":0,"gold_gain":0,"player_choice":"Memory 3","damage_taken":10,"max_hp_gain":0,"max_hp_loss":0,"event_name":"SensoryStone","floor":36,"gold_loss":0},{"damage_healed":0,"gold_gain":999,"player_choice":"Gold","damage_taken":0,"max_hp_gain":0,"max_hp_loss":0,"event_name":"MindBloom","floor":37,"gold_loss":0,"cards_obtained":["Normality","Normality"]},{"damage_healed":0,"gold_gain":0,"player_choice":"Fight","damage_taken":0,"max_hp_gain":0,"max_hp_loss":0,"event_name":"Mysterious Sphere","floor":38,"gold_loss":0},{"damage_healed":0,"gold_gain":0,"player_choice":"Ignored","damage_taken":0,"max_hp_gain":0,"max_hp_loss":0,"event_name":"Tomb of Lord Red Mask","floor":39,"gold_loss":0}],"is_beta":true,"boss_relics":[{"not_picked":["Lizard Tail","Pandora\u0027s Box"],"picked":"Calling Bell"},{"not_picked":["Busted Crown","Runic Dome"],"picked":"HoveringKite"}],"items_purged_floors":[20,31,47,53],"is_endless":false,"potions_floor_spawned":[3,6,14,16,22,27,28,29,35,42,45,48,54],"ascension_level":15}