{"path_per_floor":["M","M","M","?","M","R","E","M","T","M","R","E","$","E","R","B",null,"M","M","M","?","?","R","?","M","T","M","E","?"],"character_chosen":"IRONCLAD","items_purchased":["Frozen Egg 2"],"gold_per_floor":[116,126,143,143,163,163,190,205,229,249,249,275,24,53,53,124,124,137,156,170,85,85,85,85,104,104,117,152,152,152],"floor_reached":30,"campfire_rested":0,"playtime":1441,"current_hp_per_floor":[55,56,62,55,51,51,33,38,38,39,39,45,45,28,28,11,54,60,55,45,45,45,45,45,32,32,20,35,35,0],"items_purged":[],"gold":152,"score":545,"play_id":"70c5b372-b8df-4bbe-8ce2-da28dfd4dc26","local_time":"20180413120455","is_prod":false,"is_daily":false,"chose_seed":false,"is_ascension_mode":true,"campfire_upgraded":4,"timestamp":1523635495,"path_taken":["M","M","M","?","M","R","E","M","T","M","R","E","$","E","R","BOSS","M","M","M","?","?","R","?","M","T","M","E","?","E"],"build_version":"2018-04-12","seed_source_timestamp":51210120663897,"purchased_purges":0,"victory":false,"master_deck":["Defend_R","Defend_R","Defend_R","Defend_R+1","Bash+1","AscendersBane","Shockwave+1","Headbutt","Rampage+1","Armaments+1","Thunderclap","Pommel Strike+1","Pommel Strike+1","Barricade+1","Whirlwind+1","Feel No Pain+1","Bite+1","Bite+1","Bite+1","Bite+1","Bite+1","Injury","Spot Weakness+1"],"max_hp_per_floor":[68,68,68,68,68,68,68,68,68,68,68,68,68,68,68,68,68,68,68,68,68,68,68,47,47,47,47,47,47,47],"relics":["Burning Blood","Letter Opener","War Paint","Molten Egg 2","Frozen Egg 2","Juzu Bracelet","Cursed Key","Regal Pillow","Toxic Egg 2","Bag of Preparation"],"card_choices":[{"not_picked":["Body Slam","Thunderclap"],"picked":"Shockwave","floor":1},{"not_picked":["Perfected Strike","Rage"],"picked":"Headbutt","floor":2},{"not_picked":["Headbutt","Seeing Red"],"picked":"Rampage","floor":3},{"not_picked":["Exhume","Rampage"],"picked":"Armaments","floor":7},{"not_picked":["Intimidate","Dropkick"],"picked":"Thunderclap","floor":8},{"not_picked":["Armaments","Rampage"],"picked":"Pommel Strike","floor":10},{"not_picked":["Hemokinesis","Heavy Blade"],"picked":"Pommel Strike","floor":14},{"not_picked":["Limit Break","Juggernaut"],"picked":"Barricade","floor":16},{"not_picked":["Seeing Red","Inflame"],"picked":"Whirlwind","floor":18},{"not_picked":["Flame Barrier","Dual Wield"],"picked":"Feel No Pain","floor":20},{"not_picked":["Cleave","Twin Strike"],"picked":"Spot Weakness","floor":27}],"player_experience":854509,"potions_floor_usage":[10,12,12,19,20,27,28,30],"damage_taken":[{"damage":19,"enemies":"Jaw Worm","floor":1,"turns":6},{"damage":5,"enemies":"2 Louse","floor":2,"turns":3},{"damage":0,"enemies":"Cultist","floor":3,"turns":4},{"damage":10,"enemies":"2 Fungi Beasts","floor":5,"turns":3},{"damage":24,"enemies":"Gremlin Nob","floor":7,"turns":5},{"damage":1,"enemies":"Large Slime","floor":8,"turns":6},{"damage":5,"enemies":"3 Louse","floor":10,"turns":2},{"damage":0,"enemies":"Lagavulin","floor":12,"turns":6},{"damage":23,"enemies":"Gremlin Nob","floor":14,"turns":5},{"damage":23,"enemies":"The Guardian","floor":16,"turns":9},{"damage":0,"enemies":"3 Byrds","floor":18,"turns":5},{"damage":11,"enemies":"Shell Parasite","floor":19,"turns":4},{"damage":16,"enemies":"Centurion and Healer","floor":20,"turns":6},{"damage":31,"enemies":"Snake Plant","floor":25,"turns":5},{"damage":36,"enemies":"Snecko","floor":27,"turns":5},{"damage":15,"enemies":"Gremlin Leader","floor":28,"turns":7},{"damage":41,"enemies":"Book of Stabbing","floor":30,"turns":4}],"event_choices":[{"event_name":"Golden Wing","player_choice":"Card Removal","floor":4,"damage_taken":0},{"event_name":"Addict","player_choice":"Obtained Relic","floor":21,"damage_taken":0},{"event_name":"Back to Basics","player_choice":"Elegance","floor":22,"damage_taken":0},{"event_name":"Vampires","player_choice":"Became a vampire","floor":24,"damage_taken":0},{"event_name":"The Mausoleum","player_choice":"No","floor":29,"damage_taken":0}],"boss_relics":[{"not_picked":["Runic Pyramid","Snecko Eye"],"picked":"Cursed Key"}],"potions_floor_spawned":[1,7,8,14,16,18,27,28],"seed_played":"-2051159340737874193","killed_by":"Book of Stabbing","ascension_level":15,"is_trial":false}