{"path_per_floor":["M","?","M","?","M","E","$","M","T","?","M","E","M","E","R","B",null,"M","$","?","?","M"],"character_chosen":"THE_SILENT","items_purchased":["Bandage Up","Omamori","Flash of Steel","Noxious Fumes","Snake Skull"],"gold_per_floor":[116,191,210,210,221,252,14,0,26,201,216,243,253,282,282,380,380,394,83,83,83,97],"floor_reached":23,"campfire_rested":0,"playtime":2011,"current_hp_per_floor":[70,59,58,40,38,27,27,40,40,40,39,33,42,40,40,27,70,64,64,49,25,33],"items_purged":[],"gold":97,"score":277,"play_id":"7296184d-3b14-41a0-9210-78af53e7d8e3","is_prod":false,"is_daily":false,"is_ascension_mode":true,"campfire_upgraded":1,"path_taken":["M","?","M","?","M","E","$","M","T","?","M","E","?","E","R","BOSS","M","$","?","?","M","E"],"build_version":"2018-02-08-PROD1","purchased_purges":2,"victory":false,"master_deck":["Defend_G","Defend_G","Defend_G","Defend_G","Defend_G","Survivor","Neutralize","Caltrops","Crippling Poison","After Image","Terror","Bandage Up","Dash","Riddle With Holes","Leg Sweep","Blade Dance+1","Storm of Steel","Dagger Spray+1","Flash of Steel","Noxious Fumes","Bite","Bite","Bite","Bite","Bite","Blind","Flash of Steel","PiercingWail+1"],"max_hp_per_floor":[70,70,70,70,70,70,70,70,70,70,70,70,70,70,70,70,70,70,70,49,49,49],"relics":["Ring of the Snake","Meat on the Bone","Darkstone Periapt","Omamori","Blood Vial","Ancient Tea Set","Ornamental Fan","Sozu","Snake Skull"],"card_choices":[{"not_picked":["Eviscerate","Dodge and Roll"],"picked":"Caltrops"},{"not_picked":["Quick Slash","Poisoned Stab"],"picked":"Crippling Poison"},{"not_picked":["Terror","Deadly Poison"],"picked":"After Image"},{"not_picked":["Deflect","Accuracy"],"picked":"Terror"},{"not_picked":["Underhanded Strike","Cloak And Dagger"],"picked":"Dash"},{"not_picked":["PiercingWail","Dagger Spray"],"picked":"Riddle With Holes"},{"not_picked":["Flechettes","Poisoned Stab"],"picked":"Leg Sweep"},{"not_picked":["PiercingWail","Dodge and Roll"],"picked":"Blade Dance"},{"not_picked":["Venomology","Night Terror"],"picked":"Storm of Steel"},{"not_picked":["Poisoned Stab","PiercingWail"],"picked":"Dagger Spray"},{"not_picked":["Dodge and Roll","Concentrate"],"picked":"PiercingWail"}],"player_experience":226244,"potions_floor_usage":[6,6,14],"damage_taken":[{"damage":0,"enemies":"2 Louse","floor":1,"turns":3},{"damage":1,"enemies":"Small Slimes","floor":3,"turns":4},{"damage":2,"enemies":"Cultist","floor":5,"turns":4},{"damage":23,"enemies":"Gremlin Nob","floor":6,"turns":4},{"damage":3,"enemies":"Looter","floor":8,"turns":4},{"damage":19,"enemies":"3 Louse","floor":11,"turns":3},{"damage":24,"enemies":"3 Sentries","floor":12,"turns":10},{"damage":9,"enemies":"Red Slaver","floor":13,"turns":4},{"damage":23,"enemies":"Lagavulin","floor":14,"turns":9},{"damage":31,"enemies":"Hexaghost","floor":16,"turns":11},{"damage":10,"enemies":"3 Byrds","floor":18,"turns":4},{"damage":16,"enemies":"Spheric Guardian","floor":22,"turns":4},{"damage":55,"enemies":"Gremlin Leader","floor":23,"turns":7}],"event_choices":[{"event_name":"World of Goop","player_choice":"Gather Gold","floor":2,"damage_taken":0},{"event_name":"Scrap Ooze","player_choice":"success","floor":4,"damage_taken":18},{"event_name":"Liars Game","player_choice":"agreed","floor":10,"damage_taken":0},{"event_name":"Vampires","player_choice":"Became a vampire","floor":20,"damage_taken":0},{"event_name":"Knowing Skull","player_choice":"CARD CARD ","floor":21,"damage_taken":0}],"boss_relics":[{"not_picked":["White Beast Statue","Orrery"],"picked":"Sozu"}],"potions_floor_spawned":[1,3,12,16,18],"seed_played":"5824086006871969009","killed_by":"Gremlin Leader","ascension_level":4,"is_trial":false}