{"gold_per_floor":[359,374,374,387,405,405,437,437,437,467,11,11,21,171,171,247,247,263,263,9,21,36,36,64,64,64,93,111,129,129,162,162,239,239,251,251,251,296,309,309,323,323,323,323,341,375,375,79,79,79,79],"floor_reached":51,"playtime":2234,"items_purged":["Regret"],"score":1536,"play_id":"bdd5ebe2-4304-4b43-b548-af67a75a4c4b","local_time":"20190508073402","is_ascension_mode":true,"campfire_choices":[{"data":"Infinite Blades","floor":6.0,"key":"SMITH"},{"data":"Neutralize","floor":8.0,"key":"SMITH"},{"floor":15.0,"key":"REST"},{"floor":23.0,"key":"REST"},{"floor":25.0,"key":"REST"},{"floor":32.0,"key":"REST"},{"floor":40.0,"key":"REST"},{"floor":42.0,"key":"RECALL"},{"data":"Malaise","floor":47.0,"key":"SMITH"},{"floor":49.0,"key":"REST"}],"neow_cost":"PERCENT_DAMAGE","seed_source_timestamp":1342890163221517,"circlet_count":0,"master_deck":["AscendersBane","Defend_G","Defend_G","Defend_G","Defend_G","Defend_G","Strike_G","Strike_G","Strike_G","Strike_G","Strike_G","Survivor","Neutralize+1","Infinite Blades+1","Backstab","Backstab","Choke+1","Predator","Doubt","Night Terror","Clumsy","Clumsy","Dagger Throw+1","Writhe","Finisher+1","Footwork","Dagger Spray+1","Footwork","Deflect","Cloak And Dagger","Sucker Punch+1","Malaise+1","Writhe","Secret Technique","Expertise+1","PiercingWail","Pain","Doubt","Caltrops+1","Endless Agony+1","Skewer+1"],"special_seed":0,"relics":["Ring of the Snake","Mercury Hourglass","The Courier","Du-Vu Doll","ClockworkSouvenir","Calling Bell","Ancient Tea Set","Molten Egg 2","Ginger","Ornamental Fan","Orichalcum","Happy Flower","Centennial Puzzle","Gremlin Horn","PreservedInsect","Cursed Key","Ice Cream","Omamori","MealTicket"],"potions_floor_usage":[51],"damage_taken":[{"damage":2.0,"enemies":"2 Louse","floor":1.0,"turns":4.0},{"damage":0.0,"enemies":"Cultist","floor":2.0,"turns":4.0},{"damage":2.0,"enemies":"Small Slimes","floor":4.0,"turns":4.0},{"damage":9.0,"enemies":"3 Louse","floor":5.0,"turns":6.0},{"damage":19.0,"enemies":"Gremlin Nob","floor":7.0,"turns":4.0},{"damage":17.0,"enemies":"Lagavulin","floor":10.0,"turns":4.0},{"damage":3.0,"enemies":"Large Slime","floor":13.0,"turns":4.0},{"damage":18.0,"enemies":"The Guardian","floor":16.0,"turns":10.0},{"damage":11.0,"enemies":"2 Thieves","floor":18.0,"turns":2.0},{"damage":6.0,"enemies":"Spheric Guardian","floor":21.0,"turns":3.0},{"damage":14.0,"enemies":"Snecko","floor":22.0,"turns":3.0},{"damage":25.0,"enemies":"Book of Stabbing","floor":24.0,"turns":4.0},{"damage":15.0,"enemies":"Slavers","floor":27.0,"turns":3.0},{"damage":0.0,"enemies":"3 Cultists","floor":28.0,"turns":2.0},{"damage":0.0,"enemies":"Cultist and Chosen","floor":29.0,"turns":2.0},{"damage":10.0,"enemies":"Book of Stabbing","floor":31.0,"turns":2.0},{"damage":10.0,"enemies":"Automaton","floor":33.0,"turns":4.0},{"damage":26.0,"enemies":"3 Darklings","floor":35.0,"turns":3.0},{"damage":19.0,"enemies":"2 Orb Walkers","floor":38.0,"turns":4.0},{"damage":10.0,"enemies":"Orb Walker","floor":39.0,"turns":2.0},{"damage":0.0,"enemies":"Spire Growth","floor":41.0,"turns":4.0},{"damage":3.0,"enemies":"Maw","floor":45.0,"turns":3.0},{"damage":24.0,"enemies":"Reptomancer","floor":46.0,"turns":4.0},{"damage":38.0,"enemies":"Donu and Deca","floor":50.0,"turns":7.0},{"damage":26,"enemies":"Time Eater","floor":51,"turns":1}],"seed_played":"-2041457903072309864","potions_obtained":[{"floor":4.0,"key":"Explosive Potion"},{"floor":7.0,"key":"Energy Potion"},{"floor":10.0,"key":"FearPotion"},{"floor":13.0,"key":"Fire Potion"},{"floor":16.0,"key":"Explosive Potion"},{"floor":18.0,"key":"SteroidPotion"},{"floor":21.0,"key":"Energy Potion"},{"floor":28.0,"key":"AttackPotion"},{"floor":35.0,"key":"Dexterity Potion"},{"floor":45.0,"key":"Dexterity Potion"}],"is_trial":false,"path_per_floor":["M","M","?","M","M","R","E","R","T","E","$","?","M","?","R","B",null,"M","?","$","M","M","R","E","R","T","E","M","M","?","E","R","B",null,"M","?","?","?","M","R","M","R","T","?","M","E","R","$","R","B","B"],"character_chosen":"THE_SILENT","items_purchased":["Du-Vu Doll","ClockworkSouvenir","Finisher+1","Orichalcum","MealTicket","Skewer+1","GamblersBrew"],"campfire_rested":6,"item_purchase_floors":[11,11,20,20,48,48,48],"current_hp_per_floor":[42,42,66,64,55,55,36,36,36,19,19,19,16,16,35,17,54,43,43,43,37,23,42,17,36,36,21,21,21,34,24,43,33,58,32,45,45,26,16,35,35,35,35,66,63,39,39,39,58,20,0],"gold":79,"neow_bonus":"TWO_FIFTY_GOLD","is_prod":false,"is_daily":false,"chose_seed":false,"campfire_upgraded":3,"win_rate":0,"timestamp":1557315242,"path_taken":["M","M","?","?","M","R","E","R","T","E","$","?","M","?","R","BOSS","M","?","$","M","M","R","E","R","T","E","M","M","?","E","R","BOSS","M","?","?","?","M","R","M","R","T","?","?","E","R","$","R","BOSS","BOSS"],"build_version":"2019-01-23","purchased_purges":1,"victory":false,"max_hp_per_floor":[66,66,66,66,66,66,66,66,66,66,66,66,66,66,66,66,66,66,66,66,66,66,66,66,66,66,66,66,66,66,66,66,66,66,66,66,66,66,66,66,66,66,66,66,66,66,66,66,66,66,66],"card_choices":[{"not_picked":["Dodge and Roll","Quick Slash"],"picked":"Infinite Blades","floor":1.0},{"not_picked":["Blade Dance","Tactician"],"picked":"All Out Attack","floor":2.0},{"not_picked":["Prepared","Slice"],"picked":"Backstab","floor":4.0},{"not_picked":["Deadly Poison","Bane"],"picked":"Backstab","floor":5.0},{"not_picked":["All Out Attack","Phantasmal Killer"],"picked":"Choke","floor":7.0},{"not_picked":["Outmaneuver","Poisoned Stab"],"picked":"Predator","floor":10.0},{"not_picked":["Calculated Gamble","Bane","Sucker Punch"],"picked":"SKIP","floor":13.0},{"not_picked":["Unload","Envenom"],"picked":"Night Terror","floor":16.0},{"not_picked":["Quick Slash+1","Dodge and Roll"],"picked":"Dagger Throw+1","floor":18.0},{"not_picked":["Predator+1","Setup"],"picked":"Footwork","floor":21.0},{"not_picked":["Dash+1","Expertise"],"picked":"Dagger Spray+1","floor":22.0},{"not_picked":["Poisoned Stab+1","Quick Slash+1"],"picked":"Footwork","floor":24.0},{"not_picked":["Setup","A Thousand Cuts"],"picked":"Deflect","floor":27.0},{"not_picked":["Deflect","Calculated Gamble"],"picked":"Cloak And Dagger","floor":28.0},{"not_picked":["Slice+1","Prepared","Bouncing Flask"],"picked":"SKIP","floor":29.0},{"not_picked":["Crippling Poison","Deadly Poison"],"picked":"Sucker Punch+1","floor":31.0},{"not_picked":["Night Terror","After Image"],"picked":"Malaise","floor":33.0},{"not_picked":["Acrobatics","Underhanded Strike+1","Prepared"],"picked":"SKIP","floor":35.0},{"not_picked":["Trip","Enlightenment"],"picked":"Secret Technique","floor":37.0},{"not_picked":["Flying Knee+1","Dagger Throw+1"],"picked":"Expertise+1","floor":38.0},{"not_picked":["Quick Slash+1","Bouncing Flask"],"picked":"PiercingWail","floor":39.0},{"not_picked":["Prepared","Quick Slash+1","Flying Knee+1"],"picked":"SKIP","floor":41.0},{"not_picked":["Distraction","Blade Dance"],"picked":"Caltrops+1","floor":45.0},{"not_picked":["Bane+1","Backstab+1"],"picked":"Endless Agony+1","floor":46.0}],"player_experience":2458926,"relics_obtained":[{"floor":9.0,"key":"Mercury Hourglass"},{"floor":10.0,"key":"The Courier"},{"floor":17.0,"key":"Ancient Tea Set"},{"floor":17.0,"key":"Molten Egg 2"},{"floor":17.0,"key":"Ginger"},{"floor":24.0,"key":"Happy Flower"},{"floor":26.0,"key":"Centennial Puzzle"},{"floor":27.0,"key":"Gremlin Horn"},{"floor":31.0,"key":"PreservedInsect"},{"floor":38.0,"key":"Ice Cream"},{"floor":46.0,"key":"Omamori"}],"event_choices":[{"cards_removed":["All Out Attack"],"damage_healed":24.0,"max_hp_gain":0.0,"max_hp_loss":0.0,"gold_gain":0.0,"event_name":"Bonfire Elementals","player_choice":"Offered Uncommon","floor":3.0,"gold_loss":0.0,"damage_taken":0.0},{"damage_healed":0.0,"max_hp_gain":0.0,"max_hp_loss":0.0,"gold_gain":0.0,"event_name":"Living Wall","player_choice":"Grow","floor":12.0,"gold_loss":0.0,"damage_taken":0.0,"cards_upgraded":["Choke"]},{"damage_healed":0.0,"max_hp_gain":0.0,"max_hp_loss":0.0,"gold_gain":150.0,"event_name":"Liars Game","player_choice":"AGREE","floor":14.0,"gold_loss":0.0,"damage_taken":0.0,"cards_obtained":["Doubt"]},{"damage_healed":0.0,"max_hp_gain":0.0,"max_hp_loss":0.0,"gold_gain":0.0,"event_name":"The Mausoleum","player_choice":"Opened","floor":19.0,"gold_loss":0.0,"damage_taken":0.0,"relics_obtained":["Ornamental Fan"],"cards_obtained":["Writhe"]},{"damage_healed":13.0,"max_hp_gain":0.0,"max_hp_loss":0.0,"gold_gain":0.0,"event_name":"The Library","player_choice":"Heal","floor":30.0,"gold_loss":0.0,"damage_taken":0.0},{"damage_healed":13.0,"max_hp_gain":0.0,"max_hp_loss":0.0,"gold_gain":0.0,"event_name":"Winding Halls","player_choice":"Writhe","floor":36.0,"gold_loss":0.0,"damage_taken":0.0,"cards_obtained":["Writhe"]},{"damage_healed":0.0,"max_hp_gain":0.0,"max_hp_loss":0.0,"gold_gain":0.0,"event_name":"SensoryStone","player_choice":"Memory 1","floor":37.0,"gold_loss":0.0,"damage_taken":0.0},{"damage_healed":0.0,"max_hp_gain":0.0,"max_hp_loss":0.0,"gold_gain":0.0,"event_name":"Mysterious Sphere","player_choice":"Fight","floor":38.0,"gold_loss":0.0,"damage_taken":0.0},{"damage_healed":31.0,"max_hp_gain":0.0,"max_hp_loss":0.0,"gold_gain":0.0,"event_name":"MindBloom","player_choice":"Heal","floor":44.0,"gold_loss":0.0,"damage_taken":0.0,"cards_obtained":["Doubt"]}],"is_beta":false,"boss_relics":[{"not_picked":["Lizard Tail","Velvet Choker"],"picked":"Calling Bell"},{"not_picked":["Fusion Hammer","Ring of the Serpent"],"picked":"Cursed Key"}],"items_purged_floors":[20],"is_endless":false,"potions_floor_spawned":[4,7,10,13,16,18,21,28,29,35,45],"killed_by":"Time Eater","ascension_level":20}