{"gold_per_floor":[110,126,144,11,31,31,58,77,77,77,107,29,49,49,49,121,121,140,0,20,20,20,20,33,52,121,121,121,132,132,48,48,48],"floor_reached":33,"playtime":882,"items_purged":["Strike_B"],"score":494,"play_id":"fee1bae0-fd1b-4b9a-b914-f283d672e0ee","local_time":"20181016171344","is_ascension_mode":true,"campfire_choices":[{"data":"Zap","floor":6,"key":"SMITH"},{"data":"Loop","floor":10,"key":"SMITH"},{"floor":15,"key":"REST"},{"floor":23,"key":"REST"},{"data":"Sunder","floor":27,"key":"SMITH"},{"data":"Thunder Strike","floor":30,"key":"SMITH"},{"data":"Dualcast","floor":32,"key":"SMITH"}],"neow_cost":"NONE","seed_source_timestamp":196349807858697,"circlet_count":0,"master_deck":["Defend_B","Defend_B","Defend_B","Defend_B","Zap+1","Dualcast+1","AscendersBane","All For One","Go for the Eyes","Loop+1","Streamline","Leap","Cold Snap","Conserve Battery","Go for the Eyes","Ball Lightning","Sunder+1","BootSequence","Electrodynamics","Glacier","Thunder Strike+1","Compile Driver","Bite","Bite","Bite","Bite","Bite","Ball Lightning","FTL"],"relics":["Cracked Core","Ginger","Regal Pillow","Odd Mushroom","Busted Crown","Bottled Tornado"],"potions_floor_usage":[5,7,24],"damage_taken":[{"damage":1,"enemies":"2 Louse","floor":1,"turns":3},{"damage":0,"enemies":"Cultist","floor":2,"turns":3},{"damage":2,"enemies":"Jaw Worm","floor":3,"turns":3},{"damage":25,"enemies":"Exordium Wildlife","floor":5,"turns":6},{"damage":19,"enemies":"3 Sentries","floor":7,"turns":5},{"damage":0,"enemies":"Large Slime","floor":8,"turns":3},{"damage":19,"enemies":"The Mushroom Lair","floor":11,"turns":6},{"damage":6,"enemies":"Blue Slaver","floor":13,"turns":3},{"damage":23,"enemies":"The Guardian","floor":16,"turns":13},{"damage":4,"enemies":"3 Byrds","floor":18,"turns":4},{"damage":24,"enemies":"Shell Parasite","floor":20,"turns":5},{"damage":3,"enemies":"3 Cultists","floor":24,"turns":6},{"damage":21,"enemies":"Snake Plant","floor":25,"turns":5},{"damage":2,"enemies":"Centurion and Healer","floor":29,"turns":5},{"damage":55,"enemies":"Automaton","floor":33,"turns":8}],"seed_played":"-205425209825243146","potions_obtained":[{"floor":2,"key":"Explosive Potion"},{"floor":3,"key":"Regen Potion"},{"floor":11,"key":"FearPotion"},{"floor":16,"key":"Ancient Potion"},{"floor":18,"key":"FocusPotion"}],"is_trial":false,"path_per_floor":["M","M","M","$","M","R","E","M","T","R","?","$","M","$","R","B",null,"M","?","M","$","?","R","M","M","T","R","?","M","R","$","R"],"character_chosen":"DEFECT","items_purchased":["Leap","Sunder","FTL"],"campfire_rested":2,"item_purchase_floors":[4,12,31],"current_hp_per_floor":[63,63,61,61,48,48,29,29,29,29,10,10,4,4,40,17,58,54,54,30,30,30,66,63,42,42,42,42,48,48,48,48,0],"gold":48,"neow_bonus":"ONE_RANDOM_RARE_CARD","is_prod":false,"is_daily":false,"chose_seed":false,"campfire_upgraded":5,"win_rate":0,"timestamp":1539735224,"path_taken":["M","M","M","$","M","R","E","M","T","R","?","?","?","$","R","BOSS","M","?","M","$","?","R","?","M","T","R","?","?","R","?","R","BOSS"],"build_version":"2018-10-15v2","purchased_purges":1,"victory":false,"max_hp_per_floor":[71,71,71,71,71,71,71,71,71,71,71,71,71,71,71,71,71,71,71,71,71,71,71,71,71,71,71,49,49,49,49,49,49],"card_choices":[{"not_picked":["Redo","Tempest"],"picked":"Go for the Eyes","floor":1},{"not_picked":["Streamline","Coolheaded"],"picked":"Loop","floor":2},{"not_picked":["Barrage","Doom and Gloom"],"picked":"Streamline","floor":3},{"not_picked":["Compile Driver","Chill"],"picked":"Cold Snap","floor":5},{"not_picked":["Genetic Algorithm","Gash"],"picked":"Conserve Battery","floor":7},{"not_picked":["Redo","Chaos"],"picked":"Go for the Eyes","floor":8},{"not_picked":["Leap","Hologram"],"picked":"Ball Lightning","floor":11},{"not_picked":["Sunder","Heatsinks"],"picked":"BootSequence","floor":13},{"not_picked":["Machine Learning","Reboot"],"picked":"Electrodynamics","floor":16},{"not_picked":["Steam Power"],"picked":"SKIP","floor":18},{"not_picked":[],"picked":"Glacier","floor":20},{"not_picked":["Sunder"],"picked":"SKIP","floor":24},{"not_picked":["Compile Driver"],"picked":"SKIP","floor":25},{"not_picked":[],"picked":"Ball Lightning","floor":29}],"player_experience":936660,"relics_obtained":[{"floor":7,"key":"Ginger"},{"floor":9,"key":"Regal Pillow"},{"floor":11,"key":"Odd Mushroom"},{"floor":26,"key":"Bottled Tornado"}],"event_choices":[{"event_name":"Mushrooms","player_choice":"Fought Mushrooms","floor":11,"damage_taken":0},{"event_name":"Masked Bandits","player_choice":"Paid Fearfully","floor":19,"damage_taken":0},{"event_name":"Drug Dealer","player_choice":"Became Test Subject","floor":22,"damage_taken":0},{"event_name":"Vampires","player_choice":"Became a vampire","floor":28,"damage_taken":0}],"is_beta":true,"boss_relics":[{"not_picked":["Runic Pyramid","Pandora\u0027s Box"],"picked":"Busted Crown"}],"items_purged_floors":[4],"is_endless":false,"potions_floor_spawned":[2,3,11,16,18,20],"killed_by":"Automaton","ascension_level":18}