{"gold_per_floor":[111,36,36,36,50,50,50,60,107,153,165,195,207,233,245,257],"floor_reached":16,"playtime":378,"items_purged":[],"score":200,"play_id":"4cd043df-3e24-4657-9b21-f887c153e710","local_time":"20190302113445","is_ascension_mode":true,"campfire_choices":[{"floor":6,"key":"RECALL"},{"floor":11,"key":"REST"},{"floor":13,"key":"REST"},{"floor":15,"key":"REST"}],"neow_cost":"NONE","seed_source_timestamp":87449247756989,"circlet_count":0,"master_deck":["AscendersBane","Strike_B","Strike_B","Strike_B","Defend_B","Defend_B","Defend_B","Defend_B","Zap","Dualcast","Fusion","Conserve Battery","Darkness","Sunder"],"relics":["Fusion Hammer","GremlinMask","Singing Bowl","MawBank","Boot"],"potions_floor_usage":[16],"damage_taken":[{"damage":2,"enemies":"Jaw Worm","floor":1,"turns":3},{"damage":4,"enemies":"2 Louse","floor":5,"turns":6},{"damage":8,"enemies":"Small Slimes","floor":8,"turns":5},{"damage":34,"enemies":"Lagavulin","floor":10,"turns":10},{"damage":13,"enemies":"Gremlin Gang","floor":12,"turns":6},{"damage":39,"enemies":"Large Slime","floor":14,"turns":7},{"damage":44,"enemies":"Hexaghost","floor":16,"turns":9}],"seed_played":"-1426859051098276006","potions_obtained":[{"floor":5,"key":"Poison Potion"},{"floor":8,"key":"SpeedPotion"},{"floor":14,"key":"LiquidBronze"}],"is_trial":false,"path_per_floor":["M","?","?","?","M","R","?","M","T","E","R","M","R","M","R","B"],"character_chosen":"DEFECT","items_purchased":[],"campfire_rested":3,"item_purchase_floors":[],"current_hp_per_floor":[62,62,67,67,63,63,63,57,57,23,46,35,59,20,44,0],"gold":257,"neow_bonus":"BOSS_RELIC","is_prod":false,"is_daily":false,"chose_seed":false,"campfire_upgraded":0,"win_rate":0,"timestamp":1551551685,"path_taken":["M","?","?","?","?","R","?","M","T","E","R","M","R","M","R","BOSS"],"build_version":"2019-02-06","purchased_purges":0,"victory":false,"max_hp_per_floor":[71,71,76,76,76,76,76,78,78,78,78,80,80,80,80,80],"card_choices":[{"not_picked":["Hologram","Go for the Eyes"],"picked":"Fusion","floor":1},{"not_picked":["Scrape","Redo"],"picked":"Conserve Battery","floor":5},{"not_picked":["Rebound","Go for the Eyes","Redo"],"picked":"Singing Bowl","floor":8},{"not_picked":["Rip and Tear","Leap"],"picked":"Darkness","floor":10},{"not_picked":["Go for the Eyes","Steam","Darkness"],"picked":"Singing Bowl","floor":12},{"not_picked":["Conserve Battery","Skim"],"picked":"Sunder","floor":14}],"player_experience":1140507,"relics_obtained":[{"floor":9,"key":"MawBank"},{"floor":10,"key":"Boot"}],"event_choices":[{"cards_removed":["Strike_B"],"damage_healed":0,"gold_gain":0,"player_choice":"Card Removal","damage_taken":0,"max_hp_gain":0,"max_hp_loss":0,"event_name":"The Cleric","floor":2,"gold_loss":75},{"damage_healed":0,"gold_gain":0,"player_choice":"Donut","damage_taken":0,"max_hp_gain":5,"max_hp_loss":0,"event_name":"Big Fish","floor":3,"gold_loss":0},{"damage_healed":0,"gold_gain":0,"player_choice":"Trade","damage_taken":0,"relics_obtained":["GremlinMask"],"max_hp_gain":0,"max_hp_loss":0,"event_name":"FaceTrader","floor":4,"gold_loss":0},{"damage_healed":0,"gold_gain":0,"player_choice":"Gave Potion","damage_taken":0,"relics_obtained":["Singing Bowl"],"max_hp_gain":0,"max_hp_loss":0,"event_name":"WeMeetAgain","floor":7,"gold_loss":0}],"is_beta":true,"boss_relics":[],"items_purged_floors":[],"is_endless":false,"potions_floor_spawned":[5,8,14],"killed_by":"Hexaghost","ascension_level":20}