{"gold_per_floor":[113,113,113,126,126,140,174,174,174,186,186,201,217,228,228,330,330,342,31,31,50,66,66,85,114,114,114,14,49,49,49,49,153,153,166,11,111,123,54,54,71,71,97,97,114,126,126,144,144,144],"floor_reached":50,"playtime":2112,"items_purged":[],"score":484,"play_id":"5b4e32ee-6378-45ca-952e-ae150186640f","local_time":"20190511000642","is_ascension_mode":false,"campfire_choices":[{"data":"Bash","floor":11.0,"key":"SMITH"},{"data":"Flame Barrier","floor":15.0,"key":"SMITH"},{"data":"Entrench","floor":23.0,"key":"SMITH"},{"floor":27.0,"key":"RECALL"},{"data":"Limit Break","floor":30.0,"key":"SMITH"},{"floor":32.0,"key":"REST"},{"data":"Strike_R","floor":40.0,"key":"PURGE"},{"data":"Strike_R","floor":44.0,"key":"PURGE"},{"data":"Defend_R+1","floor":49,"key":"PURGE"}],"neow_cost":"PERCENT_DAMAGE","seed_source_timestamp":1192916259365703,"circlet_count":0,"master_deck":["Strike_R+1","Defend_R+1","Bash+1","Flame Barrier+1","Entrench+1","Shrug It Off","Inflame","Anger+1","Pummel+1","Limit Break+1","Shrug It Off+1","Pommel Strike+1","J.A.X.+1","Reaper+1","Rupture+1","Inflame+1","Demon Form+1","Heavy Blade+1","Pummel+1"],"special_seed":0,"relics":["Burning Blood","Mango","Shuriken","Bottled Lightning","Molten Egg 2","Empty Cage","Tiny Chest","Sling","Toxic Egg 2","Frozen Egg 2","Magic Flower","Black Star","War Paint","Peace Pipe"],"potions_floor_usage":[50],"damage_taken":[{"damage":7.0,"enemies":"Small Slimes","floor":1.0,"turns":3.0},{"damage":2.0,"enemies":"Jaw Worm","floor":4.0,"turns":5.0},{"damage":1.0,"enemies":"2 Louse","floor":6.0,"turns":3.0},{"damage":28.0,"enemies":"Gremlin Nob","floor":7.0,"turns":4.0},{"damage":0.0,"enemies":"2 Fungi Beasts","floor":10.0,"turns":3.0},{"damage":2.0,"enemies":"Large Slime","floor":12.0,"turns":7.0},{"damage":1.0,"enemies":"3 Louse","floor":13.0,"turns":4.0},{"damage":0.0,"enemies":"2 Fungi Beasts","floor":14.0,"turns":3.0},{"damage":15.0,"enemies":"The Guardian","floor":16.0,"turns":9.0},{"damage":0.0,"enemies":"Chosen","floor":18.0,"turns":3.0},{"damage":5.0,"enemies":"3 Byrds","floor":21.0,"turns":4.0},{"damage":8.0,"enemies":"Snake Plant","floor":22.0,"turns":4.0},{"damage":12.0,"enemies":"3 Cultists","floor":24.0,"turns":5.0},{"damage":17.0,"enemies":"Book of Stabbing","floor":25.0,"turns":4.0},{"damage":23.0,"enemies":"Gremlin Leader","floor":29.0,"turns":6.0},{"damage":92.0,"enemies":"Champ","floor":33.0,"turns":7.0},{"damage":6.0,"enemies":"Orb Walker","floor":35.0,"turns":4.0},{"damage":3.0,"enemies":"Mind Bloom Boss Battle","floor":37.0,"turns":6.0},{"damage":23.0,"enemies":"3 Darklings","floor":38.0,"turns":7.0},{"damage":29.0,"enemies":"4 Shapes","floor":41.0,"turns":6.0},{"damage":34,"enemies":"Writhing Mass","floor":45,"turns":5},{"damage":35,"enemies":"Spire Growth","floor":46,"turns":6},{"damage":15,"enemies":"3 Darklings","floor":48,"turns":6},{"damage":95,"enemies":"Donu and Deca","floor":50,"turns":5}],"seed_played":"-6366081466488566531","potions_obtained":[{"floor":1.0,"key":"Fire Potion"},{"floor":4.0,"key":"PowerPotion"},{"floor":10.0,"key":"EssenceOfSteel"},{"floor":13.0,"key":"SpeedPotion"},{"floor":16.0,"key":"Swift Potion"},{"floor":18.0,"key":"Explosive Potion"},{"floor":24.0,"key":"LiquidBronze"},{"floor":33.0,"key":"Dexterity Potion"},{"floor":37.0,"key":"AttackPotion"},{"floor":46,"key":"FearPotion"}],"is_trial":false,"path_per_floor":["M","?","?","M","?","M","E","?","T","M","R","M","M","M","R","B",null,"M","$","?","M","M","R","M","E","T","R","$","E","R","?","R","B",null,"M","$","?","M","$","R","M","?","T","R","M","M","?","M","R","B"],"character_chosen":"IRONCLAD","items_purchased":["Tiny Chest","Sling","FairyPotion","War Paint","Inflame+1"],"campfire_rested":1,"item_purchase_floors":[19,19,28,36,39],"current_hp_per_floor":[69,62,55,59,59,64,42,23,23,29,29,33,38,44,44,35,94,94,94,94,94,92,92,86,75,75,75,75,58,58,58,86,23,94,94,94,94,93,93,93,94,94,94,94,94,94,94,94,94,0],"gold":144,"neow_bonus":"ONE_RARE_RELIC","is_prod":false,"is_daily":false,"chose_seed":false,"campfire_upgraded":4,"win_rate":0,"timestamp":1557504402,"path_taken":["M","?","?","M","?","?","E","?","T","M","R","M","M","M","R","BOSS","M","$","?","M","M","R","M","E","T","R","$","E","R","?","R","BOSS","M","$","?","M","$","R","M","?","T","R","M","?","?","M","R","BOSS"],"build_version":"2019-01-23","purchased_purges":0,"victory":false,"max_hp_per_floor":[94,94,94,94,94,94,94,94,94,94,94,94,94,94,94,94,94,94,94,94,94,94,94,94,94,94,94,94,94,94,94,94,94,94,94,94,94,94,94,94,94,94,94,94,94,94,94,94,94,94],"card_choices":[{"not_picked":["Sword Boomerang","Sentinel"],"picked":"Flame Barrier","floor":1.0},{"not_picked":["Clothesline","Cleave"],"picked":"Anger","floor":4.0},{"not_picked":["Hemokinesis","Rage"],"picked":"Entrench","floor":6.0},{"not_picked":["Dark Embrace","Wild Strike"],"picked":"Shrug It Off","floor":7.0},{"not_picked":["Fire Breathing","Wild Strike+1"],"picked":"Inflame","floor":10.0},{"not_picked":["Hemokinesis+1","Perfected Strike+1","Flex"],"picked":"SKIP","floor":12.0},{"not_picked":["Clash+1","Rupture"],"picked":"Anger+1","floor":13.0},{"not_picked":["Flex","Iron Wave+1"],"picked":"Pummel+1","floor":14.0},{"not_picked":["Juggernaut","Offering"],"picked":"Limit Break","floor":16.0},{"not_picked":["Dual Wield","Pommel Strike+1"],"picked":"Body Slam+1","floor":18.0},{"not_picked":["Entrench","Cleave+1"],"picked":"Shrug It Off","floor":21.0},{"not_picked":["Hemokinesis+1","Warcry","Headbutt+1"],"picked":"SKIP","floor":22.0},{"not_picked":["Twin Strike+1","Corruption","Perfected Strike+1"],"picked":"SKIP","floor":24.0},{"not_picked":["Anger+1","Wild Strike+1"],"picked":"Pommel Strike+1","floor":25.0},{"not_picked":["Anger+1","Thunderclap+1","Twin Strike+1"],"picked":"SKIP","floor":29.0},{"not_picked":["Bludgeon+1","Feed+1"],"picked":"Reaper+1","floor":33.0},{"not_picked":["Clothesline+1","Twin Strike+1","Dropkick+1"],"picked":"SKIP","floor":35.0},{"not_picked":["Seeing Red+1","Clash+1"],"picked":"Rupture+1","floor":38.0},{"not_picked":["Clothesline+1","Combust+1"],"picked":"Demon Form+1","floor":41.0},{"not_picked":["Headbutt+1","Clash+1"],"picked":"Heavy Blade+1","floor":45},{"not_picked":["Burning Pact+1","Havoc+1"],"picked":"Pummel+1","floor":46},{"not_picked":["Havoc+1","Twin Strike+1","Perfected Strike+1"],"picked":"SKIP","floor":48}],"player_experience":508069,"relics_obtained":[{"floor":7.0,"key":"Bottled Lightning"},{"floor":9.0,"key":"Molten Egg 2"},{"floor":25.0,"key":"Toxic Egg 2"},{"floor":26.0,"key":"Frozen Egg 2"},{"floor":29.0,"key":"Magic Flower"},{"floor":37.0,"key":"Peace Pipe"}],"event_choices":[{"damage_healed":0.0,"max_hp_gain":0.0,"max_hp_loss":0.0,"gold_gain":0.0,"event_name":"Scrap Ooze","player_choice":"Success","floor":2.0,"gold_loss":0.0,"damage_taken":7.0,"relics_obtained":["Shuriken"]},{"cards_removed":["Defend_R"],"damage_healed":0.0,"max_hp_gain":0.0,"max_hp_loss":0.0,"gold_gain":0.0,"event_name":"Golden Wing","player_choice":"Card Removal","floor":3.0,"gold_loss":0.0,"damage_taken":7.0},{"cards_removed":["Strike_R"],"damage_healed":0.0,"max_hp_gain":0.0,"max_hp_loss":0.0,"gold_gain":0.0,"event_name":"Living Wall","player_choice":"Forget","floor":5.0,"gold_loss":0.0,"damage_taken":0.0},{"damage_healed":0.0,"max_hp_gain":0.0,"max_hp_loss":0.0,"gold_gain":0.0,"event_name":"Shining Light","player_choice":"Entered Light","floor":8.0,"gold_loss":0.0,"damage_taken":19.0,"cards_upgraded":["Strike_R","Defend_R"]},{"damage_healed":0.0,"max_hp_gain":0.0,"max_hp_loss":0.0,"gold_gain":0.0,"event_name":"Drug Dealer","player_choice":"Obtain J.A.X.","floor":31.0,"gold_loss":0.0,"damage_taken":0.0,"cards_obtained":["J.A.X."]},{"damage_healed":0.0,"max_hp_gain":0.0,"max_hp_loss":0.0,"gold_gain":0.0,"event_name":"MindBloom","player_choice":"Fight","floor":37.0,"gold_loss":0.0,"damage_taken":0.0},{"cards_removed":["Defend_R"],"damage_healed":0.0,"max_hp_gain":0.0,"max_hp_loss":0.0,"gold_gain":0.0,"event_name":"Bonfire Elementals","player_choice":"Offered Basic","floor":42.0,"gold_loss":0.0,"damage_taken":0.0},{"cards_removed":["Body Slam"],"damage_healed":0,"gold_gain":0,"player_choice":"Removed Attack","damage_taken":0,"max_hp_gain":0,"max_hp_loss":0,"event_name":"Falling","floor":47,"gold_loss":0}],"is_beta":false,"boss_relics":[{"not_picked":["Cursed Key","Coffee Dripper"],"picked":"Empty Cage"},{"not_picked":["Pandora\u0027s Box","Philosopher\u0027s Stone"],"picked":"Black Star"}],"items_purged_floors":[],"is_endless":false,"potions_floor_spawned":[1,4,10,13,16,18,22,24,33,37,46],"killed_by":"Donu and Deca","ascension_level":0}