{"gold_per_floor":[118,138,138,138,63,63,95,95,95,108,137,147,182,192,192,192],"floor_reached":16,"playtime":863,"items_purged":["Strike_R"],"score":240,"play_id":"b95098f3-d877-4636-b0d7-82bb9600e7ed","local_time":"20190317223406","is_ascension_mode":true,"campfire_choices":[{"floor":6,"key":"REST"},{"data":"Feel No Pain","floor":8,"key":"SMITH"},{"data":"Clothesline","floor":15,"key":"SMITH"}],"neow_cost":"NONE","seed_source_timestamp":75249046407854,"circlet_count":0,"master_deck":["AscendersBane","Strike_R","Strike_R+1","Strike_R","Strike_R","Defend_R","Defend_R","Defend_R","Defend_R+1","Bash+1","Twin Strike","Shrug It Off","Feel No Pain+1","Clothesline+1","Ghostly Armor","Metallicize","Reckless Charge","Metallicize"],"relics":["Burning Blood","Magic Flower","Paper Frog","Ice Cream","Regal Pillow","Strawberry"],"potions_floor_usage":[7,12,13,14,16],"damage_taken":[{"damage":18,"enemies":"Small Slimes","floor":1,"turns":5},{"damage":9,"enemies":"2 Louse","floor":2,"turns":3},{"damage":13,"enemies":"3 Sentries","floor":7,"turns":14},{"damage":0,"enemies":"Jaw Worm","floor":10,"turns":4},{"damage":14,"enemies":"Lagavulin","floor":11,"turns":6},{"damage":1,"enemies":"2 Fungi Beasts","floor":12,"turns":3},{"damage":12,"enemies":"3 Sentries","floor":13,"turns":12},{"damage":2,"enemies":"3 Louse","floor":14,"turns":4},{"damage":69,"enemies":"Hexaghost","floor":16,"turns":15}],"seed_played":"7484589427483640493","potions_obtained":[{"floor":2,"key":"Dexterity Potion"},{"floor":7,"key":"FearPotion"},{"floor":10,"key":"Fire Potion"},{"floor":12,"key":"Weak Potion"},{"floor":13,"key":"Poison Potion"}],"is_trial":false,"path_per_floor":["M","M","?","?","$","R","E","R","T","M","E","M","E","M","R","B"],"character_chosen":"IRONCLAD","items_purchased":[],"campfire_rested":1,"item_purchase_floors":[],"current_hp_per_floor":[56,53,48,25,25,47,43,43,43,52,47,55,59,66,66,0],"gold":192,"neow_bonus":"UPGRADE_CARD","is_prod":false,"is_daily":false,"chose_seed":false,"campfire_upgraded":2,"win_rate":0,"timestamp":1552876446,"path_taken":["M","M","?","?","?","R","E","R","T","M","E","M","E","M","R","BOSS"],"build_version":"2019-01-23","purchased_purges":1,"victory":false,"max_hp_per_floor":[75,75,75,75,75,75,75,75,75,75,75,75,82,82,82,82],"card_choices":[{"not_picked":["Dual Wield","True Grit"],"picked":"Twin Strike","floor":1},{"not_picked":["Pommel Strike","Heavy Blade"],"picked":"Shrug It Off","floor":2},{"not_picked":["Barricade","Heavy Blade"],"picked":"Feel No Pain","floor":7},{"not_picked":["Sword Boomerang","Reckless Charge"],"picked":"Clothesline","floor":10},{"not_picked":["Dropkick","Impervious"],"picked":"Ghostly Armor","floor":11},{"not_picked":["Twin Strike","Body Slam"],"picked":"Metallicize","floor":12},{"not_picked":["Body Slam","Anger"],"picked":"Reckless Charge","floor":13},{"not_picked":["Thunderclap","Clothesline"],"picked":"Metallicize","floor":14}],"player_experience":1189994,"relics_obtained":[{"floor":7,"key":"Paper Frog"},{"floor":9,"key":"Ice Cream"},{"floor":11,"key":"Regal Pillow"},{"floor":13,"key":"Strawberry"}],"event_choices":[{"damage_healed":0,"gold_gain":0,"player_choice":"Success","damage_taken":5,"relics_obtained":["Magic Flower"],"max_hp_gain":0,"max_hp_loss":0,"event_name":"Scrap Ooze","floor":3,"gold_loss":0},{"damage_healed":0,"gold_gain":0,"player_choice":"Entered Light","damage_taken":23,"max_hp_gain":0,"max_hp_loss":0,"event_name":"Shining Light","floor":4,"gold_loss":0,"cards_upgraded":["Defend_R","Strike_R"]}],"is_beta":false,"boss_relics":[],"items_purged_floors":[5],"is_endless":false,"potions_floor_spawned":[2,7,10,12,13],"killed_by":"Hexaghost","ascension_level":20}