{"gold_per_floor":[111,111,111,111,111,111,147,125,150,189,214,237,272,239,239,330,330,315,315,331,351,141,141,160,160,160,199,199,222,222,257,257,352,352,376,302,302,321,336,336,375,399,445,445,469,484,484,502,502,502],"floor_reached":51,"playtime":2317,"items_purged":["Reflex+1"],"score":1402,"play_id":"4bc9af29-3da7-4981-9a02-45603957c94b","local_time":"20180808214831","is_ascension_mode":true,"campfire_choices":[{"data":"Neutralize","floor":6,"key":"SMITH"},{"data":"Dash","floor":15,"key":"SMITH"},{"data":"Footwork","floor":23,"key":"SMITH"},{"floor":25,"key":"REST"},{"data":"Dash","floor":28,"key":"SMITH"},{"floor":32,"key":"REST"},{"data":"Sucker Punch","floor":40,"key":"SMITH"},{"data":"After Image","floor":44,"key":"SMITH"},{"data":"Well Laid Plans","floor":47,"key":"SMITH"},{"floor":49,"key":"REST"}],"neow_cost":"NONE","seed_source_timestamp":279421287524263,"circlet_count":0,"master_deck":["Survivor","Neutralize+1","AscendersBane","Well Laid Plans+1","Dodge and Roll+1","Dodge and Roll+1","After Image+1","Cloak And Dagger+1","Crippling Poison+1","Dash+1","Venomology+1","Dagger Spray","Masterful Stab","Slice","Prepared+1","Blade Dance+1","Bane","Backflip+1","Cloak And Dagger+1","Flying Knee","Footwork+1","Finesse+1","Leg Sweep+1","Dash+1","Adrenaline+1","Sucker Punch+1","Malaise+1","Cloak And Dagger+1","PiercingWail+1","Cloak And Dagger+1","Cloak And Dagger+1"],"relics":["Ring of the Snake","NeowsBlessing","Golden Idol","Regal Pillow","Toxic Egg 2","Omamori","Letter Opener","Blue Candle","Pandora\u0027s Box","Unceasing Top","Strawberry","Happy Flower","Enchiridion","Du-Vu Doll","Busted Crown","Bag of Marbles","Pen Nib"],"potions_floor_usage":[16,27,33,33,38,50,50,50,50],"damage_taken":[{"damage":0,"enemies":"Jaw Worm","floor":1,"turns":1},{"damage":0,"enemies":"3 Sentries","floor":7,"turns":1},{"damage":0,"enemies":"Lagavulin","floor":10,"turns":1},{"damage":1,"enemies":"Small Slimes","floor":11,"turns":5},{"damage":0,"enemies":"Cultist","floor":12,"turns":6},{"damage":4,"enemies":"3 Sentries","floor":13,"turns":14},{"damage":8,"enemies":"The Guardian","floor":16,"turns":20},{"damage":15,"enemies":"2 Thieves","floor":18,"turns":4},{"damage":0,"enemies":"3 Byrds","floor":20,"turns":4},{"damage":0,"enemies":"Centurion and Healer","floor":21,"turns":8},{"damage":8,"enemies":"Snake Plant","floor":24,"turns":6},{"damage":4,"enemies":"Slavers","floor":27,"turns":7},{"damage":0,"enemies":"Book of Stabbing","floor":31,"turns":6},{"damage":9,"enemies":"Collector","floor":33,"turns":10},{"damage":0,"enemies":"Orb Walker","floor":35,"turns":4},{"damage":0,"enemies":"Flame Bruiser 1 Orb","floor":38,"turns":3},{"damage":1,"enemies":"Sphere and 2 Shapes","floor":39,"turns":4},{"damage":5,"enemies":"2 Orb Walkers","floor":41,"turns":6},{"damage":0,"enemies":"4 Shapes","floor":42,"turns":3},{"damage":0,"enemies":"Spire Growth","floor":45,"turns":6},{"damage":0,"enemies":"Maw","floor":46,"turns":8},{"damage":19,"enemies":"Snecko and Mystics","floor":48,"turns":11},{"damage":14,"enemies":"Awakened One","floor":50,"turns":22}],"seed_played":"-4522932750771614746","potions_obtained":[{"floor":1,"key":"Fire Potion"},{"floor":13,"key":"Fire Potion"},{"floor":18,"key":"GamblersBrew"},{"floor":21,"key":"Ancient Potion"},{"floor":31,"key":"LiquidBronze"},{"floor":33,"key":"SteroidPotion"},{"floor":39,"key":"EssenceOfSteel"}],"is_trial":false,"path_per_floor":["M","?","?","?","?","R","E","$","T","E","M","M","E","$","R","B",null,"M","?","M","M","$","R","M","R","T","E","R","T","?","E","R","B",null,"M","$","?","M","M","R","E","M","T","R","M","M","R","M","R","B"],"character_chosen":"THE_SILENT","items_purchased":["Dodge and Roll+1","Dash","Footwork","Finesse+1","Malaise+1"],"campfire_rested":3,"item_purchase_floors":[8,14,22,22,36],"current_hp_per_floor":[59,59,59,48,41,41,41,41,41,41,40,40,36,36,36,28,52,37,37,37,37,37,37,29,60,60,63,63,63,42,42,67,58,65,65,65,67,67,66,66,61,61,61,61,61,61,61,42,67,53],"gold":502,"neow_bonus":"THREE_ENEMY_KILL","is_prod":false,"is_daily":false,"chose_seed":false,"campfire_upgraded":7,"win_rate":0,"timestamp":1533790111,"path_taken":["M","?","?","?","?","R","E","$","T","E","M","M","E","?","R","BOSS","M","?","?","M","?","R","M","R","T","E","R","?","?","E","R","BOSS","M","$","?","?","M","R","E","M","T","R","M","?","R","M","R","BOSS"],"build_version":"2018-08-07v3","purchased_purges":1,"victory":true,"max_hp_per_floor":[66,60,60,60,60,60,60,60,60,60,60,60,60,60,60,60,60,60,60,60,60,60,60,60,60,60,67,67,67,67,67,67,67,67,67,67,67,67,67,67,67,67,67,67,67,67,67,67,67,67],"card_choices":[{"not_picked":["Deflect","Heel Hook"],"picked":"Well Laid Plans","floor":1},{"not_picked":["Concentrate","Terror"],"picked":"Dodge and Roll","floor":7},{"not_picked":["Dash","Dagger Throw"],"picked":"After Image","floor":10},{"not_picked":["Blade Dance+1","Setup+1","Reflex+1"],"picked":"SKIP","floor":11},{"not_picked":["Deflect+1","Sucker Punch"],"picked":"Cloak And Dagger+1","floor":12},{"not_picked":["Riddle With Holes","Caltrops"],"picked":"Crippling Poison+1","floor":13},{"not_picked":["Unload","Phantasmal Killer+1"],"picked":"Venomology+1","floor":16},{"not_picked":["Dagger Throw","Acrobatics+1","Sucker Punch"],"picked":"SKIP","floor":18},{"not_picked":["Blade Dance+1","PiercingWail+1"],"picked":"Cloak And Dagger+1","floor":20},{"not_picked":["Prepared+1","Concentrate+1"],"picked":"Flying Knee","floor":21},{"not_picked":["Prepared+1","Eviscerate"],"picked":"Leg Sweep+1","floor":24},{"not_picked":["Prepared+1","Backflip+1"],"picked":"Dash","floor":27},{"not_picked":["Prepared+1","Riddle With Holes","Predator"],"picked":"SKIP","floor":31},{"not_picked":["Corpse Explosion+1","Die Die Die"],"picked":"Adrenaline+1","floor":33},{"not_picked":[],"picked":"Sucker Punch","floor":35},{"not_picked":[],"picked":"Cloak And Dagger+1","floor":38},{"not_picked":[],"picked":"PiercingWail+1","floor":39},{"not_picked":[],"picked":"Cloak And Dagger+1","floor":41},{"not_picked":["All Out Attack"],"picked":"SKIP","floor":42},{"not_picked":["Skewer"],"picked":"SKIP","floor":45},{"not_picked":["Expertise+1"],"picked":"SKIP","floor":46},{"not_picked":[],"picked":"Cloak And Dagger+1","floor":48}],"player_experience":861358,"relics_obtained":[{"floor":7,"key":"Toxic Egg 2"},{"floor":9,"key":"Omamori"},{"floor":10,"key":"Letter Opener"},{"floor":13,"key":"Blue Candle"},{"floor":26,"key":"Unceasing Top"},{"floor":27,"key":"Strawberry"},{"floor":29,"key":"Happy Flower"},{"floor":30,"key":"Enchiridion"},{"floor":31,"key":"Du-Vu Doll"},{"floor":41,"key":"Bag of Marbles"},{"floor":43,"key":"Pen Nib"}],"event_choices":[{"event_name":"Golden Idol","player_choice":"Lose Max HP","floor":2,"damage_taken":0},{"event_name":"Liars Game","player_choice":"disagreed","floor":3,"damage_taken":0},{"event_name":"Scrap Ooze","player_choice":"success","floor":4,"damage_taken":11},{"event_name":"Golden Wing","player_choice":"Card Removal","floor":5,"damage_taken":0},{"event_name":"Back to Basics","player_choice":"Elegance","floor":19,"damage_taken":0},{"event_name":"Cursed Tome","player_choice":"Obtained Book","floor":30,"damage_taken":0},{"event_name":"Winding Halls","player_choice":"Writhe","floor":37,"damage_taken":0}],"is_beta":true,"boss_relics":[{"not_picked":["Black Star","White Beast Statue"],"picked":"Pandora\u0027s Box"},{"not_picked":["Calling Bell","HoveringKite"],"picked":"Busted Crown"}],"items_purged_floors":[22],"is_endless":false,"potions_floor_spawned":[1,13,18,21,31,33,35,39,46,48],"ascension_level":15}