{"gold_per_floor":[109,127,12,12,37,37,58,58,58,58,89,89,122,140,140,140],"floor_reached":16,"playtime":506,"items_purged":["Normality"],"score":220,"play_id":"b78257e9-4974-4bb8-b533-326dd830c567","local_time":"20190410132301","is_ascension_mode":true,"campfire_choices":[{"data":"Zap","floor":6,"key":"SMITH"},{"data":"Consume","floor":8,"key":"SMITH"},{"data":"Hologram","floor":10,"key":"SMITH"},{"data":"Sunder","floor":15,"key":"SMITH"}],"neow_cost":"CURSE","seed_source_timestamp":60444280352760,"circlet_count":0,"master_deck":["AscendersBane","Strike_B","Strike_B","Strike_B","Strike_B","Defend_B","Defend_B","Defend_B","Defend_B","Zap+1","Dualcast","Compile Driver","Hologram","FTL","Hologram+1","Consume+1","Loop+1","Melter","Sunder+1"],"relics":["Cracked Core","Thread and Needle","Golden Idol","Ancient Tea Set","Mummified Hand","Bronze Scales"],"potions_floor_usage":[11,13],"damage_taken":[{"damage":8,"enemies":"Jaw Worm","floor":1,"turns":3},{"damage":2,"enemies":"Small Slimes","floor":2,"turns":3},{"damage":0,"enemies":"Cultist","floor":5,"turns":3},{"damage":0,"enemies":"2 Fungi Beasts","floor":7,"turns":3},{"damage":11,"enemies":"Lagavulin","floor":11,"turns":5},{"damage":7,"enemies":"Gremlin Nob","floor":13,"turns":3},{"damage":22,"enemies":"Exordium Thugs","floor":14,"turns":4},{"damage":32,"enemies":"The Guardian","floor":16,"turns":2}],"seed_played":"-1825573080633783179","potions_obtained":[{"floor":2,"key":"FearPotion"},{"floor":5,"key":"Swift Potion"}],"is_trial":false,"path_per_floor":["M","M","$","?","M","R","M","R","T","R","E","?","E","M","R","B"],"character_chosen":"DEFECT","items_purchased":["FTL"],"campfire_rested":0,"item_purchase_floors":[3],"current_hp_per_floor":[56,54,54,54,54,54,54,54,54,54,43,43,36,14,14,0],"gold":140,"neow_bonus":"ONE_RARE_RELIC","is_prod":false,"is_daily":false,"chose_seed":false,"campfire_upgraded":4,"win_rate":0,"timestamp":1554916981,"path_taken":["M","M","$","?","M","R","M","R","T","R","E","?","E","M","R","BOSS"],"build_version":"2019-01-23","purchased_purges":1,"victory":false,"max_hp_per_floor":[71,71,71,64,64,64,64,64,64,64,64,64,64,64,64,64],"card_choices":[{"not_picked":["Steam Power","Chaos"],"picked":"Compile Driver","floor":1},{"not_picked":["Fusion","Leap"],"picked":"Hologram","floor":2},{"not_picked":["Compile Driver","Redo"],"picked":"Hologram","floor":5},{"not_picked":["Tempest","Double Energy"],"picked":"Consume","floor":7},{"not_picked":["Recycle","Amplify"],"picked":"Loop","floor":11},{"not_picked":["Multi-Cast","Melter","Hologram"],"picked":"SKIP","floor":13},{"not_picked":["Multi-Cast","Hologram"],"picked":"Melter","floor":13},{"not_picked":["Sweeping Beam","Skim"],"picked":"Sunder","floor":14}],"player_experience":1782279,"relics_obtained":[{"floor":9,"key":"Ancient Tea Set"},{"floor":11,"key":"Mummified Hand"},{"floor":13,"key":"Bronze Scales"}],"event_choices":[{"damage_healed":0,"gold_gain":0,"player_choice":"Lose Max HP","damage_taken":0,"relics_obtained":["Golden Idol"],"max_hp_gain":0,"max_hp_loss":7,"event_name":"Golden Idol","floor":4,"gold_loss":0},{"damage_healed":0,"gold_gain":0,"player_choice":"Forge","damage_taken":0,"max_hp_gain":0,"max_hp_loss":0,"event_name":"Accursed Blacksmith","floor":12,"gold_loss":0,"cards_upgraded":["Loop"]}],"is_beta":false,"boss_relics":[],"items_purged_floors":[3],"is_endless":false,"potions_floor_spawned":[2,5,7],"killed_by":"The Guardian","ascension_level":20}