{"gold_per_floor":[119,119,40,40,58,93,93,119,191,210,210,39,70,85,85,157,157,174,189,104,104,115,115,134,159,159,52,52],"floor_reached":28,"playtime":1403,"items_purged":[],"score":562,"play_id":"17bb2061-31fc-4d52-81cd-789eba9a1710","local_time":"20190429214100","is_ascension_mode":true,"campfire_choices":[{"data":"Noxious Fumes","floor":7,"key":"SMITH"},{"data":"Neutralize","floor":11,"key":"SMITH"},{"data":"Footwork","floor":15,"key":"SMITH"},{"data":"Dagger Spray","floor":23,"key":"SMITH"}],"neow_cost":"NONE","seed_source_timestamp":617239380971364,"circlet_count":0,"master_deck":["AscendersBane","Defend_G","Defend_G","Defend_G","Defend_G","Defend_G","Strike_G","Strike_G","Strike_G","Strike_G","Survivor","Neutralize+1","Backflip","Noxious Fumes+1","Poisoned Stab","Endless Agony","Caltrops","Caltrops","Dagger Spray+1","Footwork+1","Die Die Die","Cloak And Dagger","Deadly Poison","Dodge and Roll","Wraith Form v2","Dodge and Roll","Caltrops"],"relics":["Ring of the Snake","NeowsBlessing","Blood Vial","Juzu Bracelet","Bottled Tornado","Centennial Puzzle","Bag of Preparation","Sozu","Ornamental Fan","Mercury Hourglass"],"potions_floor_usage":[13,13],"damage_taken":[{"damage":0,"enemies":"2 Louse","floor":1,"turns":1},{"damage":0,"enemies":"Jaw Worm","floor":5,"turns":1},{"damage":0,"enemies":"Gremlin Nob","floor":6,"turns":1},{"damage":29,"enemies":"3 Sentries","floor":8,"turns":9},{"damage":0,"enemies":"Small Slimes","floor":10,"turns":5},{"damage":7,"enemies":"Lagavulin","floor":13,"turns":6},{"damage":10,"enemies":"Exordium Wildlife","floor":14,"turns":3},{"damage":21,"enemies":"The Guardian","floor":16,"turns":10},{"damage":4,"enemies":"Chosen","floor":18,"turns":5},{"damage":19,"enemies":"2 Thieves","floor":19,"turns":4},{"damage":6,"enemies":"Cultist and Chosen","floor":22,"turns":5},{"damage":4,"enemies":"3 Cultists","floor":24,"turns":4},{"damage":35,"enemies":"Book of Stabbing","floor":25,"turns":6},{"damage":16,"enemies":"Slavers","floor":28,"turns":4}],"seed_played":"-3872500406447693120","potions_obtained":[{"floor":5,"key":"GamblersBrew"},{"floor":10,"key":"Regen Potion"}],"is_trial":false,"path_per_floor":["M","?","$","?","M","E","R","E","T","M","R","$","E","M","R","B",null,"M","M","?","?","M","R","M","E","T","$","E"],"character_chosen":"THE_SILENT","items_purchased":["Noxious Fumes","Centennial Puzzle","Dodge and Roll","Caltrops"],"campfire_rested":0,"item_purchase_floors":[3,12,27,27],"current_hp_per_floor":[59,52,52,57,57,57,57,30,30,32,32,32,42,34,34,15,57,55,38,38,52,48,48,46,13,13,13,0],"gold":52,"neow_bonus":"THREE_ENEMY_KILL","is_prod":false,"is_daily":false,"chose_seed":false,"campfire_upgraded":4,"win_rate":0,"timestamp":1556588460,"path_taken":["M","?","$","?","M","E","R","E","T","M","R","$","E","M","R","BOSS","M","M","?","?","M","R","M","E","T","$","E"],"build_version":"2019-01-23","purchased_purges":0,"victory":false,"max_hp_per_floor":[66,66,66,71,71,71,71,71,71,71,71,71,71,71,71,71,71,71,71,71,71,71,71,71,71,71,71,71],"card_choices":[{"not_picked":["Acrobatics","Quick Slash"],"picked":"Backflip","floor":1},{"not_picked":["Flying Knee","Acrobatics"],"picked":"Poisoned Stab","floor":5},{"not_picked":["Blade Dance","Finisher"],"picked":"Endless Agony","floor":6},{"not_picked":["Blade Dance","Deflect"],"picked":"Caltrops","floor":8},{"not_picked":["Bane","Acrobatics"],"picked":"Caltrops","floor":10},{"not_picked":["Distraction","Burst"],"picked":"Dagger Spray","floor":13},{"not_picked":["Dodge and Roll","Underhanded Strike"],"picked":"Footwork","floor":14},{"not_picked":["Envenom","Glass Knife"],"picked":"Die Die Die","floor":16},{"not_picked":["Dagger Throw","Deflect"],"picked":"Cloak And Dagger","floor":18},{"not_picked":["Blade Dance","All Out Attack"],"picked":"Deadly Poison","floor":19},{"not_picked":["Calculated Gamble","Sucker Punch"],"picked":"Dodge and Roll","floor":22},{"not_picked":["Dagger Throw","Setup","Underhanded Strike"],"picked":"SKIP","floor":24},{"not_picked":["Blade Dance","Underhanded Strike+1"],"picked":"Wraith Form v2","floor":25}],"player_experience":2113598,"relics_obtained":[{"floor":6,"key":"Blood Vial"},{"floor":8,"key":"Juzu Bracelet"},{"floor":9,"key":"Bottled Tornado"},{"floor":13,"key":"Bag of Preparation"},{"floor":25,"key":"Mercury Hourglass"}],"event_choices":[{"cards_removed":["Strike_G"],"damage_healed":0,"gold_gain":0,"player_choice":"Card Removal","damage_taken":7,"max_hp_gain":0,"max_hp_loss":0,"event_name":"Golden Wing","floor":2,"gold_loss":0},{"damage_healed":0,"gold_gain":0,"player_choice":"Donut","damage_taken":0,"max_hp_gain":5,"max_hp_loss":0,"event_name":"Big Fish","floor":4,"gold_loss":0},{"damage_healed":0,"gold_gain":0,"player_choice":"Obtained Relic","damage_taken":0,"relics_obtained":["Ornamental Fan"],"max_hp_gain":0,"max_hp_loss":0,"event_name":"Addict","floor":20,"gold_loss":85},{"damage_healed":14,"gold_gain":0,"player_choice":"Heal","damage_taken":0,"max_hp_gain":0,"max_hp_loss":0,"event_name":"The Library","floor":21,"gold_loss":0}],"is_beta":false,"boss_relics":[{"not_picked":["Empty Cage","Calling Bell"],"picked":"Sozu"}],"items_purged_floors":[],"is_endless":false,"potions_floor_spawned":[5,10,22,24],"killed_by":"Slavers","ascension_level":20}