{"path_per_floor":["M","?","?","M","M","$","?","?","T","M","R","E","?","M","R","B",null,"M","?","M","?","M","R"],"character_chosen":"THE_SILENT","items_purchased":[],"gold_per_floor":[117,117,67,81,94,19,19,0,27,39,39,65,240,253,253,349,349,368,268,278,203,220,220],"floor_reached":24,"campfire_rested":1,"playtime":2320,"current_hp_per_floor":[64,50,50,47,36,36,29,29,29,29,29,29,29,29,29,5,70,48,48,37,37,20,55],"items_purged":["Pain"],"gold":220,"score":221,"play_id":"18033cf5-58d4-4917-b327-69aab0796285","is_prod":false,"is_daily":false,"is_ascension_mode":false,"campfire_upgraded":2,"path_taken":["M","?","?","M","M","$","?","?","T","M","R","E","?","M","R","BOSS","M","?","M","?","M","R","E"],"build_version":"2018-02-08-PROD1","purchased_purges":1,"victory":false,"master_deck":["Defend_G","Defend_G","Defend_G","Defend_G+1","Defend_G","Strike_G","Strike_G","Strike_G+1","Strike_G","Strike_G","Survivor","Neutralize","Dagger Throw","Doppelganger+1","Dash","Escape Plan","Well Laid Plans+1","Dagger Throw","Tactician","Reflex","J.A.X.","Prepared","Underhanded Strike+1"],"max_hp_per_floor":[70,70,70,70,70,70,70,70,70,70,70,70,70,70,70,70,70,70,70,70,67,67,67],"relics":["Calling Bell","Tingsha","Bird Faced Urn","Bag of Preparation","Happy Flower","Omamori","Regal Pillow","Black Star"],"card_choices":[{"not_picked":["Acrobatics","Bane"],"picked":"Dagger Throw"},{"not_picked":["Masterful Stab","Eviscerate"],"picked":"Doppelganger"},{"not_picked":["Deadly Poison","Flying Knee"],"picked":"Dash"},{"not_picked":["PiercingWail","Deadly Poison"],"picked":"Escape Plan"},{"not_picked":["Leg Sweep","Dagger Spray"],"picked":"Well Laid Plans"},{"not_picked":["Catalyst","Accuracy"],"picked":"Dagger Throw"},{"not_picked":["Tools of the Trade","Phantasmal Killer"],"picked":"Tactician"},{"not_picked":["Slice","Sucker Punch"],"picked":"Reflex"},{"not_picked":["All Out Attack","Choke"],"picked":"Prepared"},{"not_picked":["Cloak And Dagger","Sucker Punch"],"picked":"Underhanded Strike"}],"player_experience":144839,"potions_floor_usage":[12,12,16,24],"damage_taken":[{"damage":6,"enemies":"Small Slimes","floor":1,"turns":4},{"damage":3,"enemies":"Cultist","floor":4,"turns":3},{"damage":11,"enemies":"Blue Slaver","floor":5,"turns":4},{"damage":0,"enemies":"2 Fungi Beasts","floor":10,"turns":3},{"damage":0,"enemies":"3 Sentries","floor":12,"turns":7},{"damage":2,"enemies":"Looter","floor":14,"turns":3},{"damage":26,"enemies":"The Guardian","floor":16,"turns":11},{"damage":22,"enemies":"Shell Parasite","floor":18,"turns":7},{"damage":13,"enemies":"3 Byrds","floor":20,"turns":6},{"damage":19,"enemies":"Centurion and Healer","floor":22,"turns":6},{"damage":63,"enemies":"Gremlin Leader","floor":24,"turns":9}],"event_choices":[{"event_name":"Shining Light","player_choice":"Entered Light","floor":2,"damage_taken":0},{"event_name":"The Cleric","player_choice":"Card Removal","floor":3,"damage_taken":0},{"event_name":"Scrap Ooze","player_choice":"success","floor":7,"damage_taken":7},{"event_name":"World of Goop","player_choice":"Left","floor":8,"damage_taken":0},{"event_name":"Liars Game","player_choice":"agreed","floor":13,"damage_taken":0},{"event_name":"Drug Dealer","player_choice":"Got JAXXED","floor":19,"damage_taken":0},{"event_name":"Beggar","player_choice":"Gave Gold","floor":21,"damage_taken":0}],"boss_relics":[{"not_picked":["Question Card","Runic Dome"],"picked":"Black Star"}],"potions_floor_spawned":[4,5,12,22],"seed_played":"7717651016732447469","killed_by":"Gremlin Leader","ascension_level":0,"is_trial":false}