{"gold_per_floor":[112,28,39,39,52,52,64,44,44,44,76,76,107,124,124,196,196,215,215,215,215,232,232,261,275,275,292,323,323,335,366,366,366],"floor_reached":33,"playtime":1766,"items_purged":[],"score":630,"play_id":"fa157ac0-bbbf-4a47-a2ba-2a18f36b7013","local_time":"20190427002351","is_ascension_mode":true,"campfire_choices":[{"data":"Armaments","floor":6,"key":"SMITH"},{"data":"Uppercut","floor":10,"key":"SMITH"},{"data":"Disarm","floor":12,"key":"SMITH"},{"data":"Flame Barrier","floor":15,"key":"SMITH"},{"data":"Heavy Blade","floor":23,"key":"SMITH"},{"floor":29,"key":"REST"},{"data":"Feel No Pain","floor":32,"key":"SMITH"}],"neow_cost":"NONE","seed_source_timestamp":367425360911625,"circlet_count":0,"master_deck":["AscendersBane","Strike_R+1","Strike_R","Strike_R+1","Strike_R","Defend_R","Defend_R","Defend_R","Defend_R","Bash+1","Uppercut+1","Evolve","Metallicize","Armaments+1","Disarm+1","Inflame","Flame Barrier+1","Feed","Battle Trance","Necronomicurse","Ghostly","Ghostly","Ghostly","Feel No Pain+1","Heavy Blade+1","True Grit","Corruption","Shrug It Off","Shrug It Off","Shockwave"],"relics":["Burning Blood","Darkstone Periapt","Bottled Flame","Potion Belt","Mark of Pain","Necronomicon","Prayer Wheel","Art of War","Strawberry","Whetstone"],"potions_floor_usage":[11,13,16,28,31,33],"damage_taken":[{"damage":4,"enemies":"Jaw Worm","floor":1,"turns":5},{"damage":1,"enemies":"Cultist","floor":3,"turns":3},{"damage":11,"enemies":"Small Slimes","floor":5,"turns":3},{"damage":6,"enemies":"3 Louse","floor":7,"turns":5},{"damage":18,"enemies":"Gremlin Nob","floor":11,"turns":5},{"damage":24,"enemies":"3 Sentries","floor":13,"turns":8},{"damage":6,"enemies":"Exordium Thugs","floor":14,"turns":5},{"damage":19,"enemies":"Hexaghost","floor":16,"turns":13},{"damage":18,"enemies":"Spheric Guardian","floor":18,"turns":6},{"damage":6,"enemies":"Shell Parasite","floor":22,"turns":5},{"damage":7,"enemies":"Book of Stabbing","floor":24,"turns":6},{"damage":13,"enemies":"Snake Plant","floor":25,"turns":4},{"damage":7,"enemies":"Snecko","floor":27,"turns":9},{"damage":18,"enemies":"Slavers","floor":28,"turns":7},{"damage":2,"enemies":"Shelled Parasite and Fungi","floor":30,"turns":3},{"damage":25,"enemies":"Gremlin Leader","floor":31,"turns":8},{"damage":51,"enemies":"Collector","floor":33,"turns":9}],"seed_played":"-9018483151454622229","potions_obtained":[{"floor":1,"key":"PowerPotion"},{"floor":7,"key":"BloodPotion"},{"floor":8,"key":"Explosive Potion"},{"floor":13,"key":"GamblersBrew"},{"floor":16,"key":"Energy Potion"},{"floor":25,"key":"AttackPotion"},{"floor":27,"key":"Fire Potion"},{"floor":28,"key":"Strength Potion"}],"is_trial":false,"path_per_floor":["M","$","M","?","M","R","M","?","T","R","E","R","E","M","R","B",null,"M","?","?","?","M","R","E","M","T","M","E","R","M","E","R","B"],"character_chosen":"IRONCLAD","items_purchased":["Evolve"],"campfire_rested":1,"item_purchase_floors":[2],"current_hp_per_floor":[70,70,75,68,63,63,63,63,63,63,51,51,33,33,33,20,61,53,38,38,38,41,41,40,37,37,39,37,55,59,40,40,0],"gold":366,"neow_bonus":"UPGRADE_CARD","is_prod":false,"is_daily":false,"chose_seed":false,"campfire_upgraded":6,"win_rate":0,"timestamp":1556339031,"path_taken":["M","$","M","?","M","R","M","?","T","R","E","R","E","?","R","BOSS","M","?","?","?","M","R","E","?","T","?","E","R","M","E","R","BOSS"],"build_version":"2019-01-23","purchased_purges":0,"victory":false,"max_hp_per_floor":[75,75,75,75,75,75,75,75,75,75,75,75,75,75,75,75,75,79,85,42,42,45,45,45,49,49,52,62,62,62,62,62,62],"card_choices":[{"not_picked":["Entrench","Warcry"],"picked":"Uppercut","floor":1},{"not_picked":["Sever Soul","Armaments"],"picked":"Metallicize","floor":3},{"not_picked":["Iron Wave","Evolve"],"picked":"Armaments","floor":5},{"not_picked":["Iron Wave","Headbutt"],"picked":"Disarm","floor":7},{"not_picked":["Iron Wave","Clash","Twin Strike"],"picked":"SKIP","floor":11},{"not_picked":["Pummel","Rampage"],"picked":"Inflame","floor":13},{"not_picked":["Second Wind","Metallicize"],"picked":"Flame Barrier","floor":14},{"not_picked":["Impervious","Dark Embrace"],"picked":"Feed","floor":16},{"not_picked":["Sword Boomerang","Body Slam"],"picked":"Battle Trance","floor":18},{"not_picked":["Anger","Sword Boomerang"],"picked":"Feel No Pain","floor":22},{"not_picked":["Inflame","Flex"],"picked":"Heavy Blade","floor":22},{"not_picked":["Cleave","Dropkick"],"picked":"True Grit","floor":24},{"not_picked":["Bludgeon","Second Wind"],"picked":"Corruption","floor":25},{"not_picked":["Twin Strike","Bloodletting","Perfected Strike"],"picked":"SKIP","floor":25},{"not_picked":["Heavy Blade","Whirlwind"],"picked":"Shrug It Off","floor":27},{"not_picked":["Sword Boomerang","Clash","Havoc"],"picked":"SKIP","floor":27},{"not_picked":["Dropkick","Bloodletting","Seeing Red"],"picked":"SKIP","floor":28},{"not_picked":["Warcry","Clothesline"],"picked":"Shrug It Off","floor":30},{"not_picked":["Iron Wave","Pommel Strike","Cleave"],"picked":"SKIP","floor":30},{"not_picked":["Sword Boomerang","Wild Strike+1"],"picked":"Shockwave","floor":31}],"player_experience":1982703,"relics_obtained":[{"floor":9,"key":"Darkstone Periapt"},{"floor":11,"key":"Bottled Flame"},{"floor":13,"key":"Potion Belt"},{"floor":19,"key":"Necronomicon"},{"floor":24,"key":"Art of War"},{"floor":28,"key":"Strawberry"},{"floor":31,"key":"Whetstone"}],"event_choices":[{"cards_removed":["Strike_R"],"damage_healed":0,"gold_gain":0,"player_choice":"Card Removal","damage_taken":7,"max_hp_gain":0,"max_hp_loss":0,"event_name":"Golden Wing","floor":4,"gold_loss":0},{"damage_healed":0,"gold_gain":0,"player_choice":"Bought 1 Potion","damage_taken":0,"max_hp_gain":0,"max_hp_loss":0,"event_name":"The Woman in Blue","floor":8,"gold_loss":0},{"damage_healed":0,"gold_gain":0,"player_choice":"Obtained Book","damage_taken":21,"max_hp_gain":0,"max_hp_loss":0,"event_name":"Cursed Tome","floor":19,"gold_loss":0},{"damage_healed":0,"gold_gain":0,"player_choice":"Became a Ghost","damage_taken":0,"max_hp_gain":0,"max_hp_loss":43,"event_name":"Ghosts","floor":20,"gold_loss":0,"cards_obtained":["Ghostly","Ghostly","Ghostly"]},{"damage_healed":0,"gold_gain":0,"player_choice":"Gave Potion","damage_taken":0,"relics_obtained":["Prayer Wheel"],"max_hp_gain":0,"max_hp_loss":0,"event_name":"WeMeetAgain","floor":21,"gold_loss":0}],"is_beta":false,"boss_relics":[{"not_picked":["Black Star","Runic Pyramid"],"picked":"Mark of Pain"}],"items_purged_floors":[],"is_endless":false,"potions_floor_spawned":[1,7,13,16,25,27,28],"killed_by":"Collector","ascension_level":20}