{"gold_per_floor":[117,42,42,52,65,65,95,95,95,123,123,150,168,168,168,168],"floor_reached":16,"playtime":657,"items_purged":[],"score":236,"play_id":"56ffe977-2a71-47a5-b8e7-1e6db6fb785c","local_time":"20190504155443","is_ascension_mode":true,"campfire_choices":[{"data":"Zap","floor":6,"key":"SMITH"},{"data":"Doom and Gloom","floor":8,"key":"SMITH"},{"floor":11,"key":"REST"},{"data":"Auto Shields","floor":15,"key":"SMITH"}],"neow_cost":"NONE","seed_source_timestamp":368710193842920,"circlet_count":0,"master_deck":["AscendersBane","Strike_B","Strike_B","Strike_B","Defend_B","Defend_B","Defend_B","Zap+1","Dualcast","Chill","Sweeping Beam","Doom and Gloom+1","Compile Driver","Redo","Auto Shields+1","Pain"],"relics":["Cracked Core","Dream Catcher","Sundial","Meat on the Bone","Cables","Singing Bowl","WarpedTongs"],"potions_floor_usage":[10],"damage_taken":[{"damage":4,"enemies":"Small Slimes","floor":1,"turns":4},{"damage":0,"enemies":"Jaw Worm","floor":4,"turns":3},{"damage":0,"enemies":"Cultist","floor":5,"turns":3},{"damage":18,"enemies":"Lagavulin","floor":7,"turns":6},{"damage":31,"enemies":"Gremlin Nob","floor":10,"turns":4},{"damage":16,"enemies":"Lagavulin","floor":12,"turns":5},{"damage":6,"enemies":"Blue Slaver","floor":13,"turns":3},{"damage":40,"enemies":"Hexaghost","floor":16,"turns":7}],"seed_played":"-7136513272806617915","potions_obtained":[{"floor":4,"key":"Poison Potion"},{"floor":10,"key":"SmokeBomb"},{"floor":13,"key":"Explosive Potion"}],"is_trial":false,"path_per_floor":["M","?","?","M","M","R","E","R","T","E","R","E","M","?","R","B"],"character_chosen":"DEFECT","items_purchased":[],"campfire_rested":1,"item_purchase_floors":[],"current_hp_per_floor":[60,60,53,53,53,53,35,35,35,16,37,33,39,39,39,0],"gold":168,"neow_bonus":"RANDOM_COMMON_RELIC","is_prod":false,"is_daily":false,"chose_seed":false,"campfire_upgraded":3,"win_rate":0,"timestamp":1557010483,"path_taken":["M","?","?","M","M","R","E","R","T","E","R","E","M","?","R","BOSS"],"build_version":"2019-04-23","purchased_purges":0,"victory":false,"max_hp_per_floor":[71,71,71,71,71,71,71,71,71,71,71,71,71,71,71,71],"card_choices":[{"not_picked":["Stack","Streamline"],"picked":"Chill","floor":1},{"not_picked":["Cold Snap","Undo"],"picked":"Sweeping Beam","floor":4},{"not_picked":["Compile Driver","Rebound"],"picked":"Doom and Gloom","floor":5},{"not_picked":["Auto Shields","Streamline","Double Energy"],"picked":"SKIP","floor":7},{"not_picked":["Rebound","Fusion","Storm"],"picked":"SKIP","floor":10},{"not_picked":["Steam Power","Hello World"],"picked":"Compile Driver","floor":11},{"not_picked":["Ball Lightning","Force Field"],"picked":"Redo","floor":12},{"not_picked":["Compile Driver","White Noise"],"picked":"Auto Shields","floor":13}],"player_experience":6134281,"relics_obtained":[{"floor":7,"key":"Sundial"},{"floor":9,"key":"Meat on the Bone"},{"floor":10,"key":"Cables"},{"floor":12,"key":"Singing Bowl"}],"event_choices":[{"cards_removed":["Strike_B"],"damage_healed":0,"gold_gain":0,"player_choice":"Card Removal","damage_taken":0,"max_hp_gain":0,"max_hp_loss":0,"event_name":"The Cleric","floor":2,"gold_loss":75},{"cards_removed":["Defend_B"],"damage_healed":0,"gold_gain":0,"player_choice":"Card Removal","damage_taken":7,"max_hp_gain":0,"max_hp_loss":0,"event_name":"Golden Wing","floor":3,"gold_loss":0},{"damage_healed":0,"gold_gain":0,"player_choice":"Rummage","damage_taken":0,"relics_obtained":["WarpedTongs"],"max_hp_gain":0,"max_hp_loss":0,"event_name":"Accursed Blacksmith","floor":14,"gold_loss":0,"cards_obtained":["Pain"]}],"is_beta":true,"boss_relics":[],"items_purged_floors":[],"is_endless":false,"potions_floor_spawned":[4,10,13],"killed_by":"Hexaghost","ascension_level":20}