{"gold_per_floor":[117,82,24,54,54,88,88,88,113,124,141,141,211,228,228,228],"floor_reached":16,"playtime":414,"items_purged":[],"score":196,"play_id":"2a23991d-619c-4623-a54a-f389d9a16c16","local_time":"20190403010949","is_ascension_mode":true,"campfire_choices":[{"data":"Zap","floor":7,"key":"SMITH"},{"data":"Hologram","floor":12,"key":"SMITH"},{"data":"Streamline","floor":15,"key":"SMITH"}],"neow_cost":"PERCENT_DAMAGE","seed_source_timestamp":140256616581824,"circlet_count":0,"master_deck":["AscendersBane","Strike_B+1","Strike_B","Strike_B","Strike_B","Defend_B","Defend_B","Defend_B","Defend_B","Zap+1","Dualcast","All For One","Streamline+1","Gash","Sunder+1","Self Repair+1","Hologram+1","Loop+1"],"relics":["Cracked Core","Tiny Chest","Whetstone","Frozen Egg 2","Blood Vial","Bottled Flame"],"potions_floor_usage":[],"damage_taken":[{"damage":0,"enemies":"Small Slimes","floor":1,"turns":2},{"damage":35,"enemies":"Lagavulin","floor":6,"turns":7},{"damage":0,"enemies":"2 Louse","floor":10,"turns":2},{"damage":14,"enemies":"Jaw Worm","floor":11,"turns":4},{"damage":0,"enemies":"Exordium Wildlife","floor":14,"turns":2},{"damage":22,"enemies":"Hexaghost","floor":16,"turns":4}],"seed_played":"8878885334240652910","potions_obtained":[{"floor":1,"key":"SpeedPotion"},{"floor":6,"key":"SteroidPotion"}],"is_trial":false,"path_per_floor":["M","?","$","?","?","E","R","T","T","M","M","R","T","M","R","B"],"character_chosen":"DEFECT","items_purchased":["Gash"],"campfire_rested":0,"item_purchase_floors":[3],"current_hp_per_floor":[46,63,63,45,50,15,15,15,15,17,15,15,15,17,17,0],"gold":228,"neow_bonus":"THREE_RARE_CARDS","is_prod":false,"is_daily":false,"chose_seed":false,"campfire_upgraded":3,"win_rate":0,"timestamp":1554268189,"path_taken":["M","?","$","?","?","E","R","?","T","?","M","R","?","M","R","BOSS"],"build_version":"2019-01-23","purchased_purges":0,"victory":false,"max_hp_per_floor":[71,71,71,71,76,76,76,76,76,76,76,76,76,76,76,76],"card_choices":[{"not_picked":["Amplify","Machine Learning"],"picked":"All For One","floor":0},{"not_picked":["Stack","Hello World"],"picked":"Streamline","floor":1},{"not_picked":["Beam Cell","FTL"],"picked":"Sunder","floor":6},{"not_picked":["Beam Cell","Hello World+1"],"picked":"Self Repair+1","floor":10},{"not_picked":["Cold Snap","Go for the Eyes"],"picked":"Hologram","floor":11},{"not_picked":["Hyperbeam","Coolheaded"],"picked":"Loop+1","floor":14}],"player_experience":1546638,"relics_obtained":[{"floor":6,"key":"Whetstone"},{"floor":8,"key":"Frozen Egg 2"},{"floor":9,"key":"Blood Vial"},{"floor":13,"key":"Bottled Flame"}],"event_choices":[{"damage_healed":17,"gold_gain":0,"player_choice":"Healed","damage_taken":0,"max_hp_gain":0,"max_hp_loss":0,"event_name":"The Cleric","floor":2,"gold_loss":35},{"damage_healed":0,"gold_gain":0,"player_choice":"Success","damage_taken":18,"relics_obtained":["Tiny Chest"],"max_hp_gain":0,"max_hp_loss":0,"event_name":"Scrap Ooze","floor":4,"gold_loss":0},{"damage_healed":0,"gold_gain":0,"player_choice":"Donut","damage_taken":0,"max_hp_gain":5,"max_hp_loss":0,"event_name":"Big Fish","floor":5,"gold_loss":0}],"is_beta":false,"boss_relics":[],"items_purged_floors":[],"is_endless":false,"potions_floor_spawned":[1,6],"killed_by":"Hexaghost","ascension_level":20}