{"gold_per_floor":[118,138,148,168,181,181,8,8,31,31,31,63,63,82,82,82],"floor_reached":16,"playtime":564,"items_purged":["Strike_R"],"score":204,"play_id":"4c6a3b3d-dac9-4eb7-9663-9d758940f406","local_time":"20190316185940","is_ascension_mode":true,"campfire_choices":[{"data":"Disarm","floor":6,"key":"SMITH"},{"data":"Dramatic Entrance","floor":8,"key":"SMITH"},{"data":"Bash","floor":15,"key":"SMITH"}],"neow_cost":"NONE","seed_source_timestamp":287363155468010,"circlet_count":0,"master_deck":["AscendersBane","Strike_R","Strike_R","Strike_R","Strike_R","Defend_R","Defend_R","Defend_R","Defend_R","Bash+1","Disarm+1","Clothesline","Twin Strike","Evolve","Cleave","Dramatic Entrance+1"],"relics":["Burning Blood","Omamori","Ancient Tea Set","Juzu Bracelet","Golden Idol"],"potions_floor_usage":[3,12],"damage_taken":[{"damage":6,"enemies":"Cultist","floor":1,"turns":3},{"damage":1,"enemies":"2 Louse","floor":2,"turns":3},{"damage":5,"enemies":"Jaw Worm","floor":3,"turns":5},{"damage":16,"enemies":"Exordium Thugs","floor":4,"turns":6},{"damage":16,"enemies":"Red Slaver","floor":5,"turns":5},{"damage":29,"enemies":"Lagavulin","floor":12,"turns":7},{"damage":9,"enemies":"Blue Slaver","floor":14,"turns":4},{"damage":11,"enemies":"Hexaghost","floor":16,"turns":9}],"seed_played":"-9145067642237590443","potions_obtained":[{"floor":1,"key":"Regen Potion"},{"floor":2,"key":"PowerPotion"},{"floor":5,"key":"Fire Potion"}],"is_trial":false,"path_per_floor":["M","M","M","M","M","R","$","R","T","?","?","E","?","M","R","B"],"character_chosen":"IRONCLAD","items_purchased":["Dramatic Entrance"],"campfire_rested":0,"item_purchase_floors":[7],"current_hp_per_floor":[75,80,81,71,61,61,61,61,61,66,66,43,13,10,10,0],"gold":82,"neow_bonus":"TEN_PERCENT_HP_BONUS","is_prod":false,"is_daily":false,"chose_seed":false,"campfire_upgraded":3,"win_rate":0,"timestamp":1552777180,"path_taken":["M","M","M","M","M","R","$","R","T","?","?","E","?","M","R","BOSS"],"build_version":"2019-01-23","purchased_purges":1,"victory":false,"max_hp_per_floor":[82,82,82,82,82,82,82,82,82,87,87,87,87,87,87,87],"card_choices":[{"not_picked":["Twin Strike","Rampage"],"picked":"Disarm","floor":1},{"not_picked":["Flex","Twin Strike"],"picked":"Clothesline","floor":2},{"not_picked":["Dual Wield","Flex"],"picked":"Twin Strike","floor":3},{"not_picked":["Whirlwind","Combust"],"picked":"Evolve","floor":4},{"not_picked":["Perfected Strike","Anger"],"picked":"Cleave","floor":5},{"not_picked":["Infernal Blade","Cleave","Havoc"],"picked":"SKIP","floor":12},{"not_picked":["Anger","Infernal Blade","Headbutt"],"picked":"SKIP","floor":14}],"player_experience":1165854,"relics_obtained":[{"floor":9,"key":"Omamori"},{"floor":12,"key":"Juzu Bracelet"}],"event_choices":[{"damage_healed":0,"gold_gain":0,"player_choice":"Donut","damage_taken":0,"max_hp_gain":5,"max_hp_loss":0,"event_name":"Big Fish","floor":10,"gold_loss":0},{"damage_healed":0,"gold_gain":0,"player_choice":"Gave Potion","damage_taken":0,"relics_obtained":["Ancient Tea Set"],"max_hp_gain":0,"max_hp_loss":0,"event_name":"WeMeetAgain","floor":11,"gold_loss":0},{"damage_healed":0,"gold_gain":0,"player_choice":"Take Damage","damage_taken":30,"relics_obtained":["Golden Idol"],"max_hp_gain":0,"max_hp_loss":0,"event_name":"Golden Idol","floor":13,"gold_loss":0}],"is_beta":false,"boss_relics":[],"items_purged_floors":[7],"is_endless":false,"potions_floor_spawned":[1,2,5],"killed_by":"Hexaghost","ascension_level":20}