{"gold_per_floor":[213,213,224,240,251,251,264,264,264,264,302,302,333,333,333,423,423,441,455,13,13,28,28,69,69,69,69,69,92,217,256,256,256],"floor_reached":33,"playtime":1763,"items_purged":[],"score":636,"play_id":"b1f67b1d-f55e-4079-8cde-832904d37114","local_time":"20190428055934","is_ascension_mode":true,"campfire_choices":[{"data":"Cloak And Dagger","floor":6,"key":"SMITH"},{"data":"Noxious Fumes","floor":8,"key":"SMITH"},{"data":"Neutralize","floor":12,"key":"SMITH"},{"data":"Deadly Poison","floor":15,"key":"SMITH"},{"data":"Backstab","floor":23,"key":"SMITH"},{"floor":25,"key":"REST"},{"data":"Glass Knife","floor":28,"key":"SMITH"},{"data":"Catalyst","floor":32,"key":"SMITH"}],"neow_cost":"NONE","seed_source_timestamp":473988321001242,"circlet_count":0,"master_deck":["AscendersBane","Defend_G","Defend_G","Defend_G","Defend_G+1","Defend_G","Strike_G","Strike_G","Strike_G","Strike_G+1","Strike_G","Survivor","Neutralize+1","Dagger Throw","Cloak And Dagger+1","Escape Plan","Endless Agony","Noxious Fumes+1","Deadly Poison+1","Glass Knife+1","Catalyst+1","Caltrops","Acrobatics","Backflip","PiercingWail+1","Backstab+1","Catalyst","Deadly Poison+1","Cloak And Dagger+1","Leg Sweep"],"relics":["Ring of the Snake","Pantograph","Golden Idol","Prayer Wheel","Pear","Cursed Key","Anchor","Medical Kit","MutagenicStrength","Bag of Preparation","Frozen Egg 2","The Specimen","Singing Bowl","Juzu Bracelet"],"potions_floor_usage":[5,11,16,22,30,31,33],"damage_taken":[{"damage":2,"enemies":"2 Louse","floor":1,"turns":3},{"damage":0,"enemies":"Jaw Worm","floor":3,"turns":4},{"damage":4,"enemies":"Small Slimes","floor":4,"turns":3},{"damage":0,"enemies":"Looter","floor":5,"turns":2},{"damage":3,"enemies":"3 Louse","floor":7,"turns":4},{"damage":13,"enemies":"3 Sentries","floor":11,"turns":8},{"damage":16,"enemies":"Lagavulin","floor":13,"turns":8},{"damage":19,"enemies":"The Guardian","floor":16,"turns":10},{"damage":10,"enemies":"Spheric Guardian","floor":18,"turns":4},{"damage":9,"enemies":"Chosen","floor":19,"turns":3},{"damage":13,"enemies":"Centurion and Healer","floor":22,"turns":4},{"damage":16,"enemies":"Slavers","floor":24,"turns":7},{"damage":8,"enemies":"3 Cultists","floor":29,"turns":5},{"damage":0,"enemies":"Colosseum Slavers","floor":30,"turns":2},{"damage":0,"enemies":"Colosseum Nobs","floor":30,"turns":4},{"damage":0,"enemies":"Gremlin Leader","floor":31,"turns":6},{"damage":77,"enemies":"Champ","floor":33,"turns":11}],"seed_played":"3095788808252144692","potions_obtained":[{"floor":3,"key":"FearPotion"},{"floor":4,"key":"Weak Potion"},{"floor":5,"key":"AttackPotion"},{"floor":16,"key":"Fruit Juice"},{"floor":18,"key":"Fire Potion"},{"floor":29,"key":"Fire Potion"},{"floor":30,"key":"GhostInAJar"}],"is_trial":false,"path_per_floor":["M","?","M","M","M","R","M","R","T","?","E","R","E","?","R","B",null,"M","M","$","?","M","R","E","R","T","?","R","M","?","E","R","B"],"character_chosen":"THE_SILENT","items_purchased":["Anchor","Backflip","Medical Kit"],"campfire_rested":1,"item_purchase_floors":[20,20,20],"current_hp_per_floor":[57,37,37,33,33,33,30,30,30,30,17,17,11,6,6,12,56,46,37,37,37,24,24,8,29,29,29,29,21,26,26,26,0],"gold":256,"neow_bonus":"HUNDRED_GOLD","is_prod":false,"is_daily":false,"chose_seed":false,"campfire_upgraded":7,"win_rate":0,"timestamp":1556445574,"path_taken":["M","?","M","M","M","R","M","R","T","?","E","R","E","?","R","BOSS","M","M","$","?","M","R","E","R","T","?","R","?","?","E","R","BOSS"],"build_version":"2019-01-23","purchased_purges":0,"victory":false,"max_hp_per_floor":[66,66,66,66,66,66,66,66,66,60,60,60,70,70,70,70,70,70,70,70,70,70,70,70,70,70,70,70,70,75,75,75,75],"card_choices":[{"not_picked":["Dodge and Roll","Terror"],"picked":"Dagger Throw","floor":1},{"not_picked":["Setup","Prepared"],"picked":"Cloak And Dagger","floor":3},{"not_picked":["Flying Knee","Sucker Punch"],"picked":"Escape Plan","floor":4},{"not_picked":["Concentrate","Dodge and Roll"],"picked":"Endless Agony","floor":5},{"not_picked":["Acrobatics","Blade Dance"],"picked":"Noxious Fumes","floor":7},{"not_picked":["Noxious Fumes","Terror","Eviscerate"],"picked":"SKIP","floor":11},{"not_picked":["Bane","Acrobatics"],"picked":"Deadly Poison","floor":13},{"not_picked":["Venomology","Bullet Time"],"picked":"Glass Knife","floor":16},{"not_picked":["Underhanded Strike","Dodge and Roll"],"picked":"Catalyst","floor":18},{"not_picked":["Slice","Predator","Sucker Punch"],"picked":"SKIP","floor":18},{"not_picked":["Dagger Spray","Expertise"],"picked":"Caltrops","floor":19},{"not_picked":["Outmaneuver","Blur"],"picked":"Acrobatics","floor":19},{"not_picked":["Dodge and Roll","Reflex"],"picked":"PiercingWail+1","floor":22},{"not_picked":["Calculated Gamble","Cloak And Dagger"],"picked":"Backstab","floor":22},{"not_picked":["Poisoned Stab","Accuracy"],"picked":"Catalyst","floor":24},{"not_picked":["Catalyst","Tactician"],"picked":"Deadly Poison+1","floor":29},{"not_picked":["Bane","Deflect","Quick Slash"],"picked":"SKIP","floor":29},{"not_picked":["Deflect","Choke"],"picked":"Cloak And Dagger+1","floor":30},{"not_picked":["Dodge and Roll","All Out Attack+1"],"picked":"Leg Sweep","floor":31}],"player_experience":2034238,"relics_obtained":[{"floor":9,"key":"Pantograph"},{"floor":11,"key":"Prayer Wheel"},{"floor":13,"key":"Pear"},{"floor":24,"key":"Bag of Preparation"},{"floor":26,"key":"Frozen Egg 2"},{"floor":30,"key":"The Specimen"},{"floor":30,"key":"Singing Bowl"},{"floor":31,"key":"Juzu Bracelet"}],"event_choices":[{"damage_healed":0,"gold_gain":0,"player_choice":"Entered Light","damage_taken":20,"max_hp_gain":0,"max_hp_loss":0,"event_name":"Shining Light","floor":2,"gold_loss":0,"cards_upgraded":["Strike_G","Defend_G"]},{"damage_healed":0,"gold_gain":0,"player_choice":"Lose Max HP","damage_taken":0,"relics_obtained":["Golden Idol"],"max_hp_gain":0,"max_hp_loss":6,"event_name":"Golden Idol","floor":10,"gold_loss":0},{"damage_healed":0,"gold_gain":0,"player_choice":"Fled","damage_taken":5,"max_hp_gain":0,"max_hp_loss":0,"event_name":"Scrap Ooze","floor":14,"gold_loss":0},{"damage_healed":0,"gold_gain":0,"player_choice":"Inject Mutagens","damage_taken":0,"relics_obtained":["MutagenicStrength"],"max_hp_gain":0,"max_hp_loss":0,"event_name":"Drug Dealer","floor":21,"gold_loss":0},{"cards_removed":["Injury"],"damage_healed":0,"gold_gain":0,"player_choice":"Removed Curses","damage_taken":0,"max_hp_gain":0,"max_hp_loss":0,"event_name":"Fountain of Cleansing","floor":27,"gold_loss":0},{"damage_healed":0,"gold_gain":0,"player_choice":"Fight","damage_taken":0,"max_hp_gain":0,"max_hp_loss":0,"event_name":"Colosseum","floor":30,"gold_loss":0},{"damage_healed":0,"gold_gain":0,"player_choice":"Fought Nobs","damage_taken":0,"max_hp_gain":0,"max_hp_loss":0,"event_name":"Colosseum","floor":30,"gold_loss":0}],"is_beta":false,"boss_relics":[{"not_picked":["Velvet Choker","Fusion Hammer"],"picked":"Cursed Key"}],"items_purged_floors":[],"is_endless":false,"potions_floor_spawned":[3,4,5,16,18,29,30],"killed_by":"Champ","ascension_level":20}