{"gold_per_floor":[110,385,72,87,47,75,75,110,133,143,143,162,162,65,65,142,142,162,112,28,43,43,78,93,93,147,147,161,189,28,28,28,99,99,114,4,21,39,39],"floor_reached":39,"playtime":2012,"items_purged":["Regret"],"score":904,"play_id":"e2884134-79bf-416d-8f80-53f8cfcd84e8","local_time":"20190423050700","is_ascension_mode":true,"campfire_choices":[{"data":"Uppercut","floor":7,"key":"SMITH"},{"data":"Carnage","floor":11,"key":"SMITH"},{"data":"Bash","floor":13,"key":"SMITH"},{"data":"Clothesline","floor":15,"key":"SMITH"},{"data":"Feel No Pain","floor":25,"key":"SMITH"},{"data":"Feel No Pain","floor":27,"key":"SMITH"},{"data":"1","floor":32,"key":"LIFT"}],"neow_cost":"NONE","seed_source_timestamp":38550181475141,"circlet_count":0,"master_deck":["AscendersBane","Strike_R","Strike_R","Strike_R","Strike_R","Strike_R","Defend_R","Defend_R","Defend_R","Defend_R","Bash+1","Uppercut+1","Feel No Pain+1","Offering","Metallicize","Clothesline+1","Carnage+1","Shrug It Off","Spot Weakness","Bandage Up","Fiend Fire+1","Iron Wave+1","Feel No Pain+1","Warcry","Offering","Evolve","Barricade"],"relics":["Burning Blood","Regal Pillow","Potion Belt","Ancient Tea Set","Busted Crown","PreservedInsect","Girya","Bag of Marbles","Black Star"],"potions_floor_usage":[5,6,8,16,23,28,33,33,33,33,37],"damage_taken":[{"damage":0,"enemies":"2 Louse","floor":1,"turns":4},{"damage":4,"enemies":"Cultist","floor":4,"turns":3},{"damage":27,"enemies":"Lagavulin","floor":6,"turns":8},{"damage":22,"enemies":"3 Sentries","floor":8,"turns":8},{"damage":6,"enemies":"Jaw Worm","floor":10,"turns":1},{"damage":3,"enemies":"Exordium Thugs","floor":12,"turns":4},{"damage":32,"enemies":"The Guardian","floor":16,"turns":11},{"damage":2,"enemies":"Chosen","floor":18,"turns":4},{"damage":26,"enemies":"2 Thieves","floor":21,"turns":4},{"damage":12,"enemies":"Gremlin Leader","floor":23,"turns":5},{"damage":11,"enemies":"Snake Plant","floor":24,"turns":3},{"damage":13,"enemies":"Snecko","floor":28,"turns":5},{"damage":18,"enemies":"Book of Stabbing","floor":29,"turns":3},{"damage":69,"enemies":"Champ","floor":33,"turns":14},{"damage":6,"enemies":"Orb Walker","floor":35,"turns":1},{"damage":42,"enemies":"3 Darklings","floor":37,"turns":8},{"damage":30,"enemies":"4 Shapes","floor":38,"turns":24},{"damage":24,"enemies":"Maw","floor":39,"turns":7}],"seed_played":"588300880550166157","potions_obtained":[{"floor":5,"key":"Fruit Juice"},{"floor":5,"key":"BloodPotion"},{"floor":5,"key":"Dexterity Potion"},{"floor":6,"key":"AttackPotion"},{"floor":8,"key":"GamblersBrew"},{"floor":10,"key":"Explosive Potion"},{"floor":18,"key":"Ancient Potion"},{"floor":21,"key":"Dexterity Potion"},{"floor":28,"key":"Dexterity Potion"},{"floor":29,"key":"Regen Potion"},{"floor":38,"key":"Ancient Potion"}],"is_trial":false,"path_per_floor":["M","?","$","M","?","E","R","E","T","M","R","M","R","$","R","B",null,"M","?","$","M","?","E","M","R","T","R","M","E","$","?","R","B",null,"M","$","M","M","M"],"character_chosen":"IRONCLAD","items_purchased":["Feel No Pain","Offering","Bandage Up","Feel No Pain","Bag of Marbles","SteroidPotion","Block Potion"],"campfire_rested":0,"item_purchase_floors":[3,3,14,20,30,36,36],"current_hp_per_floor":[81,81,81,82,87,66,66,50,50,50,50,53,53,53,53,31,73,81,81,81,65,65,63,62,62,62,62,59,51,51,51,51,15,69,69,69,37,17,0],"gold":39,"neow_bonus":"TEN_PERCENT_HP_BONUS","is_prod":false,"is_daily":false,"chose_seed":false,"campfire_upgraded":6,"win_rate":0,"timestamp":1556010420,"path_taken":["M","?","?","M","?","E","R","E","T","?","R","M","R","$","R","BOSS","M","?","?","?","?","E","?","R","T","R","M","E","$","?","R","BOSS","M","$","M","M","M"],"build_version":"2019-01-23","purchased_purges":1,"victory":false,"max_hp_per_floor":[82,82,82,82,87,87,87,87,87,87,87,87,87,87,87,87,87,87,87,87,87,87,87,87,87,87,87,87,87,87,87,87,87,87,87,87,87,87,87],"card_choices":[{"not_picked":["True Grit","Seeing Red"],"picked":"Uppercut","floor":1},{"not_picked":["Twin Strike","Wild Strike"],"picked":"Metallicize","floor":4},{"not_picked":["Heavy Blade","Second Wind"],"picked":"Clothesline","floor":6},{"not_picked":["Heavy Blade","Cleave"],"picked":"Carnage","floor":8},{"not_picked":["Anger","Clothesline"],"picked":"Shrug It Off","floor":10},{"not_picked":["Anger","Clash"],"picked":"Spot Weakness","floor":12},{"not_picked":["Impervious","Demon Form"],"picked":"Fiend Fire","floor":16},{"not_picked":[],"picked":"Iron Wave+1","floor":18},{"not_picked":[],"picked":"Warcry","floor":21},{"not_picked":["Anger"],"picked":"SKIP","floor":23},{"not_picked":["Iron Wave"],"picked":"SKIP","floor":24},{"not_picked":["Clothesline"],"picked":"SKIP","floor":28},{"not_picked":["Clothesline"],"picked":"SKIP","floor":28},{"not_picked":[],"picked":"Evolve","floor":29},{"not_picked":[],"picked":"Barricade","floor":33},{"not_picked":["Pommel Strike"],"picked":"SKIP","floor":35},{"not_picked":["Pommel Strike"],"picked":"SKIP","floor":37},{"not_picked":["Iron Wave"],"picked":"SKIP","floor":38}],"player_experience":1886380,"relics_obtained":[{"floor":6,"key":"Regal Pillow"},{"floor":8,"key":"Potion Belt"},{"floor":9,"key":"Ancient Tea Set"},{"floor":23,"key":"PreservedInsect"},{"floor":29,"key":"Girya"}],"event_choices":[{"damage_healed":0,"gold_gain":275,"player_choice":"Desecrate","damage_taken":0,"max_hp_gain":0,"max_hp_loss":0,"event_name":"Golden Shrine","floor":2,"gold_loss":0,"cards_obtained":["Regret"]},{"damage_healed":0,"gold_gain":0,"player_choice":"Bought 3 Potions","damage_taken":0,"max_hp_gain":0,"max_hp_loss":0,"event_name":"The Woman in Blue","floor":5,"gold_loss":0},{"damage_healed":0,"gold_gain":0,"player_choice":"Upgrade","damage_taken":0,"max_hp_gain":0,"max_hp_loss":0,"event_name":"Designer","floor":19,"gold_loss":50,"cards_upgraded":["Fiend Fire"]},{"damage_healed":0,"gold_gain":0,"player_choice":"Copied","damage_taken":0,"max_hp_gain":0,"max_hp_loss":0,"event_name":"Duplicator","floor":22,"gold_loss":0,"cards_obtained":["Offering"]},{"damage_healed":0,"gold_gain":0,"player_choice":"Ignored","damage_taken":0,"max_hp_gain":0,"max_hp_loss":0,"event_name":"Beggar","floor":31,"gold_loss":0}],"is_beta":false,"boss_relics":[{"not_picked":["Ectoplasm","Orrery"],"picked":"Busted Crown"},{"not_picked":["Philosopher\u0027s Stone","Astrolabe"],"picked":"Black Star"}],"items_purged_floors":[3],"is_endless":false,"potions_floor_spawned":[6,8,10,18,21,28,29,38],"killed_by":"Maw","ascension_level":20}