{"gold_per_floor":[119,84,97,111,124,124,124,124,124,15,15,48,48,80,80,154,154,166,186,43,43,43,43,59,59,59,91,110,138,169,186,186,260,260,280,42,42,59,78,78,106,106,130,163,163,178,178,204,204,204,204,204,204,36,66,66],"floor_reached":57,"playtime":4227,"items_purged":["Bludgeon+1"],"score":2862,"play_id":"0eee78bd-6c6a-44f4-ab46-3d8284b6112d","local_time":"20190505010030","is_ascension_mode":true,"campfire_choices":[{"data":"Bash","floor":6,"key":"SMITH"},{"data":"Clothesline","floor":8,"key":"SMITH"},{"floor":11,"key":"REST"},{"floor":15,"key":"REST"},{"floor":23,"key":"REST"},{"data":"Havoc","floor":25,"key":"SMITH"},{"floor":32,"key":"REST"},{"data":"Disarm","floor":40,"key":"SMITH"},{"floor":42,"key":"RECALL"},{"data":"Impervious","floor":45,"key":"SMITH"},{"floor":47,"key":"REST"},{"floor":49,"key":"REST"},{"floor":53,"key":"REST"}],"neow_cost":"PERCENT_DAMAGE","seed_source_timestamp":397859982764496,"circlet_count":0,"master_deck":["AscendersBane","Clothesline+1","Shrug It Off+1","Feed+1","Anger+1","Headbutt+1","Pummel+1","Fiend Fire+1","Immolate+1","Body Slam+1","Thunderclap+1","Feel No Pain+1","Iron Wave+1","Evolve+1","Corruption+1","Metallicize+1","Feel No Pain+1","Havoc+1","Whirlwind+1","Iron Wave+1","Power Through+1","Flame Barrier+1","True Grit+1","Impervious+1","Disarm+1","Ghostly Armor+1","Inflame+1","Sentinel+1","Sword Boomerang+1","Demon Form+1","True Grit","Havoc","Reckless Charge+1"],"relics":["Burning Blood","WingedGreaves","Molten Egg 2","Dodecahedron","Omamori","Frozen Egg 2","Pandora\u0027s Box","Torii","Meat on the Bone","StoneCalendar","War Paint","Mark of Pain","Red Skull","Du-Vu Doll","Charon\u0027s Ashes","Bottled Tornado","Pen Nib"],"potions_floor_usage":[12,16,24,30,44,56,56],"damage_taken":[{"damage":12,"enemies":"Jaw Worm","floor":1,"turns":4},{"damage":7,"enemies":"2 Louse","floor":3,"turns":3},{"damage":2,"enemies":"Cultist","floor":4,"turns":5},{"damage":29,"enemies":"Exordium Wildlife","floor":5,"turns":9},{"damage":3,"enemies":"Gremlin Nob","floor":12,"turns":3},{"damage":25,"enemies":"3 Sentries","floor":14,"turns":10},{"damage":41,"enemies":"Hexaghost","floor":16,"turns":8},{"damage":22,"enemies":"3 Byrds","floor":18,"turns":4},{"damage":35,"enemies":"Shell Parasite","floor":19,"turns":4},{"damage":9,"enemies":"Centurion and Healer","floor":24,"turns":3},{"damage":0,"enemies":"Gremlin Leader","floor":27,"turns":6},{"damage":0,"enemies":"Sentry and Sphere","floor":28,"turns":6},{"damage":29,"enemies":"Book of Stabbing","floor":29,"turns":5},{"damage":21,"enemies":"Slavers","floor":30,"turns":5},{"damage":7,"enemies":"3 Cultists","floor":31,"turns":4},{"damage":25,"enemies":"Champ","floor":33,"turns":10},{"damage":0,"enemies":"Orb Walker","floor":35,"turns":4},{"damage":21,"enemies":"3 Darklings","floor":38,"turns":4},{"damage":2,"enemies":"Writhing Mass","floor":39,"turns":7},{"damage":10,"enemies":"Nemesis","floor":41,"turns":8},{"damage":49,"enemies":"Reptomancer","floor":44,"turns":8},{"damage":9,"enemies":"Transient","floor":46,"turns":6},{"damage":12,"enemies":"Giant Head","floor":48,"turns":7},{"damage":61,"enemies":"Awakened One","floor":50,"turns":11},{"damage":40,"enemies":"Time Eater","floor":51,"turns":12},{"damage":7,"enemies":"Shield and Spear","floor":55,"turns":5},{"damage":94,"enemies":"The Heart","floor":56,"turns":10}],"seed_played":"-3379996860521950662","potions_obtained":[{"floor":14,"key":"SteroidPotion"},{"floor":16,"key":"SpeedPotion"},{"floor":19,"key":"AttackPotion"},{"floor":28,"key":"SteroidPotion"},{"floor":30,"key":"GamblersBrew"},{"floor":38,"key":"Block Potion"},{"floor":46,"key":"Weak Potion"}],"is_trial":false,"path_per_floor":["M","?","M","M","M","R","?","R","T","$","R","E","?","E","R","B",null,"M","M","$","?","?","R","M","R","T","E","M","E","E","M","R","B",null,"M","$","?","M","M","R","E","R","T","E","R","M","R","E","R","B","B",null,"R","$","E","B",null],"character_chosen":"IRONCLAD","items_purchased":["AttackPotion","Anger+1","Feel No Pain+1","Havoc","Red Skull","PowerPotion","True Grit","Havoc"],"campfire_rested":7,"item_purchase_floors":[10,10,20,20,36,54,54,54],"current_hp_per_floor":[44,62,61,65,42,42,19,19,19,19,41,44,44,29,52,21,68,52,23,23,23,23,47,48,48,48,54,64,53,54,57,86,67,91,97,97,97,82,86,86,82,82,82,55,55,64,94,88,103,60,42,91,107,107,110,34],"gold":66,"neow_bonus":"ONE_RARE_RELIC","is_prod":false,"is_daily":false,"chose_seed":false,"campfire_upgraded":5,"win_rate":0,"timestamp":1557043230,"path_taken":["M","?","M","M","M","R","?","R","T","$","R","E","?","E","R","BOSS","M","?","$","?","?","R","M","R","T","E","?","E","E","M","R","BOSS","M","$","?","M","M","R","E","R","T","E","R","M","R","E","R","BOSS","BOSS","R","$","E","BOSS"],"build_version":"2019-04-23","purchased_purges":1,"victory":true,"max_hp_per_floor":[75,75,75,75,75,75,75,75,75,75,75,75,75,79,79,83,83,83,83,83,83,83,83,87,87,87,87,91,91,95,99,99,99,99,99,99,99,99,99,99,99,99,99,103,103,103,103,103,103,103,107,107,107,107,111,111],"card_choices":[{"not_picked":["Armaments","Sword Boomerang"],"picked":"Clothesline","floor":1},{"not_picked":["True Grit","Headbutt"],"picked":"Shrug It Off","floor":3},{"not_picked":["Flex","Sentinel"],"picked":"Iron Wave","floor":4},{"not_picked":["Flex","Clothesline"],"picked":"Feed","floor":5},{"not_picked":["Body Slam+1","Corruption"],"picked":"Headbutt+1","floor":12},{"not_picked":["Dark Embrace","Power Through"],"picked":"Pummel+1","floor":14},{"not_picked":["Juggernaut+1","Berserk+1"],"picked":"Bludgeon+1","floor":16},{"not_picked":["Cleave+1","Clash+1"],"picked":"Corruption+1","floor":18},{"not_picked":["Wild Strike+1","Warcry"],"picked":"Metallicize+1","floor":19},{"not_picked":["Clash+1","Hemokinesis+1","Clothesline+1"],"picked":"SKIP","floor":24},{"not_picked":["Clash+1","Warcry","Armaments"],"picked":"SKIP","floor":27},{"not_picked":["Rampage+1","Fire Breathing+1"],"picked":"Flame Barrier","floor":28},{"not_picked":["Anger+1","Thunderclap+1","Clash+1"],"picked":"SKIP","floor":29},{"not_picked":["Fiend Fire+1","Ghostly Armor"],"picked":"True Grit+1","floor":30},{"not_picked":["Blood for Blood+1","Twin Strike+1","Wild Strike+1"],"picked":"SKIP","floor":31},{"not_picked":["Barricade+1","Berserk+1"],"picked":"Impervious","floor":33},{"not_picked":["Twin Strike+1","Heavy Blade+1","Dual Wield"],"picked":"SKIP","floor":35},{"not_picked":["Clothesline+1","Sever Soul+1"],"picked":"Disarm","floor":38},{"not_picked":["Seeing Red","Cleave+1"],"picked":"Ghostly Armor+1","floor":39},{"not_picked":["Flame Barrier","Intimidate"],"picked":"Inflame+1","floor":41},{"not_picked":["Intimidate","Metallicize+1"],"picked":"Sentinel+1","floor":44},{"not_picked":["Clash+1","Iron Wave+1"],"picked":"Sword Boomerang+1","floor":46},{"not_picked":["Shockwave","Uppercut+1"],"picked":"Demon Form+1","floor":48},{"not_picked":["Twin Strike+1","Clash+1"],"picked":"Reckless Charge+1","floor":55}],"player_experience":6163175,"relics_obtained":[{"floor":9,"key":"Molten Egg 2"},{"floor":12,"key":"Dodecahedron"},{"floor":14,"key":"Frozen Egg 2"},{"floor":26,"key":"Torii"},{"floor":27,"key":"Meat on the Bone"},{"floor":29,"key":"StoneCalendar"},{"floor":30,"key":"War Paint"},{"floor":41,"key":"Du-Vu Doll"},{"floor":44,"key":"Charon\u0027s Ashes"},{"floor":48,"key":"Bottled Tornado"},{"floor":55,"key":"Pen Nib"}],"event_choices":[{"damage_healed":18,"gold_gain":0,"player_choice":"Healed","damage_taken":0,"max_hp_gain":0,"max_hp_loss":0,"event_name":"The Cleric","floor":2,"gold_loss":35},{"damage_healed":0,"gold_gain":0,"player_choice":"Entered Light","damage_taken":23,"max_hp_gain":0,"max_hp_loss":0,"event_name":"Shining Light","floor":7,"gold_loss":0,"cards_upgraded":["Feed","Shrug It Off"]},{"cards_removed":["Iron Wave"],"damage_healed":0,"gold_gain":0,"player_choice":"Gave Card","damage_taken":0,"relics_obtained":["Omamori"],"max_hp_gain":0,"max_hp_loss":0,"event_name":"WeMeetAgain","floor":13,"gold_loss":0},{"damage_healed":0,"gold_gain":0,"cards_transformed":["Heavy Blade","Bash"],"player_choice":"Became Test Subject","damage_taken":0,"max_hp_gain":0,"max_hp_loss":0,"event_name":"Drug Dealer","floor":21,"gold_loss":0,"cards_obtained":["Whirlwind","Iron Wave"]},{"damage_healed":0,"gold_gain":0,"player_choice":"Read","damage_taken":0,"max_hp_gain":0,"max_hp_loss":0,"event_name":"The Library","floor":22,"gold_loss":0,"cards_obtained":["Power Through"]},{"cards_removed":["Uppercut"],"damage_healed":0,"gold_gain":0,"player_choice":"Removed Attack","damage_taken":0,"max_hp_gain":0,"max_hp_loss":0,"event_name":"Falling","floor":37,"gold_loss":0}],"is_beta":true,"boss_relics":[{"not_picked":["Ectoplasm","Runic Dome"],"picked":"Pandora\u0027s Box"},{"not_picked":["Black Blood","Busted Crown"],"picked":"Mark of Pain"}],"items_purged_floors":[36],"is_endless":false,"potions_floor_spawned":[14,16,19,28,30,31,38,39,46,48],"ascension_level":20}