{"gold_per_floor":[115,132,147,158,173,173,199,199,254,291,249,261,31,31,31,109,109,109,109,109,109,109,109,109,9,9,9,9,9,9,9,9,9],"floor_reached":33,"playtime":1486,"items_purged":["Strike_B","Pain"],"score":470,"play_id":"7a973266-3b19-48a1-b415-34ab2e90ecb9","local_time":"20190430144705","is_ascension_mode":true,"campfire_choices":[{"floor":6,"key":"REST"},{"floor":8,"key":"REST"},{"data":"Tempest","floor":15,"key":"SMITH"},{"floor":23,"key":"REST"},{"data":"Defragment","floor":29,"key":"SMITH"},{"data":"Streamline","floor":32,"key":"SMITH"}],"neow_cost":"NONE","seed_source_timestamp":9291547879143,"circlet_count":0,"master_deck":["AscendersBane","Strike_B","Strike_B","Strike_B","Defend_B","Defend_B","Defend_B","Defend_B","Zap","Dualcast","Tempest+1","Streamline+1","Melter","Steam","Ball Lightning","Auto Shields","Ball Lightning","Biased Cognition","Leap","Self Repair+1","BootSequence+1","Defragment+1","Skim","Steam"],"relics":["Cracked Core","Bronze Scales","MawBank","Shuriken","DataDisk","Ectoplasm","Ice Cream"],"potions_floor_usage":[33,33],"damage_taken":[{"damage":12,"enemies":"Jaw Worm","floor":1,"turns":3},{"damage":5,"enemies":"Small Slimes","floor":2,"turns":3},{"damage":3,"enemies":"2 Louse","floor":3,"turns":2},{"damage":9,"enemies":"Red Slaver","floor":4,"turns":3},{"damage":24,"enemies":"Gremlin Gang","floor":5,"turns":4},{"damage":20,"enemies":"Lagavulin","floor":7,"turns":6},{"damage":25,"enemies":"3 Sentries","floor":10,"turns":8},{"damage":23,"enemies":"The Guardian","floor":16,"turns":9},{"damage":0,"enemies":"Chosen","floor":18,"turns":3},{"damage":1,"enemies":"3 Byrds","floor":19,"turns":2},{"damage":15,"enemies":"Centurion and Healer","floor":21,"turns":4},{"damage":14,"enemies":"Snake Plant","floor":22,"turns":3},{"damage":24,"enemies":"Shelled Parasite and Fungi","floor":24,"turns":4},{"damage":0,"enemies":"Chosen and Byrds","floor":27,"turns":4},{"damage":33,"enemies":"3 Cultists","floor":28,"turns":4},{"damage":1,"enemies":"Cultist and Chosen","floor":31,"turns":4},{"damage":36,"enemies":"Collector","floor":33,"turns":3}],"seed_played":"-2371892509573848770","potions_obtained":[{"floor":2,"key":"SteroidPotion"},{"floor":3,"key":"Energy Potion"},{"floor":7,"key":"SmokeBomb"},{"floor":22,"key":"FocusPotion"},{"floor":28,"key":"SkillPotion"}],"is_trial":false,"path_per_floor":["M","M","M","M","M","R","E","R","T","E","?","?","$","?","R","B",null,"M","M","?","M","M","R","M","$","T","M","M","R","?","M","R","B"],"character_chosen":"DEFECT","items_purchased":["DataDisk"],"campfire_rested":3,"item_purchase_floors":[13],"current_hp_per_floor":[52,47,44,35,11,32,12,33,33,8,8,31,31,31,31,8,55,55,54,54,39,25,46,32,32,32,42,19,19,19,28,28,0],"gold":9,"neow_bonus":"THREE_CARDS","is_prod":false,"is_daily":false,"chose_seed":false,"campfire_upgraded":3,"win_rate":0,"timestamp":1556628425,"path_taken":["M","M","M","M","M","R","E","R","T","E","?","?","$","?","R","BOSS","M","M","?","?","M","R","M","$","T","?","M","R","?","M","R","BOSS"],"build_version":"2019-01-23","purchased_purges":2,"victory":false,"max_hp_per_floor":[71,71,71,71,71,71,71,71,71,71,71,71,71,71,71,71,71,71,71,71,71,71,71,71,71,71,71,71,71,71,71,71,71],"card_choices":[{"not_picked":["Barrage","Coolheaded"],"picked":"Tempest","floor":0},{"not_picked":["Go for the Eyes","Blizzard"],"picked":"Streamline","floor":1},{"not_picked":["Reprogram","Undo"],"picked":"Melter","floor":2},{"not_picked":["Fusion","Hologram"],"picked":"Steam","floor":3},{"not_picked":["Compile Driver","Consume","Fusion"],"picked":"SKIP","floor":4},{"not_picked":["Sunder","Self Repair"],"picked":"Ball Lightning","floor":5},{"not_picked":["Beam Cell","Echo Form"],"picked":"Auto Shields","floor":7},{"not_picked":["Heatsinks","Force Field"],"picked":"Ball Lightning","floor":10},{"not_picked":["All For One","Amplify"],"picked":"Biased Cognition","floor":16},{"not_picked":["Reprogram","Compile Driver+1"],"picked":"Leap","floor":18},{"not_picked":["Undo","Barrage","Hologram"],"picked":"SKIP","floor":19},{"not_picked":["Chaos","Streamline"],"picked":"Self Repair+1","floor":21},{"not_picked":["Rebound","Gash","Redo"],"picked":"SKIP","floor":22},{"not_picked":["White Noise","Conserve Battery+1"],"picked":"BootSequence+1","floor":24},{"not_picked":["Compile Driver+1","Go for the Eyes"],"picked":"Defragment","floor":27},{"not_picked":["Darkness","Reboot"],"picked":"Skim","floor":28},{"not_picked":["Barrage","Sweeping Beam"],"picked":"Steam","floor":31}],"player_experience":299607,"relics_obtained":[{"floor":7,"key":"Bronze Scales"},{"floor":9,"key":"MawBank"},{"floor":10,"key":"Shuriken"},{"floor":26,"key":"Ice Cream"}],"event_choices":[{"damage_healed":0,"gold_gain":0,"player_choice":"Left Gold","damage_taken":0,"max_hp_gain":0,"max_hp_loss":0,"event_name":"World of Goop","floor":11,"gold_loss":54},{"damage_healed":23,"gold_gain":0,"player_choice":"Banana","damage_taken":0,"max_hp_gain":0,"max_hp_loss":0,"event_name":"Big Fish","floor":12,"gold_loss":0},{"damage_healed":0,"gold_gain":0,"player_choice":"Ignored","damage_taken":0,"max_hp_gain":0,"max_hp_loss":0,"event_name":"Shining Light","floor":14,"gold_loss":0},{"damage_healed":0,"gold_gain":0,"player_choice":"1 cards matched","damage_taken":0,"max_hp_gain":0,"max_hp_loss":0,"event_name":"Match and Keep!","floor":20,"gold_loss":0,"cards_obtained":["Pain"]},{"damage_healed":0,"gold_gain":0,"player_choice":"Ignored","damage_taken":0,"max_hp_gain":0,"max_hp_loss":0,"event_name":"Vampires","floor":30,"gold_loss":0}],"is_beta":false,"boss_relics":[{"not_picked":["Orrery","Pandora\u0027s Box"],"picked":"Ectoplasm"}],"items_purged_floors":[13,25],"is_endless":false,"potions_floor_spawned":[2,3,5,7,10,19,22,24,28],"killed_by":"Collector","ascension_level":16}