{"gold_per_floor":[118,83,97,113,130,130,164,264,264,264,264,277,307,19,19,96,96,106,30,53,13,24,24,24,24,47,47,47],"floor_reached":28,"playtime":1087,"items_purged":[],"score":502,"play_id":"ce35d22c-f41b-4467-9a37-668a62103a65","local_time":"20190506123339","is_ascension_mode":true,"campfire_choices":[{"data":"Sweeping Beam","floor":6,"key":"SMITH"},{"data":"Dualcast","floor":10,"key":"SMITH"},{"data":"Hologram","floor":15,"key":"SMITH"},{"data":"Multi-Cast","floor":23,"key":"SMITH"}],"neow_cost":"NONE","seed_source_timestamp":1189591340699465,"circlet_count":0,"master_deck":["AscendersBane","Strike_B","Strike_B","Strike_B","Defend_B","Defend_B","Defend_B","Defend_B","Zap+1","Dualcast+1","Steam","Sweeping Beam+1","Glacier","Ball Lightning","Cold Snap","Compile Driver","Hologram+1","Multi-Cast+1","Defragment","Steam Power"],"relics":["Cracked Core","Symbiotic Virus","Mummified Hand","Dodecahedron","Letter Opener","Nuclear Battery","Lantern","Happy Flower"],"potions_floor_usage":[7,11],"damage_taken":[{"damage":3,"enemies":"Small Slimes","floor":1,"turns":3},{"damage":5,"enemies":"Cultist","floor":3,"turns":4},{"damage":2,"enemies":"Jaw Worm","floor":4,"turns":3},{"damage":5,"enemies":"Looter","floor":5,"turns":3},{"damage":21,"enemies":"Gremlin Nob","floor":7,"turns":4},{"damage":0,"enemies":"Exordium Thugs","floor":11,"turns":2},{"damage":0,"enemies":"2 Fungi Beasts","floor":12,"turns":2},{"damage":0,"enemies":"Lagavulin","floor":13,"turns":5},{"damage":28,"enemies":"Slime Boss","floor":16,"turns":8},{"damage":11,"enemies":"2 Thieves","floor":18,"turns":2},{"damage":12,"enemies":"Shell Parasite","floor":22,"turns":4},{"damage":24,"enemies":"Colosseum Slavers","floor":25,"turns":3},{"damage":31,"enemies":"Shelled Parasite and Fungi","floor":28,"turns":1}],"seed_played":"9164827372539472746","potions_obtained":[{"floor":1,"key":"SmokeBomb"},{"floor":4,"key":"Explosive Potion"},{"floor":7,"key":"Strength Potion"}],"is_trial":false,"path_per_floor":["M","?","M","M","M","R","E","?","T","R","M","M","E","$","R","B",null,"M","$","T","$","M","R","$","?","T","?","M"],"character_chosen":"DEFECT","items_purchased":["Letter Opener","Defragment","Steam Power"],"campfire_rested":0,"item_purchase_floors":[14,19,21],"current_hp_per_floor":[61,71,66,64,59,59,38,38,38,38,38,38,38,38,38,10,56,45,45,45,45,33,33,33,9,9,9,0],"gold":47,"neow_bonus":"UPGRADE_CARD","is_prod":false,"is_daily":false,"chose_seed":false,"campfire_upgraded":4,"win_rate":0,"timestamp":1557160419,"path_taken":["M","?","M","M","M","R","E","?","T","R","?","?","E","$","R","BOSS","M","$","?","$","?","R","?","?","T","?","?"],"build_version":"2019-01-23","purchased_purges":0,"victory":false,"max_hp_per_floor":[71,71,71,71,71,71,71,71,71,71,71,71,71,71,71,71,71,71,71,71,71,71,71,71,71,71,71,71],"card_choices":[{"not_picked":["Heatsinks","Turbo"],"picked":"Steam","floor":1},{"not_picked":["Gash","Steam"],"picked":"Sweeping Beam","floor":3},{"not_picked":["Stack","Hologram"],"picked":"Glacier","floor":4},{"not_picked":["Reinforced Body","Auto Shields"],"picked":"Ball Lightning","floor":5},{"not_picked":["Fission","Blizzard"],"picked":"Cold Snap","floor":7},{"not_picked":["Ball Lightning","Melter"],"picked":"Compile Driver","floor":12},{"not_picked":["Recycle","Steam"],"picked":"Hologram","floor":13},{"not_picked":["Creative AI","All For One"],"picked":"Multi-Cast","floor":16},{"not_picked":["Redo","Hello World","Stack"],"picked":"SKIP","floor":18},{"not_picked":["Sunder","Ball Lightning","Redo"],"picked":"SKIP","floor":22}],"player_experience":2404294,"relics_obtained":[{"floor":7,"key":"Symbiotic Virus"},{"floor":9,"key":"Mummified Hand"},{"floor":13,"key":"Dodecahedron"},{"floor":20,"key":"Lantern"},{"floor":26,"key":"Happy Flower"}],"event_choices":[{"damage_healed":17,"gold_gain":0,"player_choice":"Healed","damage_taken":0,"max_hp_gain":0,"max_hp_loss":0,"event_name":"The Cleric","floor":2,"gold_loss":35},{"damage_healed":0,"gold_gain":100,"player_choice":"Gold","damage_taken":0,"max_hp_gain":0,"max_hp_loss":0,"event_name":"Wheel of Change","floor":8,"gold_loss":0},{"damage_healed":0,"gold_gain":0,"player_choice":"Fight","damage_taken":0,"max_hp_gain":0,"max_hp_loss":0,"event_name":"Colosseum","floor":25,"gold_loss":0},{"damage_healed":0,"gold_gain":0,"player_choice":"Fled From Nobs","damage_taken":0,"max_hp_gain":0,"max_hp_loss":0,"event_name":"Colosseum","floor":25,"gold_loss":0},{"cards_removed":["Strike_B"],"damage_healed":0,"gold_gain":0,"player_choice":"Purged","damage_taken":0,"max_hp_gain":0,"max_hp_loss":0,"event_name":"Purifier","floor":27,"gold_loss":0}],"is_beta":false,"boss_relics":[{"not_picked":["Velvet Choker","Philosopher\u0027s Stone"],"picked":"Nuclear Battery"}],"items_purged_floors":[],"is_endless":false,"potions_floor_spawned":[1,4,7],"killed_by":"Shelled Parasite and Fungi","ascension_level":20}