{"gold_per_floor":[119,135,135,85,85,85,39,39,64,64,85,126,142,157,157,277,277,295,333,333,333,351,389,389,402,427,427,427,443,216,216,216,346,346,371,85,85,3,22,57,57,81,162,162],"floor_reached":44,"playtime":1725,"items_purged":["Shame"],"score":479,"play_id":"91352c2c-a903-41ad-b00d-f140905c62df","local_time":"20190128143601","is_ascension_mode":false,"campfire_choices":[{"data":"Perfected Strike","floor":6,"key":"SMITH"},{"data":"Perfected Strike","floor":8,"key":"SMITH"},{"data":"Flex","floor":10,"key":"SMITH"},{"floor":15,"key":"REST"},{"floor":24,"key":"REST"},{"data":"Perfected Strike","floor":28,"key":"SMITH"},{"data":"True Grit","floor":32,"key":"SMITH"},{"data":"Trip","floor":41,"key":"SMITH"}],"neow_cost":"NONE","seed_source_timestamp":189623241151312,"circlet_count":0,"master_deck":["Strike_R","Strike_R","Strike_R","Strike_R","Strike_R","Defend_R","Defend_R","Bash","Perfected Strike+1","Ghostly Armor","Perfected Strike+1","Flex+1","Perfected Strike+1","Spot Weakness","Thunderclap","Flex","Sentinel+1","Wild Strike+1","RitualDagger","Shrug It Off","Flex","True Grit+1","Wild Strike","Evolve","Dark Embrace","Perfected Strike+1","Trip+1"],"relics":["Black Blood","Golden Idol","Red Skull","Sozu","Red Mask","Happy Flower","PreservedInsect","Dead Branch","Peace Pipe","Incense Burner","Self Forming Clay"],"potions_floor_usage":[16,33],"damage_taken":[{"damage":6,"enemies":"Jaw Worm","floor":1,"turns":3},{"damage":8,"enemies":"2 Louse","floor":2,"turns":3},{"damage":0,"enemies":"Small Slimes","floor":11,"turns":2},{"damage":26,"enemies":"Lagavulin","floor":12,"turns":6},{"damage":10,"enemies":"Exordium Thugs","floor":13,"turns":2},{"damage":0,"enemies":"Looter","floor":14,"turns":2},{"damage":48,"enemies":"Hexaghost","floor":16,"turns":5},{"damage":20,"enemies":"2 Thieves","floor":18,"turns":3},{"damage":6,"enemies":"Masked Bandits","floor":19,"turns":3},{"damage":7,"enemies":"Shell Parasite","floor":22,"turns":2},{"damage":26,"enemies":"Book of Stabbing","floor":23,"turns":3},{"damage":19,"enemies":"Centurion and Healer","floor":25,"turns":3},{"damage":0,"enemies":"Sentry and Sphere","floor":29,"turns":2},{"damage":71,"enemies":"Champ","floor":33,"turns":8},{"damage":9,"enemies":"Orb Walker","floor":35,"turns":3},{"damage":8,"enemies":"3 Darklings","floor":39,"turns":5},{"damage":40,"enemies":"Reptomancer","floor":40,"turns":7},{"damage":44,"enemies":"Maw","floor":42,"turns":6},{"damage":18,"enemies":"Giant Head","floor":44,"turns":4}],"seed_played":"-6615934092474780231","potions_obtained":[{"floor":1,"key":"EssenceOfSteel"},{"floor":5,"key":"LiquidBronze"},{"floor":5,"key":"SmokeBomb"},{"floor":11,"key":"FairyPotion"},{"floor":16,"key":"Swift Potion"}],"is_trial":false,"path_per_floor":["M","M","?","?","?","R","$","R","T","R","M","E","M","M","R","B",null,"M","?","?","?","M","E","R","M","T","?","R","M","$","?","R","B",null,"M","$","?","$","M","E","R","M","T","E"],"character_chosen":"IRONCLAD","items_purchased":["Flex","True Grit","Wild Strike","Evolve","Peace Pipe","Trip"],"campfire_rested":2,"item_purchase_floors":[7,30,30,30,36,38],"current_hp_per_floor":[80,78,74,74,74,74,74,74,74,74,74,54,50,56,74,32,74,60,60,54,54,53,33,55,42,42,42,42,48,48,72,72,7,74,74,74,74,74,74,44,44,17,17,0],"gold":162,"neow_bonus":"THREE_CARDS","is_prod":false,"is_daily":false,"chose_seed":false,"campfire_upgraded":6,"win_rate":0,"timestamp":1548704161,"path_taken":["M","M","?","?","?","R","$","R","T","R","M","E","M","?","R","BOSS","M","?","?","?","?","E","R","M","T","?","R","M","$","?","R","BOSS","M","$","?","?","M","E","R","M","T","E"],"build_version":"2019-01-23","purchased_purges":1,"victory":false,"max_hp_per_floor":[80,80,74,74,74,74,74,74,74,74,74,74,74,74,74,74,74,74,74,74,74,74,74,74,74,74,74,74,74,74,74,74,74,74,74,74,74,74,74,74,74,74,74,74],"card_choices":[{"not_picked":["Clothesline","Pommel Strike"],"picked":"Perfected Strike","floor":0},{"not_picked":["Battle Trance","Clash"],"picked":"Ghostly Armor","floor":1},{"not_picked":["Pommel Strike","Thunderclap"],"picked":"Perfected Strike","floor":2},{"not_picked":["Clash","Sword Boomerang"],"picked":"Perfected Strike","floor":11},{"not_picked":["Burning Pact","Searing Blow"],"picked":"Spot Weakness","floor":12},{"not_picked":["Juggernaut","Clash"],"picked":"Thunderclap","floor":13},{"not_picked":["Headbutt","Dropkick"],"picked":"Flex","floor":14},{"not_picked":["Battle Trance","True Grit+1"],"picked":"Sentinel+1","floor":18},{"not_picked":["Evolve+1","Body Slam+1"],"picked":"Wild Strike+1","floor":19},{"not_picked":["Pummel","Anger","Corruption"],"picked":"SKIP","floor":22},{"not_picked":["Anger","Corruption"],"picked":"Shrug It Off","floor":23},{"not_picked":["Headbutt","Entrench","Sword Boomerang"],"picked":"SKIP","floor":25},{"not_picked":["Cleave","Clash"],"picked":"Flex","floor":29},{"not_picked":["Immolate","Demon Form"],"picked":"Dark Embrace","floor":33},{"not_picked":["Entrench+1","Combust"],"picked":"Perfected Strike+1","floor":35},{"not_picked":["Dropkick","Rage","Clash+1"],"picked":"SKIP","floor":39},{"not_picked":["Thunderclap","Body Slam+1","Havoc"],"picked":"SKIP","floor":40},{"not_picked":["Reckless Charge","Flame Barrier+1","Clash"],"picked":"SKIP","floor":42}],"player_experience":538874,"relics_obtained":[{"floor":12,"key":"Red Skull"},{"floor":19,"key":"Red Mask"},{"floor":23,"key":"Happy Flower"},{"floor":26,"key":"PreservedInsect"},{"floor":40,"key":"Incense Burner"},{"floor":43,"key":"Self Forming Clay"}],"event_choices":[{"damage_healed":0,"gold_gain":0,"player_choice":"Lose Max HP","damage_taken":0,"relics_obtained":["Golden Idol"],"max_hp_gain":0,"max_hp_loss":6,"event_name":"Golden Idol","floor":3,"gold_loss":0},{"cards_removed":["Defend_R"],"damage_healed":0,"gold_gain":0,"player_choice":"Card Removal","damage_taken":0,"max_hp_gain":0,"max_hp_loss":0,"event_name":"The Cleric","floor":4,"gold_loss":50},{"damage_healed":0,"gold_gain":0,"player_choice":"Got Potions","damage_taken":0,"max_hp_gain":0,"max_hp_loss":0,"event_name":"Lab","floor":5,"gold_loss":0},{"damage_healed":0,"gold_gain":0,"player_choice":"Fought Bandits","damage_taken":0,"max_hp_gain":0,"max_hp_loss":0,"event_name":"Masked Bandits","floor":19,"gold_loss":0},{"damage_healed":0,"gold_gain":0,"player_choice":"Joined the Cult","damage_taken":6,"max_hp_gain":0,"max_hp_loss":0,"event_name":"Nest","floor":20,"gold_loss":0,"cards_obtained":["RitualDagger"]},{"damage_healed":0,"gold_gain":0,"player_choice":"Ignored","damage_taken":0,"max_hp_gain":0,"max_hp_loss":0,"event_name":"Beggar","floor":21,"gold_loss":0},{"damage_healed":0,"gold_gain":0,"player_choice":"Stole Relic","damage_taken":0,"relics_obtained":["Dead Branch"],"max_hp_gain":0,"max_hp_loss":0,"event_name":"Addict","floor":27,"gold_loss":0,"cards_obtained":["Shame"]},{"damage_healed":24,"gold_gain":0,"player_choice":"Heal","damage_taken":0,"max_hp_gain":0,"max_hp_loss":0,"event_name":"The Library","floor":31,"gold_loss":0},{"cards_removed":["Defend_R"],"damage_healed":0,"gold_gain":0,"player_choice":"Purged","damage_taken":0,"max_hp_gain":0,"max_hp_loss":0,"event_name":"Purifier","floor":37,"gold_loss":0}],"is_beta":false,"boss_relics":[{"not_picked":["Calling Bell","Empty Cage"],"picked":"Sozu"},{"not_picked":["Coffee Dripper","Lizard Tail"],"picked":"Black Blood"}],"items_purged_floors":[30],"is_endless":false,"potions_floor_spawned":[1,11,16,19,25,29,35,39],"killed_by":"Giant Head","ascension_level":0}