{"gold_per_floor":[112,112,123,138,63,63,63,63,63,74,88,101,130,180,180,180],"floor_reached":16,"playtime":649,"items_purged":["Strike_G"],"score":204,"play_id":"f3b5082a-3243-475f-a8a6-418577c94522","local_time":"20190408135026","is_ascension_mode":true,"campfire_choices":[{"data":"Deadly Poison","floor":6,"key":"SMITH"},{"data":"Neutralize","floor":8,"key":"SMITH"},{"data":"Bouncing Flask","floor":15,"key":"SMITH"}],"neow_cost":"TEN_PERCENT_HP_LOSS","seed_source_timestamp":617740837868721,"circlet_count":0,"master_deck":["AscendersBane","Defend_G","Defend_G","Defend_G","Defend_G","Defend_G","Strike_G","Strike_G","Strike_G","Strike_G","Survivor","Neutralize+1","Deadly Poison+1","Well Laid Plans","PiercingWail","Bouncing Flask+1","PiercingWail"],"relics":["Ring of the Snake","Pocketwatch","Question Card","Letter Opener"],"potions_floor_usage":[13,16],"damage_taken":[{"damage":0,"enemies":"Jaw Worm","floor":1,"turns":5},{"damage":0,"enemies":"Cultist","floor":3,"turns":3},{"damage":7,"enemies":"Small Slimes","floor":4,"turns":4},{"damage":23,"enemies":"Gremlin Gang","floor":10,"turns":6},{"damage":3,"enemies":"Looter","floor":11,"turns":3},{"damage":0,"enemies":"Red Slaver","floor":12,"turns":4},{"damage":27,"enemies":"Gremlin Nob","floor":13,"turns":4},{"damage":12,"enemies":"The Guardian","floor":16,"turns":2}],"seed_played":"5061093504977170464","potions_obtained":[{"floor":3,"key":"Ancient Potion"},{"floor":10,"key":"Energy Potion"}],"is_trial":false,"path_per_floor":["M","?","M","M","$","R","?","R","T","M","M","M","E","?","R","B"],"character_chosen":"THE_SILENT","items_purchased":[],"campfire_rested":0,"item_purchase_floors":[],"current_hp_per_floor":[59,64,64,57,57,57,65,65,65,42,39,39,12,12,12,0],"gold":180,"neow_bonus":"ONE_RARE_RELIC","is_prod":false,"is_daily":false,"chose_seed":false,"campfire_upgraded":3,"win_rate":0,"timestamp":1554745826,"path_taken":["M","?","M","M","$","R","?","R","T","M","?","M","E","?","R","BOSS"],"build_version":"2019-01-23","purchased_purges":1,"victory":false,"max_hp_per_floor":[60,65,65,65,65,65,65,65,65,65,65,65,65,65,65,65],"card_choices":[{"not_picked":["Deflect","Slice"],"picked":"Deadly Poison","floor":1},{"not_picked":["Distraction","Deadly Poison","Accuracy"],"picked":"SKIP","floor":3},{"not_picked":["Tactician","Backflip"],"picked":"All Out Attack","floor":4},{"not_picked":["Poisoned Stab","Expertise","Blur"],"picked":"Well Laid Plans","floor":10},{"not_picked":["Flying Knee","All Out Attack","Dodge and Roll"],"picked":"PiercingWail","floor":11},{"not_picked":["Bullet Time","Acrobatics","Dagger Throw"],"picked":"Bouncing Flask","floor":12},{"not_picked":["Poisoned Stab","Deflect","Underhanded Strike"],"picked":"PiercingWail","floor":13}],"player_experience":1730307,"relics_obtained":[{"floor":9,"key":"Question Card"},{"floor":13,"key":"Letter Opener"}],"event_choices":[{"damage_healed":0,"gold_gain":0,"player_choice":"Donut","damage_taken":0,"max_hp_gain":5,"max_hp_loss":0,"event_name":"Big Fish","floor":2,"gold_loss":0},{"cards_removed":["All Out Attack"],"damage_healed":8,"gold_gain":0,"player_choice":"Offered Uncommon","damage_taken":0,"max_hp_gain":0,"max_hp_loss":0,"event_name":"Bonfire Elementals","floor":7,"gold_loss":0},{"damage_healed":0,"gold_gain":50,"player_choice":"Pray","damage_taken":0,"max_hp_gain":0,"max_hp_loss":0,"event_name":"Golden Shrine","floor":14,"gold_loss":0}],"is_beta":false,"boss_relics":[],"items_purged_floors":[5],"is_endless":false,"potions_floor_spawned":[3,10],"killed_by":"The Guardian","ascension_level":20}