{"gold_per_floor":[116,116,116,132,148,148,165,165,210,244,244,262,262,285,285,285],"floor_reached":16,"playtime":463,"items_purged":[],"score":204,"play_id":"c94956bb-6536-4b83-b09d-4a91305539ff","local_time":"20181110122004","is_ascension_mode":true,"campfire_choices":[{"data":"Neutralize","floor":6,"key":"SMITH"},{"data":"Dagger Spray","floor":8,"key":"SMITH"},{"floor":13,"key":"REST"},{"data":"Noxious Fumes","floor":15,"key":"SMITH"}],"neow_cost":"NONE","seed_source_timestamp":572126946208475,"circlet_count":0,"master_deck":["AscendersBane","Defend_G","Defend_G","Defend_G","Defend_G","Defend_G","Strike_G","Strike_G","Strike_G","Strike_G","Strike_G","Survivor","Neutralize+1","Cloak And Dagger","Dagger Spray+1","Flying Knee","Deflect","Infinite Blades","Noxious Fumes+1"],"relics":["Ring of the Snake","Bag of Marbles","Smiling Mask","Potion Belt","PreservedInsect","Golden Idol"],"potions_floor_usage":[7,16],"damage_taken":[{"damage":1,"enemies":"Cultist","floor":1,"turns":5},{"damage":7,"enemies":"Small Slimes","floor":4,"turns":4},{"damage":0,"enemies":"2 Louse","floor":5,"turns":2},{"damage":15,"enemies":"Large Slime","floor":7,"turns":7},{"damage":38,"enemies":"Lagavulin","floor":10,"turns":9},{"damage":0,"enemies":"Exordium Thugs","floor":12,"turns":4},{"damage":0,"enemies":"Looter","floor":14,"turns":3},{"damage":24,"enemies":"Hexaghost","floor":16,"turns":9}],"seed_played":"-308003577651562009","potions_obtained":[{"floor":4,"key":"AttackPotion"},{"floor":10,"key":"SkillPotion"},{"floor":12,"key":"AttackPotion"}],"is_trial":false,"path_per_floor":["M","T","?","M","M","R","M","R","T","E","?","M","R","M","R","B"],"character_chosen":"THE_SILENT","items_purchased":[],"campfire_rested":1,"item_purchase_floors":[],"current_hp_per_floor":[58,58,63,56,56,56,41,41,41,3,3,3,22,22,22,0],"gold":285,"neow_bonus":"RANDOM_COMMON_RELIC","is_prod":false,"is_daily":false,"chose_seed":false,"campfire_upgraded":3,"win_rate":0,"timestamp":1541877604,"path_taken":["M","?","?","M","M","R","M","R","T","E","?","M","R","M","R","BOSS"],"build_version":"2018-11-08","purchased_purges":0,"victory":false,"max_hp_per_floor":[66,66,71,71,71,71,71,71,71,71,64,64,64,64,64,64],"card_choices":[{"not_picked":["Dodge and Roll","Prepared"],"picked":"Cloak And Dagger","floor":1},{"not_picked":["Quick Slash","Dodge and Roll"],"picked":"Dagger Spray","floor":4},{"not_picked":["Blade Dance","Unload"],"picked":"Flying Knee","floor":5},{"not_picked":["Concentrate","Flying Knee"],"picked":"Deflect","floor":7},{"not_picked":["Prepared","Setup"],"picked":"Infinite Blades","floor":10},{"not_picked":["Distraction","Heel Hook","Dagger Spray"],"picked":"SKIP","floor":12},{"not_picked":["Dodge and Roll","Quick Slash"],"picked":"Noxious Fumes","floor":14}],"player_experience":963447,"relics_obtained":[{"floor":2,"key":"Smiling Mask"},{"floor":9,"key":"Potion Belt"},{"floor":10,"key":"PreservedInsect"}],"event_choices":[{"damage_healed":0,"gold_gain":0,"player_choice":"Donut","damage_taken":0,"max_hp_gain":5,"max_hp_loss":0,"event_name":"Big Fish","floor":3,"gold_loss":0},{"damage_healed":0,"gold_gain":0,"player_choice":"Lose Max HP","damage_taken":0,"relics_obtained":["Golden Idol"],"max_hp_gain":0,"max_hp_loss":7,"event_name":"Golden Idol","floor":11,"gold_loss":0}],"is_beta":true,"boss_relics":[],"items_purged_floors":[],"is_endless":false,"potions_floor_spawned":[4,10,12],"killed_by":"Hexaghost","ascension_level":20}