{"gold_per_floor":[119,89,106,116,74,74,105,105,105,205,205,235,235,253,253,329,329,345,445,461,461,475,475,495,530,530,530,557,557,557,568,568,642,642,654,929,526,541,235,235,261,275,275,300,300,314,314,45,45,45,45,45,45,0,31,31],"floor_reached":57,"playtime":5700,"items_purged":["Strike_G","Strike_G","Strike_G"],"score":2862,"play_id":"c50d979e-bdde-4a56-99ed-b8589ef858f1","local_time":"20190504174731","is_ascension_mode":true,"campfire_choices":[{"data":"Crippling Poison","floor":6,"key":"SMITH"},{"data":"Footwork","floor":8,"key":"SMITH"},{"data":"Cloak And Dagger","floor":11,"key":"SMITH"},{"data":"Neutralize","floor":13,"key":"SMITH"},{"data":"Well Laid Plans","floor":15,"key":"SMITH"},{"floor":23,"key":"REST"},{"floor":27,"key":"REST"},{"data":"Infinite Blades","floor":29,"key":"SMITH"},{"floor":32,"key":"REST"},{"data":"Infinite Blades","floor":40,"key":"SMITH"},{"floor":47,"key":"RECALL"},{"data":"Malaise","floor":49,"key":"SMITH"},{"floor":53,"key":"REST"}],"neow_cost":"PERCENT_DAMAGE","seed_source_timestamp":370407878629503,"circlet_count":0,"master_deck":["AscendersBane","Defend_G","Defend_G","Defend_G","Defend_G","Defend_G","Strike_G","Strike_G","Survivor","Neutralize+1","Footwork+1","Dagger Throw","Cloak And Dagger+1","Crippling Poison+1","Dash","Well Laid Plans+1","After Image+1","Escape Plan","Leg Sweep","Blade Dance","Noxious Fumes","Endless Agony","PiercingWail+1","PiercingWail","Infinite Blades+1","Crippling Poison","Writhe","Malaise+1","Backflip","Regret","Infinite Blades+1","Cloak And Dagger","Footwork","Adrenaline","Cloak And Dagger","Backflip","Escape Plan","Infinite Blades","Backflip"],"relics":["Ring of the Snake","Dead Branch","StoneCalendar","Blue Candle","Sundial","Orrery","Thread and Needle","Shuriken","Happy Flower","Bottled Tornado","Regal Pillow","Potion Belt","Philosopher\u0027s Stone","Strawberry","Membership Card","Bag of Preparation","Kunai","Medical Kit","Gambling Chip"],"potions_floor_usage":[12,19,38,38,56,56,56,56],"damage_taken":[{"damage":0,"enemies":"Jaw Worm","floor":1,"turns":5},{"damage":0,"enemies":"Cultist","floor":3,"turns":4},{"damage":0,"enemies":"2 Louse","floor":4,"turns":2},{"damage":1,"enemies":"Lagavulin","floor":7,"turns":6},{"damage":27,"enemies":"Gremlin Nob","floor":12,"turns":4},{"damage":0,"enemies":"Lots of Slimes","floor":14,"turns":4},{"damage":3,"enemies":"Hexaghost","floor":16,"turns":9},{"damage":11,"enemies":"Shell Parasite","floor":18,"turns":7},{"damage":17,"enemies":"Colosseum Slavers","floor":19,"turns":5},{"damage":0,"enemies":"Colosseum Nobs","floor":19,"turns":6},{"damage":0,"enemies":"3 Byrds","floor":20,"turns":5},{"damage":0,"enemies":"3 Cultists","floor":22,"turns":6},{"damage":2,"enemies":"Snake Plant","floor":24,"turns":6},{"damage":16,"enemies":"Gremlin Leader","floor":25,"turns":6},{"damage":20,"enemies":"Slavers","floor":28,"turns":7},{"damage":18,"enemies":"Shelled Parasite and Fungi","floor":31,"turns":6},{"damage":1,"enemies":"Automaton","floor":33,"turns":7},{"damage":1,"enemies":"3 Darklings","floor":35,"turns":6},{"damage":7,"enemies":"3 Shapes","floor":38,"turns":3},{"damage":4,"enemies":"Reptomancer","floor":41,"turns":5},{"damage":2,"enemies":"Spire Growth","floor":42,"turns":4},{"damage":2,"enemies":"Giant Head","floor":44,"turns":4},{"damage":5,"enemies":"Transient","floor":46,"turns":6},{"damage":13,"enemies":"Awakened One","floor":50,"turns":8},{"damage":12,"enemies":"Time Eater","floor":51,"turns":8},{"damage":23,"enemies":"Shield and Spear","floor":55,"turns":7},{"damage":14,"enemies":"The Heart","floor":56,"turns":9}],"seed_played":"8781362746131767561","potions_obtained":[{"floor":1,"key":"Regen Potion"},{"floor":2,"key":"GhostInAJar"},{"floor":3,"key":"FearPotion"},{"floor":14,"key":"Energy Potion"},{"floor":18,"key":"PowerPotion"},{"floor":19,"key":"Ancient Potion"},{"floor":22,"key":"AttackPotion"},{"floor":35,"key":"AttackPotion"}],"is_trial":false,"path_per_floor":["M","?","M","M","$","R","E","R","T","?","R","E","R","M","R","B",null,"M","?","M","?","M","R","M","E","T","R","E","R","?","M","R","B",null,"M","?","$","M","$","R","E","M","T","E","?","M","R","$","R","B","B",null,"R","$","E","B",null],"character_chosen":"THE_SILENT","items_purchased":["Crippling Poison","Dexterity Potion","Strawberry","Infinite Blades","Cloak And Dagger","Membership Card","Footwork","Fire Potion","Backflip","Escape Plan","Medical Kit","Dexterity Potion","Infinite Blades"],"campfire_rested":4,"item_purchase_floors":[5,37,37,37,37,39,39,39,48,48,48,48,54],"current_hp_per_floor":[44,44,44,44,44,44,43,43,43,43,43,16,16,16,16,13,53,42,25,25,25,25,44,42,26,26,45,25,25,25,7,41,40,60,59,59,66,59,59,59,55,53,53,51,51,46,46,46,46,33,21,60,73,73,50,36],"gold":31,"neow_bonus":"ONE_RARE_RELIC","is_prod":false,"is_daily":false,"chose_seed":false,"campfire_upgraded":8,"win_rate":0,"timestamp":1557017251,"path_taken":["M","?","M","?","?","R","E","R","T","?","R","E","R","?","R","BOSS","M","?","M","?","M","R","?","E","T","R","E","R","?","M","R","BOSS","M","?","$","M","?","R","E","M","T","E","?","M","R","$","R","BOSS","BOSS","R","$","E","BOSS"],"build_version":"2019-04-23","purchased_purges":3,"victory":true,"max_hp_per_floor":[66,66,66,66,66,66,66,66,66,66,66,66,66,66,66,66,66,66,66,66,66,66,66,66,66,66,66,66,66,66,66,66,66,66,66,66,73,73,73,73,73,73,73,73,73,73,73,73,73,73,73,73,73,73,73,73],"card_choices":[{"not_picked":["Deadly Poison","Deflect"],"picked":"Footwork","floor":1},{"not_picked":["Expertise","Bane"],"picked":"Dagger Throw","floor":3},{"not_picked":["Dodge and Roll","Poisoned Stab"],"picked":"Cloak And Dagger","floor":4},{"not_picked":["Distraction","Concentrate"],"picked":"Dash","floor":7},{"not_picked":["Doppelganger","Reflex","Choke"],"picked":"SKIP","floor":12},{"not_picked":["Bouncing Flask","Slice"],"picked":"Well Laid Plans","floor":14},{"not_picked":["Burst","Tools of the Trade"],"picked":"After Image","floor":16},{"not_picked":["Blur","Blade Dance"],"picked":"Escape Plan","floor":17},{"not_picked":["Underhanded Strike","Skewer"],"picked":"Leg Sweep","floor":17},{"not_picked":["Masterful Stab","Deflect"],"picked":"Blade Dance","floor":17},{"not_picked":["Dagger Throw","Burst"],"picked":"Noxious Fumes","floor":18},{"not_picked":["Dagger Spray","Skewer"],"picked":"Endless Agony","floor":19},{"not_picked":["Expertise+1","Concentrate"],"picked":"PiercingWail+1","floor":20},{"not_picked":["Deflect","Endless Agony"],"picked":"PiercingWail","floor":22},{"not_picked":["Flying Knee","Heel Hook"],"picked":"Infinite Blades","floor":24},{"not_picked":["Setup","Dagger Spray","Bouncing Flask"],"picked":"SKIP","floor":25},{"not_picked":["Reflex","Phantasmal Killer"],"picked":"Crippling Poison","floor":28},{"not_picked":["Crippling Poison","Poisoned Stab","Choke"],"picked":"SKIP","floor":31},{"not_picked":["A Thousand Cuts","Phantasmal Killer"],"picked":"Malaise","floor":33},{"not_picked":["Catalyst+1","Deflect"],"picked":"Backflip","floor":35},{"not_picked":["Outmaneuver+1","Blade Dance","Underhanded Strike"],"picked":"SKIP","floor":38},{"not_picked":["Poisoned Stab","Bane+1"],"picked":"Adrenaline","floor":41},{"not_picked":["Outmaneuver","Bane+1","Acrobatics"],"picked":"SKIP","floor":42},{"not_picked":["Bane","Unload"],"picked":"Cloak And Dagger","floor":44},{"not_picked":["Flying Knee+1","Bane","Catalyst"],"picked":"SKIP","floor":46},{"not_picked":["Deadly Poison","Underhanded Strike"],"picked":"Backflip","floor":55}],"player_experience":6135959,"relics_obtained":[{"floor":7,"key":"StoneCalendar"},{"floor":9,"key":"Blue Candle"},{"floor":12,"key":"Sundial"},{"floor":19,"key":"Thread and Needle"},{"floor":19,"key":"Shuriken"},{"floor":25,"key":"Happy Flower"},{"floor":26,"key":"Bottled Tornado"},{"floor":28,"key":"Regal Pillow"},{"floor":41,"key":"Bag of Preparation"},{"floor":44,"key":"Kunai"},{"floor":55,"key":"Gambling Chip"}],"event_choices":[{"damage_healed":0,"gold_gain":0,"player_choice":"Bought 2 Potions","damage_taken":0,"max_hp_gain":0,"max_hp_loss":0,"event_name":"The Woman in Blue","floor":2,"gold_loss":0},{"damage_healed":0,"gold_gain":100,"player_choice":"Gold","damage_taken":0,"max_hp_gain":0,"max_hp_loss":0,"event_name":"Wheel of Change","floor":10,"gold_loss":0},{"damage_healed":0,"gold_gain":0,"player_choice":"Fight","damage_taken":0,"max_hp_gain":0,"max_hp_loss":0,"event_name":"Colosseum","floor":19,"gold_loss":0},{"damage_healed":0,"gold_gain":0,"player_choice":"Fought Nobs","damage_taken":0,"max_hp_gain":0,"max_hp_loss":0,"event_name":"Colosseum","floor":19,"gold_loss":0},{"damage_healed":0,"gold_gain":0,"player_choice":"Upgraded","damage_taken":0,"max_hp_gain":0,"max_hp_loss":0,"event_name":"Upgrade Shrine","floor":21,"gold_loss":0,"cards_upgraded":["After Image"]},{"damage_healed":0,"gold_gain":0,"player_choice":"Opened","damage_taken":0,"relics_obtained":["Potion Belt"],"max_hp_gain":0,"max_hp_loss":0,"event_name":"The Mausoleum","floor":30,"gold_loss":0,"cards_obtained":["Writhe"]},{"damage_healed":0,"gold_gain":275,"player_choice":"Desecrate","damage_taken":0,"max_hp_gain":0,"max_hp_loss":0,"event_name":"Golden Shrine","floor":36,"gold_loss":0,"cards_obtained":["Regret"]},{"damage_healed":0,"gold_gain":0,"player_choice":"0 cards matched","damage_taken":0,"max_hp_gain":0,"max_hp_loss":0,"event_name":"Match and Keep!","floor":45,"gold_loss":0,"cards_obtained":[]}],"is_beta":true,"boss_relics":[{"not_picked":["Runic Pyramid","WristBlade"],"picked":"Orrery"},{"not_picked":["HoveringKite","Coffee Dripper"],"picked":"Philosopher\u0027s Stone"}],"items_purged_floors":[37,39,48],"is_endless":false,"potions_floor_spawned":[1,3,14,18,19,22,25,35],"ascension_level":20}