{"path_per_floor":["M","$","?","M","$","R","M","E","T","M","M","R","$","E","R","B",null,"M","M","M","?","?","R","$","?","T","?","M","R","$","?","R","B",null,"M","?","?","?","?","R","?","E","T","?","R","E","R","$","R","B"],"character_chosen":"THE_SILENT","items_purchased":["Footwork","Apotheosis","Singing Bowl","Backflip","Juzu Bracelet","PiercingWail","Letter Opener","Noxious Fumes","Swift Potion","Weak Potion"],"gold_per_floor":[145,105,355,366,110,110,125,153,153,173,187,187,10,39,39,144,144,155,165,178,178,178,178,30,30,30,30,42,42,19,19,19,118,118,128,128,128,128,478,478,478,506,506,506,506,535,535,10,10,10],"floor_reached":51,"campfire_rested":7,"playtime":2612,"current_hp_per_floor":[60,60,60,58,58,58,52,44,44,44,37,59,59,52,75,45,69,59,48,42,42,42,65,65,65,75,75,75,89,89,73,89,61,82,59,59,49,71,64,89,89,66,66,66,66,45,71,71,71,66],"items_purged":["Regret","Strike_G"],"gold":10,"score":1187,"play_id":"192a28c2-249a-430e-9351-cccceef3dee3","local_time":"20180331131405","is_prod":false,"is_daily":false,"is_ascension_mode":true,"campfire_upgraded":1,"timestamp":1522516445,"path_taken":["M","$","?","M","$","R","M","E","T","M","?","R","$","E","R","BOSS","M","M","M","?","?","R","$","?","T","?","M","R","?","?","R","BOSS","M","?","?","?","?","R","?","E","T","?","R","E","R","$","R","BOSS"],"build_version":"2018-03-29v2","purchased_purges":3,"victory":true,"master_deck":["Defend_G","Defend_G","Defend_G","Defend_G","Defend_G","Strike_G+1","Survivor","Neutralize","AscendersBane","Flying Knee","Footwork","Footwork","Blur","Apotheosis+1","Noxious Fumes","Quick Slash","Bouncing Flask","Bane","Backflip","Doppelganger","Escape Plan+1","Acrobatics","Choke","Backflip","PiercingWail","Adrenaline","Dodge and Roll","Bandage Up","Finesse","Dramatic Entrance","Concentrate","Catalyst","Adrenaline","Noxious Fumes"],"max_hp_per_floor":[75,75,75,75,75,75,75,75,75,75,75,75,75,77,77,77,77,79,79,79,79,79,79,79,79,89,89,89,89,89,89,89,89,89,89,89,89,89,89,89,89,89,89,89,89,89,89,89,86,86],"relics":["Tiny House","Paper Crane","Gambling Chip","Singing Bowl","Bottled Lightning","Cursed Key","Juzu Bracelet","Pear","Enchiridion","Lizard Tail","Old Coin","Peace Pipe","Question Card","Spirit Poop","Mummified Hand","Letter Opener"],"card_choices":[{"not_picked":["Slice","Deflect"],"picked":"Flying Knee","floor":0},{"not_picked":["Flying Knee","Deflect"],"picked":"Footwork","floor":1},{"not_picked":["Well Laid Plans","Prepared"],"picked":"Blur","floor":4},{"not_picked":["Night Terror","Cloak And Dagger"],"picked":"Noxious Fumes","floor":7},{"not_picked":["Flying Knee","Concentrate"],"picked":"Quick Slash","floor":8},{"not_picked":["PiercingWail","Outmaneuver"],"picked":"Bouncing Flask","floor":10},{"not_picked":["Deflect","Underhanded Strike"],"picked":"Bane","floor":11},{"not_picked":["Night Terror","Grand Finale"],"picked":"Doppelganger","floor":16},{"not_picked":["Quick Slash","Flying Knee"],"picked":"Escape Plan","floor":19},{"not_picked":["Bouncing Flask","Backflip"],"picked":"Acrobatics","floor":20},{"not_picked":["Sucker Punch","Deadly Poison"],"picked":"Backflip","floor":28},{"not_picked":["Night Terror","Corpse Explosion"],"picked":"Adrenaline","floor":33},{"not_picked":["Sucker Punch","Dagger Throw"],"picked":"Dodge and Roll","floor":35},{"not_picked":["Dark Shackles","Madness"],"picked":"Bandage Up","floor":37},{"not_picked":["Good Instincts","Deep Breath"],"picked":"Finesse","floor":37},{"not_picked":["Flash of Steel","Swift Strike"],"picked":"Dramatic Entrance","floor":37},{"not_picked":["Outmaneuver","Sucker Punch"],"picked":"Concentrate","floor":39},{"not_picked":["Dodge and Roll","Crippling Poison"],"picked":"Catalyst","floor":42},{"not_picked":["Deadly Poison","Well Laid Plans","Crippling Poison"],"picked":"Adrenaline","floor":46}],"player_experience":643125,"potions_floor_usage":[11,16,16,19,28,39,50,50],"damage_taken":[{"damage":8,"enemies":"Jaw Worm","floor":1,"turns":5},{"damage":2,"enemies":"Cultist","floor":4,"turns":5},{"damage":6,"enemies":"Small Slimes","floor":7,"turns":4},{"damage":8,"enemies":"Lagavulin","floor":8,"turns":9},{"damage":0,"enemies":"2 Fungi Beasts","floor":10,"turns":4},{"damage":7,"enemies":"Exordium Wildlife","floor":11,"turns":5},{"damage":9,"enemies":"3 Sentries","floor":14,"turns":6},{"damage":30,"enemies":"Slime Boss","floor":16,"turns":8},{"damage":12,"enemies":"Spheric Guardian","floor":18,"turns":4},{"damage":11,"enemies":"2 Thieves","floor":19,"turns":4},{"damage":6,"enemies":"Snake Plant","floor":20,"turns":6},{"damage":0,"enemies":"Centurion and Healer","floor":28,"turns":4},{"damage":28,"enemies":"Collector","floor":33,"turns":8},{"damage":23,"enemies":"3 Darklings","floor":35,"turns":4},{"damage":13,"enemies":"Mysterious Sphere","floor":39,"turns":8},{"damage":23,"enemies":"Giant Head","floor":42,"turns":11},{"damage":27,"enemies":"2 Orb Walkers","floor":46,"turns":3},{"damage":11,"enemies":"Donu and Deca","floor":50,"turns":8}],"event_choices":[{"event_name":"Golden Shrine","player_choice":"Desecrate","floor":3,"damage_taken":0},{"event_name":"Back to Basics","player_choice":"Elegance","floor":21,"damage_taken":0},{"event_name":"The Library","player_choice":"Read","floor":22,"damage_taken":0},{"event_name":"Purifier","player_choice":"One Purge","floor":25,"damage_taken":0},{"event_name":"Beggar","player_choice":"Ignored","floor":27,"damage_taken":0},{"event_name":"Cursed Tome","player_choice":"Obtained Book","floor":31,"damage_taken":0},{"event_name":"SensoryStone","player_choice":"Memory 3","floor":37,"damage_taken":0},{"event_name":"Winding Halls","player_choice":"Writhe","floor":38,"damage_taken":0},{"event_name":"Mysterious Sphere","player_choice":"Fight","floor":39,"damage_taken":0},{"event_name":"Tomb of Lord Red Mask","player_choice":"Ignored","floor":41,"damage_taken":0},{"event_name":"Bonfire Elementals","player_choice":"CURSE","floor":44,"damage_taken":0}],"boss_relics":[{"not_picked":["White Beast Statue","Runic Pyramid"],"picked":"Cursed Key"},{"not_picked":["Snecko Eye","Orrery"],"picked":"Lizard Tail"}],"potions_floor_spawned":[10,11,18,19,35],"seed_played":"-4299969091355531556","ascension_level":12,"is_trial":false}