{"gold_per_floor":[212,212,228,244,244,275,275,308,308,325,380,380,391,410,410,486,486,496,496,94,94,125,125,451,451,475,495,523,30,50,69,69,144,144,154,254,254,265,283,314,314,347,347,362,391,65,75,86,86,86,86,86,86,31,56,56],"floor_reached":57,"playtime":4907,"items_purged":["Strike_B","Zap+1"],"score":2904,"play_id":"b79d13d2-2cd3-4e3d-8576-3f562b95f220","local_time":"20190508205126","is_ascension_mode":true,"campfire_choices":[{"data":"Streamline","floor":7,"key":"SMITH"},{"data":"Zap","floor":12,"key":"SMITH"},{"data":"Go for the Eyes","floor":15,"key":"SMITH"},{"data":"Sunder","floor":23,"key":"SMITH"},{"data":"Biased Cognition","floor":25,"key":"SMITH"},{"data":"Beam Cell","floor":32,"key":"SMITH"},{"floor":41,"key":"RECALL"},{"data":"Coolheaded","floor":49,"key":"SMITH"},{"data":"Meteor Strike","floor":53,"key":"SMITH"}],"neow_cost":"NONE","seed_source_timestamp":124838016634572,"circlet_count":0,"master_deck":["AscendersBane","Defend_B","Defend_B","Defend_B","Defend_B","Dualcast","Streamline+1","Chill","Sweeping Beam","Cold Snap","All For One","Beam Cell+1","Go for the Eyes+1","Genetic Algorithm","Biased Cognition+1","Coolheaded+1","Sunder+1","Bite","Bite","Bite","Bite","Bite","Conserve Battery+1","Hologram+1","Seek+1","Force Field+1","Conserve Battery+1","Meteor Strike+1","Stack+1","Rainbow+1","Coolheaded+1","Glacier+1","Genetic Algorithm+1","Hologram+1","Hologram+1","Recycle+1","Hologram+1"],"relics":["Cracked Core","DataDisk","Ornamental Fan","Darkstone Periapt","Dream Catcher","Tiny Chest","Snecko Eye","Toxic Egg 2","Red Mask","Old Coin","Oddly Smooth Stone","Orichalcum","Gambling Chip","Inserter","Bird Faced Urn","Bottled Flame","Vajra","Bottled Tornado","Bag of Preparation","Dead Branch","Bag of Marbles"],"potions_floor_usage":[8,11,13,16,24,33,45,56,56],"damage_taken":[{"damage":5,"enemies":"Small Slimes","floor":1,"turns":4},{"damage":1,"enemies":"2 Louse","floor":3,"turns":2},{"damage":0,"enemies":"Cultist","floor":4,"turns":3},{"damage":9,"enemies":"3 Sentries","floor":6,"turns":11},{"damage":5,"enemies":"Gremlin Nob","floor":8,"turns":3},{"damage":10,"enemies":"Blue Slaver","floor":10,"turns":2},{"damage":4,"enemies":"Lagavulin","floor":11,"turns":6},{"damage":0,"enemies":"3 Louse","floor":13,"turns":2},{"damage":2,"enemies":"Exordium Wildlife","floor":14,"turns":3},{"damage":29,"enemies":"The Guardian","floor":16,"turns":10},{"damage":0,"enemies":"Chosen","floor":18,"turns":5},{"damage":5,"enemies":"Masked Bandits","floor":22,"turns":3},{"damage":3,"enemies":"Gremlin Leader","floor":24,"turns":8},{"damage":0,"enemies":"Spheric Guardian","floor":27,"turns":1},{"damage":3,"enemies":"Book of Stabbing","floor":28,"turns":3},{"damage":0,"enemies":"Centurion and Healer","floor":30,"turns":2},{"damage":13,"enemies":"Snake Plant","floor":31,"turns":3},{"damage":42,"enemies":"Champ","floor":33,"turns":12},{"damage":0,"enemies":"3 Shapes","floor":35,"turns":3},{"damage":0,"enemies":"Mind Bloom Boss Battle","floor":36,"turns":6},{"damage":0,"enemies":"Orb Walker","floor":38,"turns":1},{"damage":0,"enemies":"Maw","floor":39,"turns":2},{"damage":0,"enemies":"Reptomancer","floor":40,"turns":1},{"damage":1,"enemies":"Nemesis","floor":42,"turns":5},{"damage":0,"enemies":"Jaw Worm Horde","floor":44,"turns":7},{"damage":22,"enemies":"Reptomancer","floor":45,"turns":9},{"damage":0,"enemies":"Writhing Mass","floor":47,"turns":4},{"damage":0,"enemies":"Maw","floor":48,"turns":3},{"damage":24,"enemies":"Awakened One","floor":50,"turns":12},{"damage":9,"enemies":"Donu and Deca","floor":51,"turns":11},{"damage":27,"enemies":"Shield and Spear","floor":55,"turns":9},{"damage":3,"enemies":"The Heart","floor":56,"turns":10}],"seed_played":"-733516734546419010","potions_obtained":[{"floor":1,"key":"SteroidPotion"},{"floor":6,"key":"Weak Potion"},{"floor":10,"key":"AttackPotion"},{"floor":11,"key":"Dexterity Potion"},{"floor":14,"key":"Strength Potion"},{"floor":18,"key":"SkillPotion"},{"floor":24,"key":"Swift Potion"},{"floor":33,"key":"FearPotion"},{"floor":36,"key":"PowerPotion"},{"floor":47,"key":"Explosive Potion"}],"is_trial":false,"path_per_floor":["M","?","M","M","?","E","R","E","T","M","E","R","M","M","R","B",null,"M","?","$","?","?","R","E","R","T","M","E","$","M","M","R","B",null,"M","?","T","M","M","E","R","E","T","M","E","$","M","M","R","B","B",null,"R","$","E","B",null],"character_chosen":"DEFECT","items_purchased":["Toxic Egg 2","Sunder","Gambling Chip","Force Field+1","Dead Branch","Weak Potion"],"campfire_rested":0,"item_purchase_floors":[20,20,29,29,46,54],"current_hp_per_floor":[59,64,63,63,63,54,54,49,49,39,35,35,35,33,33,4,58,58,36,36,36,39,39,56,56,56,56,56,56,56,45,45,33,50,56,56,56,56,56,56,56,56,56,56,46,46,56,56,56,44,56,56,56,56,56,55],"gold":56,"neow_bonus":"HUNDRED_GOLD","is_prod":false,"is_daily":false,"chose_seed":false,"campfire_upgraded":8,"win_rate":0,"timestamp":1557373886,"path_taken":["M","?","M","M","?","E","R","E","T","?","E","R","M","M","R","BOSS","M","?","$","?","?","R","E","R","T","M","E","$","M","M","R","BOSS","M","?","?","M","M","E","R","E","T","M","E","$","M","M","R","BOSS","BOSS","R","$","E","BOSS"],"build_version":"2019-05-07","purchased_purges":2,"victory":true,"max_hp_per_floor":[71,76,76,76,76,76,76,76,76,76,76,76,76,76,76,76,76,76,81,81,56,56,56,56,56,56,56,56,56,56,56,56,56,56,56,56,56,56,56,56,56,56,56,56,56,56,56,56,56,56,56,56,56,56,56,56],"card_choices":[{"not_picked":["Tempest","Heatsinks"],"picked":"Streamline","floor":1},{"not_picked":["Barrage","Redo"],"picked":"Chill","floor":3},{"not_picked":["Melter","Stack"],"picked":"Sweeping Beam","floor":4},{"not_picked":["Stack","Rebound"],"picked":"Cold Snap","floor":6},{"not_picked":["Leap","Fusion"],"picked":"All For One","floor":8},{"not_picked":["Leap","Rebound"],"picked":"Beam Cell","floor":10},{"not_picked":["Streamline","Compile Driver"],"picked":"Go for the Eyes","floor":11},{"not_picked":["Rip and Tear","Leap","Chaos"],"picked":"SKIP","floor":13},{"not_picked":["Turbo","Compile Driver"],"picked":"Genetic Algorithm","floor":14},{"not_picked":["Buffer","Thunder Strike"],"picked":"Biased Cognition","floor":16},{"not_picked":["Self Repair","Streamline"],"picked":"Coolheaded","floor":18},{"not_picked":["Rebound+1","Ball Lightning"],"picked":"Conserve Battery+1","floor":24},{"not_picked":["Heatsinks","Skim+1"],"picked":"Hologram+1","floor":27},{"not_picked":["Rip and Tear+1","Cold Snap"],"picked":"Seek+1","floor":28},{"not_picked":["Ball Lightning","BootSequence+1"],"picked":"Conserve Battery+1","floor":30},{"not_picked":["Blizzard","Aggregate+1","Cold Snap"],"picked":"SKIP","floor":31},{"not_picked":["Core Surge","Reboot+1"],"picked":"Meteor Strike","floor":33},{"not_picked":["Conserve Battery+1","Chaos+1"],"picked":"Stack+1","floor":35},{"not_picked":["Aggregate+1","BootSequence+1"],"picked":"Rainbow+1","floor":38},{"not_picked":["FTL","Sweeping Beam+1"],"picked":"Coolheaded+1","floor":39},{"not_picked":["Hologram+1","Streamline+1"],"picked":"Glacier+1","floor":40},{"not_picked":["Turbo+1","Redo+1"],"picked":"Genetic Algorithm+1","floor":42},{"not_picked":["Beam Cell+1","Darkness+1","Aggregate+1"],"picked":"SKIP","floor":44},{"not_picked":["Ball Lightning","Barrage"],"picked":"Hologram+1","floor":45},{"not_picked":["Force Field+1","Reprogram+1"],"picked":"Hologram+1","floor":47},{"not_picked":["Leap+1","Reprogram+1"],"picked":"Recycle+1","floor":48},{"not_picked":["Go for the Eyes+1","Melter+1"],"picked":"Hologram+1","floor":55}],"player_experience":6288917,"relics_obtained":[{"floor":5,"key":"DataDisk"},{"floor":6,"key":"Ornamental Fan"},{"floor":8,"key":"Darkstone Periapt"},{"floor":9,"key":"Dream Catcher"},{"floor":11,"key":"Tiny Chest"},{"floor":22,"key":"Red Mask"},{"floor":24,"key":"Old Coin"},{"floor":26,"key":"Oddly Smooth Stone"},{"floor":28,"key":"Orichalcum"},{"floor":36,"key":"Bird Faced Urn"},{"floor":37,"key":"Bottled Flame"},{"floor":40,"key":"Vajra"},{"floor":42,"key":"Bottled Tornado"},{"floor":45,"key":"Bag of Preparation"},{"floor":55,"key":"Bag of Marbles"}],"event_choices":[{"damage_healed":0,"gold_gain":0,"player_choice":"Donut","damage_taken":0,"max_hp_gain":5,"max_hp_loss":0,"event_name":"Big Fish","floor":2,"gold_loss":0},{"damage_healed":0,"gold_gain":0,"player_choice":"Relic","damage_taken":0,"max_hp_gain":0,"max_hp_loss":0,"event_name":"Wheel of Change","floor":5,"gold_loss":0},{"damage_healed":0,"gold_gain":0,"player_choice":"Shed Blood","damage_taken":27,"max_hp_gain":5,"max_hp_loss":0,"event_name":"Forgotten Altar","floor":19,"gold_loss":0},{"damage_healed":0,"gold_gain":0,"player_choice":"Became a vampire","damage_taken":0,"max_hp_gain":0,"max_hp_loss":25,"event_name":"Vampires","floor":21,"gold_loss":0,"cards_obtained":["Bite","Bite","Bite","Bite","Bite"]},{"damage_healed":0,"gold_gain":0,"player_choice":"Fought Bandits","damage_taken":0,"max_hp_gain":0,"max_hp_loss":0,"event_name":"Masked Bandits","floor":22,"gold_loss":0},{"damage_healed":0,"gold_gain":0,"player_choice":"Fight","damage_taken":0,"max_hp_gain":0,"max_hp_loss":0,"event_name":"MindBloom","floor":36,"gold_loss":0}],"is_beta":true,"boss_relics":[{"not_picked":["Ectoplasm","Cursed Key"],"picked":"Snecko Eye"},{"not_picked":["Calling Bell","Black Star"],"picked":"Inserter"}],"items_purged_floors":[20,29],"is_endless":false,"potions_floor_spawned":[1,6,10,11,14,18,24,33,36,38,42,44,47],"ascension_level":20}