{"gold_per_floor":[111,123,123,133,0,0,0,19,19,41,41,41,41,66,66,145,145,85,85,85,85,46,46,46,46,46,46,46,46,46,1,1,1,1,1,0,0,0,0],"floor_reached":39,"playtime":1535,"items_purged":["Strike_B"],"score":786,"play_id":"b489a5e3-5750-49c6-bfff-673db74445b6","local_time":"20190422163353","is_ascension_mode":true,"campfire_choices":[{"data":"Zap","floor":7,"key":"SMITH"},{"data":"Double Energy","floor":11,"key":"SMITH"},{"floor":13,"key":"REST"},{"data":"Sweeping Beam","floor":15,"key":"SMITH"},{"data":"Seek","floor":23,"key":"SMITH"},{"data":"Static Discharge","floor":27,"key":"SMITH"},{"data":"Ghostly","floor":30,"key":"SMITH"},{"data":"Static Discharge","floor":32,"key":"SMITH"}],"neow_cost":"NONE","seed_source_timestamp":942819053520402,"circlet_count":0,"master_deck":["AscendersBane","Strike_B+1","Defend_B","Defend_B","Defend_B","Defend_B","Zap+1","Dualcast","Barrage+1","Sweeping Beam+1","Chill","Ball Lightning","Coolheaded","Double Energy+1","Core Surge","Seek+1","Compile Driver","Ghostly","Ghostly","Ghostly+1","Go for the Eyes+1","Self Repair","Static Discharge+1","Reinforced Body","Static Discharge+1","Amplify","Glacier","Writhe"],"relics":["Cracked Core","Boot","Pantograph","Odd Mushroom","Letter Opener","DataDisk","Ectoplasm","Enchiridion","Bag of Marbles","Strawberry","Empty Cage","Red Mask"],"potions_floor_usage":[14,16],"damage_taken":[{"damage":5,"enemies":"Small Slimes","floor":1,"turns":3},{"damage":0,"enemies":"Cultist","floor":2,"turns":3},{"damage":9,"enemies":"Jaw Worm","floor":4,"turns":4},{"damage":3,"enemies":"Exordium Thugs","floor":8,"turns":3},{"damage":0,"enemies":"The Mushroom Lair","floor":10,"turns":3},{"damage":9,"enemies":"Gremlin Nob","floor":14,"turns":3},{"damage":16,"enemies":"The Guardian","floor":16,"turns":10},{"damage":19,"enemies":"2 Thieves","floor":18,"turns":3},{"damage":6,"enemies":"3 Byrds","floor":21,"turns":3},{"damage":5,"enemies":"Book of Stabbing","floor":24,"turns":5},{"damage":4,"enemies":"Centurion and Healer","floor":25,"turns":6},{"damage":34,"enemies":"Champ","floor":33,"turns":10},{"damage":0,"enemies":"3 Shapes","floor":35,"turns":3},{"damage":12,"enemies":"Orb Walker","floor":37,"turns":3},{"damage":52,"enemies":"Maw","floor":39,"turns":7}],"seed_played":"-5375604325543410757","potions_obtained":[{"floor":2,"key":"FearPotion"},{"floor":8,"key":"EssenceOfSteel"},{"floor":10,"key":"Regen Potion"},{"floor":33,"key":"Dexterity Potion"},{"floor":35,"key":"SteroidPotion"}],"is_trial":false,"path_per_floor":["M","M","?","M","$","?","R","M","T","?","R","?","R","E","R","B",null,"M","?","?","M","$","R","E","M","T","R","?","T","R","$","R","B",null,"M","?","M","?","M"],"character_chosen":"DEFECT","items_purchased":["Ball Lightning","Self Repair","Static Discharge"],"campfire_rested":1,"item_purchase_floors":[5,22,31],"current_hp_per_floor":[66,66,66,57,57,34,34,31,31,31,31,13,36,36,36,45,70,51,30,30,24,24,24,26,29,36,36,45,45,45,45,45,19,39,39,39,27,36,0],"gold":0,"neow_bonus":"TEN_PERCENT_HP_BONUS","is_prod":false,"is_daily":false,"chose_seed":false,"campfire_upgraded":7,"win_rate":0,"timestamp":1555965233,"path_taken":["M","M","?","M","?","?","R","M","T","?","R","?","R","E","R","BOSS","M","?","?","M","$","R","E","?","T","R","?","?","R","$","R","BOSS","M","?","M","?","M"],"build_version":"2019-01-23","purchased_purges":1,"victory":false,"max_hp_per_floor":[78,78,78,78,78,78,78,78,78,78,78,78,78,78,78,78,78,78,78,39,39,39,39,39,39,46,46,46,46,46,46,46,46,46,46,46,46,46,46],"card_choices":[{"not_picked":["Gash","Turbo"],"picked":"Barrage","floor":1},{"not_picked":["Chaos","Static Discharge"],"picked":"Sweeping Beam","floor":2},{"not_picked":["Go for the Eyes","Recycle"],"picked":"Chill","floor":4},{"not_picked":["Storm","Sweeping Beam"],"picked":"Coolheaded","floor":8},{"not_picked":["Barrage","Fusion"],"picked":"Double Energy","floor":10},{"not_picked":["Turbo","Rebound"],"picked":"Core Surge","floor":14},{"not_picked":["Reboot","All For One"],"picked":"Seek","floor":16},{"not_picked":["Rebound","Ball Lightning"],"picked":"Compile Driver","floor":18},{"not_picked":["Cold Snap","Static Discharge"],"picked":"Go for the Eyes+1","floor":21},{"not_picked":["Scrape","Conserve Battery"],"picked":"Static Discharge","floor":24},{"not_picked":["Barrage","Chaos"],"picked":"Reinforced Body","floor":25},{"not_picked":["Buffer","Multi-Cast"],"picked":"Amplify","floor":33},{"not_picked":["FTL","Hologram+1"],"picked":"Glacier","floor":35},{"not_picked":["Turbo","Scrape","Rebound"],"picked":"SKIP","floor":37}],"player_experience":1871169,"relics_obtained":[{"floor":9,"key":"Pantograph"},{"floor":10,"key":"Odd Mushroom"},{"floor":14,"key":"DataDisk"},{"floor":19,"key":"Enchiridion"},{"floor":24,"key":"Bag of Marbles"},{"floor":26,"key":"Strawberry"}],"event_choices":[{"damage_healed":0,"gold_gain":0,"player_choice":"Gave Potion","damage_taken":0,"relics_obtained":["Boot"],"max_hp_gain":0,"max_hp_loss":0,"event_name":"WeMeetAgain","floor":3,"gold_loss":0},{"damage_healed":0,"gold_gain":0,"player_choice":"Entered Light","damage_taken":23,"max_hp_gain":0,"max_hp_loss":0,"event_name":"Shining Light","floor":6,"gold_loss":0,"cards_upgraded":["Barrage","Strike_B"]},{"damage_healed":0,"gold_gain":0,"player_choice":"Fought Mushrooms","damage_taken":0,"max_hp_gain":0,"max_hp_loss":0,"event_name":"Mushrooms","floor":10,"gold_loss":0},{"damage_healed":0,"gold_gain":0,"player_choice":"Success","damage_taken":18,"relics_obtained":["Letter Opener"],"max_hp_gain":0,"max_hp_loss":0,"event_name":"Scrap Ooze","floor":12,"gold_loss":0},{"damage_healed":0,"gold_gain":0,"player_choice":"Obtained Book","damage_taken":21,"max_hp_gain":0,"max_hp_loss":0,"event_name":"Cursed Tome","floor":19,"gold_loss":0},{"damage_healed":0,"gold_gain":0,"player_choice":"Became a Ghost","damage_taken":0,"max_hp_gain":0,"max_hp_loss":39,"event_name":"Ghosts","floor":20,"gold_loss":0,"cards_obtained":["Ghostly","Ghostly","Ghostly"]},{"damage_healed":9,"gold_gain":0,"player_choice":"Heal","damage_taken":0,"max_hp_gain":0,"max_hp_loss":0,"event_name":"The Library","floor":28,"gold_loss":0},{"damage_healed":0,"gold_gain":0,"player_choice":"Paid","damage_taken":0,"relics_obtained":["Red Mask"],"max_hp_gain":0,"max_hp_loss":0,"event_name":"Tomb of Lord Red Mask","floor":36,"gold_loss":1},{"damage_healed":9,"gold_gain":0,"player_choice":"Writhe","damage_taken":0,"max_hp_gain":0,"max_hp_loss":0,"event_name":"Winding Halls","floor":38,"gold_loss":0,"cards_obtained":["Writhe"]}],"is_beta":false,"boss_relics":[{"not_picked":["Snecko Eye","Runic Dome"],"picked":"Ectoplasm"},{"not_picked":["Velvet Choker","Coffee Dripper"],"picked":"Empty Cage"}],"items_purged_floors":[5],"is_endless":false,"potions_floor_spawned":[2,8,10,33,35],"killed_by":"Maw","ascension_level":20}