{"gold_per_floor":[360,377,388,208,226,254,254,279,279,295,306,340,363,72,72,72],"floor_reached":16,"playtime":1038,"items_purged":[],"score":214,"play_id":"d0bca60c-fbd6-4b63-81f7-5ffe6fb01a81","local_time":"20180804143921","is_ascension_mode":true,"campfire_choices":[{"data":"Armaments","floor":7,"key":"SMITH"},{"data":"Whirlwind","floor":15,"key":"SMITH"}],"neow_cost":"TEN_PERCENT_HP_LOSS","seed_source_timestamp":922141454735094,"circlet_count":0,"master_deck":["Strike_R","Strike_R","Strike_R","Strike_R","Strike_R","Defend_R","Defend_R","Defend_R","Defend_R","Bash","AscendersBane","Armaments+1","Flex","Warcry","Wild Strike","Inflame","Reckless Charge","Thunderclap","Shrug It Off","Offering","Wild Strike","Whirlwind+1","Heavy Blade"],"relics":["Burning Blood","Regal Pillow","Lantern","Dodecahedron","Magic Flower","Odd Mushroom","MawBank","Bag of Preparation"],"potions_floor_usage":[3,11,12],"damage_taken":[{"damage":6,"enemies":"Cultist","floor":1,"turns":3},{"damage":5,"enemies":"Small Slimes","floor":2,"turns":4},{"damage":5,"enemies":"2 Louse","floor":3,"turns":3},{"damage":12,"enemies":"Looter","floor":5,"turns":3},{"damage":27,"enemies":"3 Sentries","floor":6,"turns":9},{"damage":15,"enemies":"Lagavulin","floor":8,"turns":7},{"damage":7,"enemies":"Exordium Wildlife","floor":10,"turns":4},{"damage":0,"enemies":"3 Louse","floor":11,"turns":3},{"damage":13,"enemies":"3 Sentries","floor":12,"turns":6},{"damage":7,"floor":13,"turns":3},{"damage":37,"enemies":"Hexaghost","floor":16,"turns":4}],"seed_played":"-711172552676420042","potions_obtained":[{"floor":2,"key":"Fruit Juice"},{"floor":10,"key":"SkillPotion"},{"floor":11,"key":"AttackPotion"},{"floor":12,"key":"FearPotion"}],"is_trial":false,"path_per_floor":["M","M","M","$","M","E","R","E","T","M","M","E","?","$","R"],"character_chosen":"IRONCLAD","items_purchased":["Wild Strike","Inflame","Reckless Charge","MawBank","Bag of Preparation"],"campfire_rested":0,"item_purchase_floors":[4,4,4,14,14],"current_hp_per_floor":[68,68,73,73,67,46,46,37,37,36,42,35,37,37,37,0],"gold":72,"neow_bonus":"TWO_FIFTY_GOLD","is_prod":false,"is_daily":false,"chose_seed":false,"campfire_upgraded":2,"win_rate":0,"timestamp":1533407961,"path_taken":["M","M","M","?","M","E","R","E","T","M","M","E","?","$","R","BOSS"],"build_version":"2018-08-02","purchased_purges":0,"victory":false,"max_hp_per_floor":[68,68,73,73,73,73,73,73,73,73,73,73,73,73,73,73],"card_choices":[{"not_picked":["Flex","Havoc"],"picked":"Armaments","floor":1},{"not_picked":["Havoc","Wild Strike"],"picked":"Flex","floor":2},{"not_picked":["Body Slam","Dropkick"],"picked":"Warcry","floor":3},{"not_picked":["Combust","Dual Wield"],"picked":"Thunderclap","floor":5},{"not_picked":["Clash","Barricade"],"picked":"Shrug It Off","floor":6},{"not_picked":["Body Slam","True Grit"],"picked":"Offering","floor":8},{"not_picked":["Warcry","Bloodletting"],"picked":"Wild Strike","floor":10},{"not_picked":["Perfected Strike","Fire Breathing"],"picked":"Whirlwind","floor":11},{"not_picked":["True Grit","Power Through"],"picked":"Heavy Blade","floor":12}],"player_experience":953444,"relics_obtained":[{"floor":6,"key":"Regal Pillow"},{"floor":8,"key":"Lantern"},{"floor":9,"key":"Dodecahedron"},{"floor":12,"key":"Magic Flower"},{"floor":13,"key":"Odd Mushroom"}],"event_choices":[{"event_name":"Mushrooms","player_choice":"Fought Mushrooms","floor":13,"damage_taken":0}],"is_beta":false,"boss_relics":[],"items_purged_floors":[],"is_endless":false,"potions_floor_spawned":[2,10,11,12],"killed_by":"Hexaghost","ascension_level":15}