{"gold_per_floor":[109,124,144,144,158,193,193,193,193,193,204,204,231,249,249,350,350,370,385,401,419,431,431,446,479,479,479],"floor_reached":27,"playtime":1640,"items_purged":[],"score":274,"play_id":"d3cab2a7-4afa-4eff-a6ed-eb2094df5fe9","local_time":"20181124162952","is_ascension_mode":true,"campfire_choices":[{"floor":7.0,"key":"RECALL"},{"floor":10.0,"key":"REST"},{"data":"Armaments","floor":15.0,"key":"SMITH"},{"floor":23.0,"key":"REST"}],"neow_cost":"NONE","seed_source_timestamp":0,"circlet_count":0,"master_deck":["Strike_R","Strike_R","Strike_R","Strike_R","Strike_R","Defend_R","Defend_R","Defend_R","Perfected Strike+1","Shockwave+1","Cleave","Cleave+1","Rampage","Armaments+1","Seeing Red","Impervious","Ghostly Armor","Berserk","Wild Strike","Body Slam","Disarm","Perfected Strike+1","Shrug It Off","Infernal Blade"],"special_seed":0,"relics":["Burning Blood","Sundial","Nunchaku","Sozu","Calipers","Pear"],"potions_floor_usage":[],"damage_taken":[{"damage":6.0,"enemies":"Cultist","floor":1.0,"turns":3.0},{"damage":7.0,"enemies":"Small Slimes","floor":2.0,"turns":3.0},{"damage":3.0,"enemies":"2 Louse","floor":3.0,"turns":2.0},{"damage":6.0,"enemies":"Gremlin Gang","floor":5.0,"turns":3.0},{"damage":21.0,"enemies":"Lagavulin","floor":6.0,"turns":5.0},{"damage":4.0,"enemies":"3 Louse","floor":11.0,"turns":2.0},{"damage":22.0,"enemies":"3 Sentries","floor":13.0,"turns":4.0},{"damage":0.0,"enemies":"Large Slime","floor":14.0,"turns":4.0},{"damage":17.0,"enemies":"Hexaghost","floor":16.0,"turns":10.0},{"damage":0.0,"enemies":"Chosen","floor":18.0,"turns":4.0},{"damage":28.0,"enemies":"Spheric Guardian","floor":19.0,"turns":4.0},{"damage":29.0,"enemies":"Shelled Parasite and Fungi","floor":20.0,"turns":5.0},{"damage":6.0,"enemies":"Chosen and Byrds","floor":21.0,"turns":4.0},{"damage":32.0,"enemies":"Snake Plant","floor":22.0,"turns":5.0},{"damage":21,"enemies":"Shelled Parasite and Fungi","floor":24,"turns":5},{"damage":15,"enemies":"Slavers","floor":25,"turns":4},{"damage":19,"enemies":"Gremlin Leader","floor":27,"turns":3}],"seed_played":"9025538679609342649","potions_obtained":[{"floor":3.0,"key":"PowerPotion"},{"floor":5.0,"key":"Energy Potion"},{"floor":14.0,"key":"Explosive Potion"},{"floor":16.0,"key":"Block Potion"}],"is_trial":false,"path_per_floor":["M","M","M","?","M","E","R","?","T","R","M","?","E","M","R","B",null,"M","M","M","M","M","R","M","E","T","E"],"character_chosen":"IRONCLAD","items_purchased":[],"campfire_rested":2,"item_purchase_floors":[],"current_hp_per_floor":[80,79,80,80,80,65,65,49,49,73,75,75,59,65,65,54,80,80,58,35,35,9,33,18,9,19,0],"gold":479,"neow_bonus":"REMOVE_CARD","is_prod":false,"is_daily":false,"chose_seed":false,"campfire_upgraded":1,"win_rate":0,"timestamp":1543094992,"path_taken":["M","M","M","?","?","E","R","?","T","R","M","?","E","M","R","BOSS","M","M","?","M","M","R","M","E","T","E"],"build_version":"2018-11-15","purchased_purges":0,"victory":false,"max_hp_per_floor":[80,80,80,80,80,80,80,80,80,80,80,80,80,80,80,80,80,80,80,80,80,80,80,80,80,90,90],"card_choices":[{"not_picked":["Twin Strike","Rage"],"picked":"Perfected Strike","floor":1.0},{"not_picked":["Clothesline","Thunderclap"],"picked":"Shockwave","floor":2.0},{"not_picked":["Heavy Blade","Blood for Blood"],"picked":"Cleave","floor":3.0},{"not_picked":["Shrug It Off","Thunderclap"],"picked":"Cleave","floor":5.0},{"not_picked":["Sword Boomerang","Intimidate"],"picked":"Rampage","floor":6.0},{"not_picked":["Sever Soul","Flame Barrier"],"picked":"Armaments","floor":11.0},{"not_picked":["Clothesline","Fire Breathing"],"picked":"Impervious","floor":13.0},{"not_picked":["Thunderclap","Power Through"],"picked":"Ghostly Armor","floor":14.0},{"not_picked":["Double Tap","Feed"],"picked":"Berserk","floor":16.0},{"not_picked":["Iron Wave","Clothesline","Power Through"],"picked":"SKIP","floor":18.0},{"not_picked":["Flex","Armaments"],"picked":"Wild Strike","floor":19.0},{"not_picked":["Dropkick","Reckless Charge"],"picked":"Body Slam","floor":20.0},{"not_picked":["True Grit","Sword Boomerang+1"],"picked":"Disarm","floor":21.0},{"not_picked":["Berserk","Ghostly Armor+1"],"picked":"Perfected Strike+1","floor":22.0},{"not_picked":["Thunderclap","Havoc"],"picked":"Shrug It Off","floor":24},{"not_picked":["Evolve+1","Clothesline+1"],"picked":"Infernal Blade","floor":25}],"player_experience":364504,"relics_obtained":[{"floor":6.0,"key":"Sundial"},{"floor":13.0,"key":"Nunchaku"},{"floor":25,"key":"Calipers"},{"floor":26,"key":"Pear"}],"event_choices":[{"damage_healed":0.0,"max_hp_gain":0.0,"max_hp_loss":0.0,"gold_gain":0.0,"event_name":"Accursed Blacksmith","player_choice":"Forge","floor":4.0,"gold_loss":0.0,"damage_taken":0.0,"cards_upgraded":["Perfected Strike"]},{"damage_healed":0.0,"max_hp_gain":0.0,"max_hp_loss":0.0,"gold_gain":0.0,"event_name":"Shining Light","player_choice":"Entered Light","floor":8.0,"gold_loss":0.0,"damage_taken":16.0,"cards_upgraded":["Cleave","Shockwave"]},{"damage_healed":0.0,"max_hp_gain":0.0,"max_hp_loss":0.0,"gold_gain":0.0,"cards_transformed":["Bash"],"event_name":"Transmorgrifier","player_choice":"Transformed","floor":12.0,"gold_loss":0.0,"damage_taken":0.0,"cards_obtained":["Seeing Red"]}],"is_beta":false,"boss_relics":[{"not_picked":["Philosopher\u0027s Stone","White Beast Statue"],"picked":"Sozu"}],"items_purged_floors":[],"is_endless":false,"potions_floor_spawned":[3,5,14,16,19,22,25],"killed_by":"Gremlin Leader","ascension_level":2}