{"gold_per_floor":[117,42,55,55,55,86,115,115,115,134,152,172,172,42,42,115,115,132,144,162,162,162],"floor_reached":22,"playtime":538,"items_purged":["Strike_R"],"score":422,"play_id":"db4dcd36-26d3-49e0-9472-61141c7d638f","local_time":"20190219151017","is_ascension_mode":true,"campfire_choices":[{"data":"Bash","floor":8,"key":"SMITH"},{"data":"Rupture","floor":13,"key":"SMITH"},{"data":"Inflame","floor":15,"key":"SMITH"}],"neow_cost":"NONE","seed_source_timestamp":107785755630736,"circlet_count":0,"master_deck":["AscendersBane","Strike_R","Strike_R","Strike_R","Defend_R","Defend_R","Defend_R","Defend_R","Bash+1","Inflame+1","Battle Trance","Pommel Strike","Clothesline","Clothesline","Shockwave","Rupture+1","Shrug It Off","Limit Break","True Grit","Metallicize","Whirlwind"],"relics":["Burning Blood","NeowsBlessing","Bronze Scales","Odd Mushroom","Blue Candle","Coffee Dripper"],"potions_floor_usage":[7,16,16,22],"damage_taken":[{"damage":0,"enemies":"Small Slimes","floor":1,"turns":1},{"damage":0,"enemies":"Jaw Worm","floor":3,"turns":1},{"damage":0,"enemies":"3 Sentries","floor":6,"turns":2},{"damage":11,"enemies":"The Mushroom Lair","floor":7,"turns":4},{"damage":3,"enemies":"2 Louse","floor":10,"turns":3},{"damage":12,"enemies":"Exordium Wildlife","floor":11,"turns":3},{"damage":9,"enemies":"Red Slaver","floor":12,"turns":4},{"damage":59,"enemies":"Slime Boss","floor":16,"turns":8},{"damage":8,"enemies":"Chosen","floor":18,"turns":5},{"damage":29,"enemies":"2 Thieves","floor":19,"turns":4},{"damage":24,"enemies":"Shelled Parasite and Fungi","floor":20,"turns":4},{"damage":22,"enemies":"Sentry and Sphere","floor":22,"turns":3}],"seed_played":"4915882864473484072","potions_obtained":[{"floor":1,"key":"Explosive Potion"},{"floor":6,"key":"Poison Potion"},{"floor":10,"key":"Swift Potion"},{"floor":12,"key":"PowerPotion"},{"floor":18,"key":"Strength Potion"}],"is_trial":false,"path_per_floor":["M","?","M","?","$","E","?","R","T","M","M","M","R","$","R","B",null,"M","M","M","?","M"],"character_chosen":"IRONCLAD","items_purchased":["Shrug It Off"],"campfire_rested":0,"item_purchase_floors":[14],"current_hp_per_floor":[74,74,75,80,80,80,75,75,75,78,72,69,69,69,69,16,64,62,39,21,21,0],"gold":162,"neow_bonus":"THREE_ENEMY_KILL","is_prod":false,"is_daily":false,"chose_seed":false,"campfire_upgraded":3,"win_rate":0,"timestamp":1550614217,"path_taken":["M","?","M","?","?","E","?","R","T","?","M","M","R","?","R","BOSS","M","?","M","?","M"],"build_version":"2019-02-06","purchased_purges":1,"victory":false,"max_hp_per_floor":[75,75,75,80,80,80,80,80,80,80,80,80,80,80,80,80,80,80,80,80,80,80],"card_choices":[{"not_picked":["Blood for Blood","Flex"],"picked":"Inflame","floor":1},{"not_picked":["Wild Strike","Anger"],"picked":"Battle Trance","floor":3},{"not_picked":["Thunderclap","Warcry"],"picked":"Pommel Strike","floor":6},{"not_picked":["Pummel","Whirlwind"],"picked":"Clothesline","floor":7},{"not_picked":["Thunderclap","Rage"],"picked":"Clothesline","floor":10},{"not_picked":["Headbutt","Wild Strike"],"picked":"Shockwave","floor":11},{"not_picked":["Clash","Flex"],"picked":"Rupture","floor":12},{"not_picked":["Bludgeon","Demon Form"],"picked":"Limit Break","floor":16},{"not_picked":["Shrug It Off","Twin Strike"],"picked":"True Grit","floor":18},{"not_picked":["Power Through","Feel No Pain"],"picked":"Metallicize","floor":19},{"not_picked":["Sword Boomerang","Thunderclap"],"picked":"Whirlwind","floor":20}],"player_experience":1117499,"relics_obtained":[{"floor":6,"key":"Bronze Scales"},{"floor":7,"key":"Odd Mushroom"},{"floor":9,"key":"Blue Candle"}],"event_choices":[{"cards_removed":["Strike_R"],"damage_healed":0,"gold_gain":0,"player_choice":"Card Removal","damage_taken":0,"max_hp_gain":0,"max_hp_loss":0,"event_name":"The Cleric","floor":2,"gold_loss":75},{"damage_healed":0,"gold_gain":0,"player_choice":"Donut","damage_taken":0,"max_hp_gain":5,"max_hp_loss":0,"event_name":"Big Fish","floor":4,"gold_loss":0},{"damage_healed":0,"gold_gain":0,"player_choice":"Fought Mushrooms","damage_taken":0,"max_hp_gain":0,"max_hp_loss":0,"event_name":"Mushrooms","floor":7,"gold_loss":0},{"damage_healed":0,"gold_gain":0,"player_choice":"Ignored","damage_taken":0,"max_hp_gain":0,"max_hp_loss":0,"event_name":"N\u0027loth","floor":21,"gold_loss":0}],"is_beta":true,"boss_relics":[{"not_picked":["White Beast Statue","Lizard Tail"],"picked":"Coffee Dripper"}],"items_purged_floors":[14],"is_endless":false,"potions_floor_spawned":[1,6,10,12,18],"killed_by":"Sentry and Sphere","ascension_level":20}