{"gold_per_floor":[117,117,117,134,151,151,176,176,176,176],"floor_reached":10,"playtime":390,"items_purged":[],"score":125,"play_id":"cbdf9a51-47d1-41c0-aa16-9486b79b01b0","local_time":"20190322033658","is_ascension_mode":true,"campfire_choices":[{"data":"Dagger Spray","floor":6,"key":"SMITH"},{"floor":8,"key":"REST"}],"neow_cost":"NONE","seed_source_timestamp":439512358345001,"circlet_count":0,"master_deck":["AscendersBane","Defend_G","Defend_G","Defend_G","Defend_G","Defend_G","Strike_G","Strike_G","Strike_G","Strike_G+1","Strike_G+1","Survivor","Neutralize","Poisoned Stab","Crippling Poison","PiercingWail","Dagger Spray+1","PiercingWail"],"relics":["Ring of the Snake","Pear","Snake Skull"],"potions_floor_usage":[7],"damage_taken":[{"damage":7,"enemies":"Small Slimes","floor":1,"turns":4},{"damage":0,"enemies":"Jaw Worm","floor":4,"turns":5},{"damage":1,"enemies":"2 Louse","floor":5,"turns":2},{"damage":34,"enemies":"Lagavulin","floor":7,"turns":6},{"damage":52,"enemies":"Gremlin Nob","floor":10,"turns":4}],"seed_played":"-4247585537722521303","potions_obtained":[{"floor":5,"key":"SteroidPotion"}],"is_trial":false,"path_per_floor":["M","?","?","M","M","R","E","R","T","E"],"character_chosen":"THE_SILENT","items_purchased":[],"campfire_rested":1,"item_purchase_floors":[],"current_hp_per_floor":[52,57,36,36,35,35,11,35,35,0],"gold":176,"neow_bonus":"THREE_CARDS","is_prod":false,"is_daily":false,"chose_seed":false,"campfire_upgraded":1,"win_rate":0,"timestamp":1553240218,"path_taken":["M","?","?","M","M","R","E","R","T","E"],"build_version":"2019-01-23","purchased_purges":0,"victory":false,"max_hp_per_floor":[66,71,71,71,71,71,81,81,81,81],"card_choices":[{"not_picked":["Accuracy","Bane"],"picked":"Poisoned Stab","floor":0},{"not_picked":["Dodge and Roll","Backstab"],"picked":"Crippling Poison","floor":1},{"not_picked":["Setup","Calculated Gamble"],"picked":"PiercingWail","floor":4},{"not_picked":["Deflect","Bane"],"picked":"Dagger Spray","floor":5},{"not_picked":["Night Terror","Expertise"],"picked":"PiercingWail","floor":7}],"player_experience":1333189,"relics_obtained":[{"floor":7,"key":"Pear"},{"floor":9,"key":"Snake Skull"}],"event_choices":[{"damage_healed":0,"gold_gain":0,"player_choice":"Donut","damage_taken":0,"max_hp_gain":5,"max_hp_loss":0,"event_name":"Big Fish","floor":2,"gold_loss":0},{"damage_healed":0,"gold_gain":0,"player_choice":"Entered Light","damage_taken":21,"max_hp_gain":0,"max_hp_loss":0,"event_name":"Shining Light","floor":3,"gold_loss":0,"cards_upgraded":["Strike_G","Strike_G"]}],"is_beta":false,"boss_relics":[],"items_purged_floors":[],"is_endless":false,"potions_floor_spawned":[5],"killed_by":"Gremlin Nob","ascension_level":18}