{"path_per_floor":["M","?","?","M","?","R","?","$","T","R","M","T","M","M","R","B",null,"M","M","?","?","$","R","M"],"character_chosen":"THE_SILENT","items_purchased":["Dagger Throw","Infinite Blades"],"gold_per_floor":[118,118,118,137,137,137,137,56,82,82,95,95,110,129,129,259,259,278,293,293,253,115,115,131,131],"floor_reached":25,"campfire_rested":0,"playtime":884,"current_hp_per_floor":[63,48,48,48,48,48,36,36,36,36,36,36,36,36,36,3,48,22,21,21,21,21,29,14,0],"items_purged":["Regret","Writhe"],"gold":131,"score":306,"play_id":"fa2d97ca-e745-4dd6-a0e9-5c0e3c81d2d6","local_time":"20180326165000","is_prod":false,"is_daily":false,"is_ascension_mode":true,"campfire_upgraded":4,"timestamp":1522097400,"path_taken":["M","?","?","M","?","R","?","$","T","R","?","?","M","?","R","BOSS","M","M","?","?","?","R","?","E"],"build_version":"2018-03-22v2","purchased_purges":2,"victory":false,"master_deck":["Defend_G","Defend_G","Defend_G","Defend_G","Defend_G","Strike_G","Strike_G","Survivor","Neutralize","AscendersBane","Dagger Spray+1","Doppelganger+1","Dagger Throw","Flying Knee","Noxious Fumes+1","Dagger Throw","After Image","Choke","Catalyst+1","Infinite Blades","Escape Plan"],"max_hp_per_floor":[63,63,63,63,63,63,63,63,63,63,63,63,63,63,63,63,63,63,63,63,63,63,63,63,63],"relics":["Ring of the Snake","Golden Idol","Bag of Marbles","The Courier","Bronze Scales","Calipers","Eternal Feather","Du-Vu Doll"],"card_choices":[{"not_picked":["Choke","PiercingWail"],"picked":"Dagger Spray","floor":1},{"not_picked":["Backflip","Dodge and Roll"],"picked":"Doppelganger","floor":4},{"not_picked":["Bane","Poisoned Stab"],"picked":"Flying Knee","floor":11},{"not_picked":["Backflip","PiercingWail"],"picked":"Noxious Fumes","floor":13},{"not_picked":["Prepared","Cloak And Dagger"],"picked":"Dagger Throw","floor":14},{"not_picked":["Die Die Die","Venomology"],"picked":"After Image","floor":16},{"not_picked":["Dagger Spray","Backflip"],"picked":"Choke","floor":18},{"not_picked":["Outmaneuver","Deadly Poison"],"picked":"Catalyst","floor":19},{"not_picked":["Dodge and Roll","Crippling Poison"],"picked":"Escape Plan","floor":24}],"player_experience":607265,"potions_floor_usage":[16,16,24,24,25,25],"damage_taken":[{"damage":0,"enemies":"Small Slimes","floor":1,"turns":6},{"damage":0,"enemies":"Jaw Worm","floor":4,"turns":7},{"damage":0,"enemies":"Cultist","floor":11,"turns":3},{"damage":0,"enemies":"2 Fungi Beasts","floor":13,"turns":3},{"damage":0,"enemies":"3 Louse","floor":14,"turns":2},{"damage":33,"enemies":"Slime Boss","floor":16,"turns":8},{"damage":26,"enemies":"2 Thieves","floor":18,"turns":4},{"damage":1,"enemies":"3 Byrds","floor":19,"turns":3},{"damage":15,"enemies":"Snecko","floor":24,"turns":3},{"damage":16,"enemies":"Gremlin Leader","floor":25,"turns":5}],"event_choices":[{"event_name":"Golden Idol","player_choice":"Take Damage","floor":2,"damage_taken":0},{"event_name":"Purifier","player_choice":"One Purge","floor":3,"damage_taken":0},{"event_name":"Big Fish","player_choice":"Box","floor":5,"damage_taken":0},{"event_name":"Scrap Ooze","player_choice":"success","floor":7,"damage_taken":12},{"event_name":"The Mausoleum","player_choice":"Yes","floor":20,"damage_taken":0},{"event_name":"The Woman in Blue","player_choice":"Bought 3 Potions","floor":21,"damage_taken":0}],"boss_relics":[{"not_picked":["Ectoplasm","Calling Bell"],"picked":"Eternal Feather"}],"potions_floor_spawned":[1,14,24],"seed_played":"-4869499846618848104","killed_by":"Gremlin Leader","ascension_level":12,"is_trial":false}