{"gold_per_floor":[111,111,127,145,70,96,96,130,130,141,67,85,115,128,128,202,202,220,220,270,287,305,305,33,33,33,63,78,78],"floor_reached":29,"playtime":787,"items_purged":[],"score":490,"play_id":"9c915e92-861c-4327-b4d9-c0216f964acc","local_time":"20190409191458","is_ascension_mode":true,"campfire_choices":[{"data":"Bash","floor":7,"key":"SMITH"},{"floor":15,"key":"REST"},{"data":"Armaments","floor":23,"key":"SMITH"},{"data":"Limit Break","floor":25,"key":"SMITH"}],"neow_cost":"NONE","seed_source_timestamp":2361784478448180,"circlet_count":0,"master_deck":["AscendersBane","Strike_R","Strike_R+1","Strike_R","Strike_R+1","Defend_R","Defend_R","Defend_R","Defend_R","Bash+1","Twin Strike","Headbutt","Limit Break+1","Feel No Pain+1","Inflame+1","Impervious","Armaments+1","Disarm","Ghostly Armor","Shrug It Off","Thunderclap"],"relics":["Burning Blood","Whetstone","Vajra","Frozen Egg 2","Happy Flower","Sozu","Self Forming Clay","Nunchaku","Blood Vial"],"potions_floor_usage":[8,12],"damage_taken":[{"damage":12,"enemies":"Jaw Worm","floor":1,"turns":3},{"damage":7,"enemies":"2 Louse","floor":3,"turns":3},{"damage":5,"enemies":"Small Slimes","floor":4,"turns":4},{"damage":35,"enemies":"3 Sentries","floor":6,"turns":8},{"damage":8,"enemies":"Gremlin Nob","floor":8,"turns":3},{"damage":9,"enemies":"Red Slaver","floor":10,"turns":3},{"damage":18,"enemies":"Exordium Thugs","floor":12,"turns":5},{"damage":9,"enemies":"2 Fungi Beasts","floor":14,"turns":2},{"damage":16,"enemies":"The Guardian","floor":16,"turns":9},{"damage":11,"enemies":"Spheric Guardian","floor":18,"turns":4},{"damage":8,"enemies":"Chosen","floor":21,"turns":6},{"damage":20,"enemies":"Centurion and Healer","floor":22,"turns":5},{"damage":0,"enemies":"Gremlin Leader","floor":27,"turns":5},{"damage":28,"enemies":"Cultist and Chosen","floor":28,"turns":6},{"damage":28,"enemies":"Book of Stabbing","floor":29,"turns":6}],"seed_played":"6683685494331019039","potions_obtained":[{"floor":4,"key":"FearPotion"},{"floor":6,"key":"Block Potion"},{"floor":16,"key":"Poison Potion"}],"is_trial":false,"path_per_floor":["M","?","M","M","?","E","R","E","T","M","$","M","?","M","R","B",null,"M","?","?","M","M","R","$","R","T","E","M","E"],"character_chosen":"IRONCLAD","items_purchased":["Inflame+1","Shrug It Off","Self Forming Clay"],"campfire_rested":1,"item_purchase_floors":[11,24,24],"current_hp_per_floor":[62,67,66,67,67,38,38,36,36,33,33,21,21,18,42,32,68,63,63,55,53,39,39,39,39,39,45,25,0],"gold":78,"neow_bonus":"RANDOM_COMMON_RELIC","is_prod":false,"is_daily":false,"chose_seed":false,"campfire_upgraded":3,"win_rate":0,"timestamp":1554851698,"path_taken":["M","?","M","M","?","E","R","E","T","M","?","M","?","M","R","BOSS","M","?","?","M","?","R","$","R","T","E","M","E"],"build_version":"2019-04-04","purchased_purges":0,"victory":false,"max_hp_per_floor":[75,80,80,80,80,80,80,80,80,80,80,80,80,80,80,80,80,80,80,80,80,80,80,80,80,80,80,80,80],"card_choices":[{"not_picked":["Infernal Blade","Clash"],"picked":"Twin Strike","floor":1},{"not_picked":["Cleave","Wild Strike","Pommel Strike"],"picked":"SKIP","floor":3},{"not_picked":["Iron Wave","Second Wind"],"picked":"Headbutt","floor":4},{"not_picked":["Dark Embrace","Burning Pact","Body Slam"],"picked":"SKIP","floor":6},{"not_picked":["True Grit","Corruption"],"picked":"Limit Break","floor":8},{"not_picked":["Corruption+1","Iron Wave"],"picked":"Feel No Pain+1","floor":10},{"not_picked":["Twin Strike","Havoc","Heavy Blade"],"picked":"SKIP","floor":12},{"not_picked":["Pommel Strike","Fire Breathing+1","Hemokinesis"],"picked":"SKIP","floor":14},{"not_picked":["Brutality+1","Bludgeon"],"picked":"Impervious","floor":16},{"not_picked":["Havoc","Power Through"],"picked":"Armaments","floor":18},{"not_picked":["Heavy Blade","Clothesline"],"picked":"Disarm","floor":21},{"not_picked":["Cleave","Second Wind"],"picked":"Ghostly Armor","floor":22},{"not_picked":["Feel No Pain+1","Dual Wield","Iron Wave"],"picked":"SKIP","floor":27},{"not_picked":["Cleave+1","Sever Soul"],"picked":"Thunderclap","floor":28}],"player_experience":2380235,"relics_obtained":[{"floor":6,"key":"Vajra"},{"floor":8,"key":"Frozen Egg 2"},{"floor":9,"key":"Happy Flower"},{"floor":26,"key":"Nunchaku"},{"floor":27,"key":"Blood Vial"}],"event_choices":[{"damage_healed":0,"gold_gain":0,"player_choice":"Donut","damage_taken":0,"max_hp_gain":5,"max_hp_loss":0,"event_name":"Big Fish","floor":2,"gold_loss":0},{"cards_removed":["Strike_R"],"damage_healed":0,"gold_gain":0,"player_choice":"Card Removal","damage_taken":0,"max_hp_gain":0,"max_hp_loss":0,"event_name":"The Cleric","floor":5,"gold_loss":75},{"damage_healed":0,"gold_gain":30,"player_choice":"Searched \u00271\u0027 times","damage_taken":0,"max_hp_gain":0,"max_hp_loss":0,"event_name":"Dead Adventurer","floor":13,"gold_loss":0},{"damage_healed":0,"gold_gain":0,"player_choice":"Ignored","damage_taken":0,"max_hp_gain":0,"max_hp_loss":0,"event_name":"Vampires","floor":19,"gold_loss":0},{"damage_healed":0,"gold_gain":50,"player_choice":"Touch","damage_taken":8,"max_hp_gain":0,"max_hp_loss":0,"event_name":"FaceTrader","floor":20,"gold_loss":0}],"is_beta":true,"boss_relics":[{"not_picked":["Busted Crown","Ectoplasm"],"picked":"Sozu"}],"items_purged_floors":[],"is_endless":false,"potions_floor_spawned":[4,6,16,18,22],"killed_by":"Book of Stabbing","ascension_level":15}