{"gold_per_floor":[118,118,132,182,192,192,218,218,218,249,272,45,45,64,64,138,138,153,169,189,189,189,189,189,216,216,550,550,569,569,584,584,663,663,680,693,711,724,724,759,759,859,882,882,899,912,947,275,275,275,275,275,7,7],"floor_reached":54,"playtime":4302,"items_purged":["Sunder","Strike_B"],"score":1444,"play_id":"368d02b6-e98f-42fa-9a22-b8f013a567ea","local_time":"20190326194145","is_ascension_mode":true,"campfire_choices":[{"data":"White Noise","floor":6.0,"key":"SMITH"},{"floor":8.0,"key":"REST"},{"data":"Blizzard","floor":15.0,"key":"SMITH"},{"floor":23.0,"key":"REST"},{"floor":28.0,"key":"REST"},{"floor":30.0,"key":"REST"},{"floor":32.0,"key":"RECALL"},{"floor":41.0,"key":"REST"},{"floor":44.0,"key":"REST"},{"floor":49.0,"key":"REST"},{"floor":52.0,"key":"REST"}],"neow_cost":"TEN_PERCENT_HP_LOSS","seed_source_timestamp":0,"circlet_count":0,"master_deck":["AscendersBane","Strike_B","Strike_B+1","Defend_B","Defend_B","Defend_B","Defend_B","Zap","Dualcast","Ball Lightning","Go for the Eyes+1","White Noise+1","Glacier","FTL","Chill","Conserve Battery","Blizzard+1","Echo Form+1","Defragment","Seek","Beam Cell+1","Biased Cognition","Barrage+1","Cold Snap+1","Conserve Battery+1","Static Discharge+1","Core Surge+1","Self Repair","Dark Shackles","Apotheosis","Loop","Mayhem","Capacitor"],"special_seed":0,"relics":["Cracked Core","Dead Branch","Bottled Lightning","Pantograph","MawBank","OrangePellets","Fusion Hammer","Bottled Tornado","MutagenicStrength","Ornamental Fan","Pear","Old Coin","Inserter","Kunai","StoneCalendar","Emotion Chip","Membership Card","Bronze Scales","Dream Catcher","Whetstone"],"potions_floor_usage":[54],"damage_taken":[{"damage":1.0,"enemies":"2 Louse","floor":1.0,"turns":3.0},{"damage":1.0,"enemies":"Cultist","floor":3.0,"turns":3.0},{"damage":13.0,"enemies":"Small Slimes","floor":5.0,"turns":3.0},{"damage":32.0,"enemies":"Gremlin Nob","floor":7.0,"turns":4.0},{"damage":18.0,"enemies":"Lagavulin","floor":10.0,"turns":7.0},{"damage":1.0,"enemies":"Exordium Thugs","floor":11.0,"turns":4.0},{"damage":6.0,"enemies":"3 Louse","floor":14.0,"turns":3.0},{"damage":9.0,"enemies":"The Guardian","floor":16.0,"turns":13.0},{"damage":0.0,"enemies":"Chosen","floor":18.0,"turns":5.0},{"damage":5.0,"enemies":"3 Byrds","floor":19.0,"turns":5.0},{"damage":34.0,"enemies":"Shelled Parasite and Fungi","floor":20.0,"turns":5.0},{"damage":0.0,"enemies":"Gremlin Leader","floor":25.0,"turns":6.0},{"damage":23.0,"enemies":"Book of Stabbing","floor":27.0,"turns":4.0},{"damage":10.0,"enemies":"Sentry and Sphere","floor":29.0,"turns":6.0},{"damage":0.0,"enemies":"Snecko","floor":31.0,"turns":5.0},{"damage":28.0,"enemies":"Collector","floor":33.0,"turns":8.0},{"damage":6.0,"enemies":"Orb Walker","floor":35.0,"turns":4.0},{"damage":30.0,"enemies":"3 Darklings","floor":36.0,"turns":5.0},{"damage":2.0,"enemies":"Sphere and 2 Shapes","floor":37.0,"turns":6.0},{"damage":0.0,"enemies":"Maw","floor":38.0,"turns":5.0},{"damage":16.0,"enemies":"Giant Head","floor":40.0,"turns":7.0},{"damage":0.0,"enemies":"Mind Bloom Boss Battle","floor":42.0,"turns":7.0},{"damage":28.0,"enemies":"Transient","floor":45.0,"turns":6.0},{"damage":26.0,"enemies":"4 Shapes","floor":46.0,"turns":5.0},{"damage":22.0,"enemies":"Reptomancer","floor":47.0,"turns":7.0},{"damage":38.0,"enemies":"Donu and Deca","floor":50.0,"turns":5.0},{"damage":107,"enemies":"Shield and Spear","floor":54,"turns":3}],"seed_played":"6119826244728667688","potions_obtained":[{"floor":1.0,"key":"SpeedPotion"},{"floor":7.0,"key":"EssenceOfSteel"},{"floor":14.0,"key":"Swift Potion"},{"floor":16.0,"key":"AttackPotion"},{"floor":18.0,"key":"GamblersBrew"},{"floor":20.0,"key":"Fire Potion"},{"floor":27.0,"key":"Poison Potion"},{"floor":29.0,"key":"Regen Potion"},{"floor":36.0,"key":"LiquidBronze"},{"floor":40.0,"key":"SmokeBomb"},{"floor":42.0,"key":"SpeedPotion"},{"floor":47.0,"key":"Swift Potion"}],"is_trial":false,"path_per_floor":["M","?","M","?","M","R","E","R","T","E","M","$","?","M","R","B",null,"M","M","M","T","?","R","?","E","T","E","R","M","R","M","R","B",null,"M","M","M","M","?","E","R","?","T","R","M","M","E","$","R","B",null,"R","$","E"],"character_chosen":"DEFECT","items_purchased":["OrangePellets","Conserve Battery","Membership Card","Bronze Scales","Dream Catcher","Self Repair","FocusPotion","Dark Shackles","Apotheosis","Whetstone","Mayhem","Capacitor"],"campfire_rested":8,"item_purchase_floors":[12,12,48,48,48,48,48,48,48,53,53,53],"current_hp_per_floor":[63,68,67,67,54,54,22,42,42,24,23,23,23,17,17,33,60,60,55,21,21,21,41,41,41,51,28,51,41,64,64,64,51,72,66,48,46,46,46,30,53,78,78,79,51,25,3,3,26,23,65,79,79,0],"gold":7,"neow_bonus":"ONE_RARE_RELIC","is_prod":false,"is_daily":false,"chose_seed":false,"campfire_upgraded":2,"win_rate":0,"timestamp":1553643705,"path_taken":["M","?","M","?","M","R","E","R","T","E","?","$","?","M","R","BOSS","M","?","M","?","?","R","?","E","T","E","R","M","R","M","R","BOSS","M","M","M","?","?","E","R","?","T","R","M","M","E","$","R","BOSS","R","$","E"],"build_version":"2019-01-23","purchased_purges":2,"victory":false,"max_hp_per_floor":[64,69,69,69,69,69,69,69,69,69,69,69,69,69,69,69,69,69,69,69,69,69,69,69,69,79,79,79,79,79,79,79,79,79,79,79,79,79,79,79,79,79,79,79,79,79,79,79,79,79,79,79,79,79],"card_choices":[{"not_picked":["Go for the Eyes","Hologram"],"picked":"Ball Lightning","floor":1.0},{"not_picked":["Conserve Battery","Redo"],"picked":"Go for the Eyes","floor":3.0},{"not_picked":["Conserve Battery","Hologram"],"picked":"White Noise","floor":5.0},{"not_picked":["Rainbow","Sunder"],"picked":"Glacier","floor":7.0},{"not_picked":["Leap","Beam Cell"],"picked":"FTL","floor":10.0},{"not_picked":["Recycle","Go for the Eyes"],"picked":"Chill","floor":11.0},{"not_picked":["Beam Cell","Steam"],"picked":"Blizzard","floor":14.0},{"not_picked":["Creative AI","Machine Learning"],"picked":"Echo Form","floor":16.0},{"not_picked":["Rebound","Conserve Battery","Stack"],"picked":"SKIP","floor":18.0},{"not_picked":["Leap","Hologram"],"picked":"Defragment","floor":19.0},{"not_picked":["Auto Shields","Stack"],"picked":"Seek","floor":20.0},{"not_picked":["Darkness","Scrape+1","Rebound"],"picked":"SKIP","floor":25.0},{"not_picked":["Blizzard","Streamline"],"picked":"Sunder","floor":27.0},{"not_picked":["Gash","Turbo"],"picked":"Beam Cell+1","floor":29.0},{"not_picked":["Doom and Gloom","Conserve Battery","Streamline"],"picked":"SKIP","floor":31.0},{"not_picked":["Core Surge","Echo Form"],"picked":"Biased Cognition","floor":33.0},{"not_picked":["Conserve Battery","Force Field"],"picked":"Barrage+1","floor":35.0},{"not_picked":["Beam Cell","Chaos","Coolheaded"],"picked":"SKIP","floor":36.0},{"not_picked":["Double Energy","Ball Lightning+1"],"picked":"Cold Snap+1","floor":37.0},{"not_picked":["Gash","Rip and Tear"],"picked":"Conserve Battery+1","floor":38.0},{"not_picked":["Creative AI","Blizzard"],"picked":"Static Discharge+1","floor":40.0},{"not_picked":["BootSequence","Go for the Eyes","Genetic Algorithm+1"],"picked":"SKIP","floor":45.0},{"not_picked":["Recycle","Gash","Rebound+1"],"picked":"SKIP","floor":46.0},{"not_picked":["Leap+1","Lockon+1"],"picked":"Core Surge","floor":47.0},{"not_picked":["Conserve Battery+1","Cold Snap"],"picked":"Loop","floor":49.0}],"player_experience":1432224,"relics_obtained":[{"floor":7.0,"key":"Bottled Lightning"},{"floor":9.0,"key":"Pantograph"},{"floor":10.0,"key":"MawBank"},{"floor":21.0,"key":"Bottled Tornado"},{"floor":25.0,"key":"Ornamental Fan"},{"floor":26.0,"key":"Pear"},{"floor":27.0,"key":"Old Coin"},{"floor":40.0,"key":"Kunai"},{"floor":42.0,"key":"StoneCalendar"},{"floor":47.0,"key":"Emotion Chip"}],"event_choices":[{"damage_healed":0.0,"max_hp_gain":5.0,"max_hp_loss":0.0,"gold_gain":0.0,"event_name":"Big Fish","player_choice":"Donut","floor":2.0,"gold_loss":0.0,"damage_taken":0.0},{"damage_healed":0.0,"max_hp_gain":0.0,"max_hp_loss":0.0,"gold_gain":50.0,"event_name":"Golden Shrine","player_choice":"Pray","floor":4.0,"gold_loss":0.0,"damage_taken":0.0},{"damage_healed":0.0,"max_hp_gain":0.0,"max_hp_loss":0.0,"gold_gain":0.0,"event_name":"Upgrade Shrine","player_choice":"Upgraded","floor":13.0,"gold_loss":0.0,"damage_taken":0.0,"cards_upgraded":["Go for the Eyes"]},{"damage_healed":0.0,"max_hp_gain":0.0,"max_hp_loss":0.0,"gold_gain":0.0,"event_name":"Drug Dealer","player_choice":"Inject Mutagens","floor":22.0,"gold_loss":0.0,"damage_taken":0.0,"relics_obtained":["MutagenicStrength"]},{"damage_healed":0.0,"max_hp_gain":0.0,"max_hp_loss":0.0,"gold_gain":0.0,"event_name":"Upgrade Shrine","player_choice":"Upgraded","floor":24.0,"gold_loss":0.0,"damage_taken":0.0,"cards_upgraded":["Echo Form"]},{"cards_removed":["Strike_B"],"damage_healed":0.0,"max_hp_gain":0.0,"max_hp_loss":0.0,"gold_gain":0.0,"event_name":"Falling","player_choice":"Removed Attack","floor":39.0,"gold_loss":0.0,"damage_taken":0.0},{"damage_healed":0.0,"max_hp_gain":0.0,"max_hp_loss":0.0,"gold_gain":0.0,"event_name":"MindBloom","player_choice":"Fight","floor":42.0,"gold_loss":0.0,"damage_taken":0.0}],"is_beta":false,"boss_relics":[{"not_picked":["Eternal Feather","Lizard Tail"],"picked":"Fusion Hammer"},{"not_picked":["Black Star","Empty Cage"],"picked":"Inserter"}],"items_purged_floors":[48,53],"is_endless":false,"potions_floor_spawned":[1,7,14,16,18,20,27,29,36,40,42,45,47],"killed_by":"Shield and Spear","ascension_level":18}