{"gold_per_floor":[114,114,14,24,39,39,39,39,64,64,97,117,147,157,157,157],"floor_reached":16,"playtime":597,"items_purged":[],"score":220,"play_id":"d3d1efec-9d71-47bd-85aa-58e894b3162f","local_time":"20190429093623","is_ascension_mode":true,"campfire_choices":[{"data":"Bash","floor":6.0,"key":"SMITH"},{"data":"Demon Form","floor":8.0,"key":"SMITH"},{"data":"Inflame","floor":10.0,"key":"SMITH"},{"data":"Metallicize","floor":15,"key":"SMITH"}],"neow_cost":"NONE","seed_source_timestamp":574546519793975,"circlet_count":0,"master_deck":["AscendersBane","Strike_R","Strike_R","Strike_R","Strike_R","Defend_R","Defend_R","Defend_R","Defend_R","Bash+1","Demon Form+1","Shrug It Off","Inflame+1","Metallicize+1","Impervious","Battle Trance","Shrug It Off"],"special_seed":0,"relics":["Burning Blood","Anchor","PreservedInsect","Meat on the Bone"],"potions_floor_usage":[11,16],"damage_taken":[{"damage":7.0,"enemies":"2 Louse","floor":1.0,"turns":4.0},{"damage":9.0,"enemies":"Cultist","floor":4.0,"turns":6.0},{"damage":10.0,"enemies":"Small Slimes","floor":5.0,"turns":7.0},{"damage":19,"enemies":"3 Sentries","floor":11,"turns":10},{"damage":2,"enemies":"2 Fungi Beasts","floor":12,"turns":4},{"damage":29,"enemies":"Gremlin Nob","floor":13,"turns":5},{"damage":0,"enemies":"Blue Slaver","floor":14,"turns":5},{"damage":56,"enemies":"Slime Boss","floor":16,"turns":6}],"seed_played":"7950751926502890116","potions_obtained":[{"floor":5.0,"key":"SkillPotion"},{"floor":11,"key":"SteroidPotion"},{"floor":14,"key":"Block Potion"}],"is_trial":false,"path_per_floor":["M","?","$","M","M","R","$","R","T","R","E","M","E","M","R","B"],"character_chosen":"IRONCLAD","items_purchased":["Shrug It Off","Inflame"],"campfire_rested":0,"item_purchase_floors":[3,3],"current_hp_per_floor":[74,74,74,71,67,67,67,67,67,67,54,58,35,53,53,0],"gold":157,"neow_bonus":"TEN_PERCENT_HP_BONUS","is_prod":false,"is_daily":false,"chose_seed":false,"campfire_upgraded":4,"win_rate":0,"timestamp":1556544983,"path_taken":["M","?","$","M","M","R","$","R","T","R","E","M","E","M","R","BOSS"],"build_version":"2019-01-23","purchased_purges":0,"victory":false,"max_hp_per_floor":[82,82,82,82,82,82,82,82,82,82,82,82,82,82,82,82],"card_choices":[{"not_picked":["Warcry","Sentinel","Power Through"],"picked":"SKIP","floor":1.0},{"not_picked":["Clash","Power Through"],"picked":"Metallicize","floor":4.0},{"not_picked":["Armaments","Flex","Body Slam"],"picked":"SKIP","floor":5.0},{"not_picked":["Sever Soul","Inflame"],"picked":"Impervious","floor":11},{"not_picked":["True Grit","Reckless Charge"],"picked":"Battle Trance","floor":12},{"not_picked":["Clash","Iron Wave","Demon Form"],"picked":"SKIP","floor":13},{"not_picked":["Searing Blow","Clash"],"picked":"Shrug It Off","floor":14}],"player_experience":2094978,"relics_obtained":[{"floor":9.0,"key":"Anchor"},{"floor":11,"key":"PreservedInsect"},{"floor":13,"key":"Meat on the Bone"}],"event_choices":[{"damage_healed":0.0,"max_hp_gain":0.0,"max_hp_loss":0.0,"gold_gain":0.0,"cards_transformed":["Strike_R"],"event_name":"Transmorgrifier","player_choice":"Transformed","floor":2.0,"gold_loss":0.0,"damage_taken":0.0,"cards_obtained":["Demon Form"]}],"is_beta":false,"boss_relics":[],"items_purged_floors":[],"is_endless":false,"potions_floor_spawned":[5,11,14],"killed_by":"Slime Boss","ascension_level":20}