{"gold_per_floor":[117,117,7,27,41,41,69,83,108,108,135,135,166,231,231,231],"floor_reached":16,"playtime":680,"items_purged":[],"score":236,"play_id":"7f06fcfc-875e-4324-88b9-5111df76ca30","local_time":"20190509165034","is_ascension_mode":true,"campfire_choices":[{"data":"Cloak And Dagger","floor":6,"key":"SMITH"},{"floor":10,"key":"REST"},{"floor":12,"key":"REST"},{"floor":15,"key":"REST"}],"neow_cost":"TEN_PERCENT_HP_LOSS","seed_source_timestamp":1464650578160235,"circlet_count":0,"master_deck":["AscendersBane","Defend_G","Defend_G","Defend_G","Defend_G","Defend_G","Strike_G","Strike_G","Strike_G","Survivor","Neutralize+1","Cloak And Dagger","Dagger Throw","Flying Knee","Cloak And Dagger+1","Backstab","PiercingWail","Corpse Explosion","Noxious Fumes"],"relics":["Ring of the Snake","Smiling Mask","Vajra","Anchor","Girya"],"potions_floor_usage":[13],"damage_taken":[{"damage":0,"enemies":"Small Slimes","floor":1,"turns":5},{"damage":0,"enemies":"Cultist","floor":4,"turns":3},{"damage":0,"enemies":"2 Louse","floor":5,"turns":2},{"damage":44,"enemies":"Gremlin Nob","floor":7,"turns":5},{"damage":0,"enemies":"2 Fungi Beasts","floor":8,"turns":3},{"damage":19,"enemies":"3 Sentries","floor":11,"turns":11},{"damage":23,"enemies":"Gremlin Nob","floor":13,"turns":4},{"damage":38,"enemies":"Slime Boss","floor":16,"turns":6}],"seed_played":"7133262008790896783","potions_obtained":[{"floor":5,"key":"LiquidBronze"},{"floor":7,"key":"Block Potion"}],"is_trial":false,"path_per_floor":["M","?","$","M","M","R","E","M","T","R","E","R","E","?","R","B"],"character_chosen":"THE_SILENT","items_purchased":["Dagger Throw","Flying Knee"],"campfire_rested":3,"item_purchase_floors":[3,3],"current_hp_per_floor":[59,59,59,59,59,59,15,15,15,33,14,32,9,9,27,0],"gold":231,"neow_bonus":"REMOVE_TWO","is_prod":false,"is_daily":false,"chose_seed":false,"campfire_upgraded":1,"win_rate":0,"timestamp":1557435034,"path_taken":["M","?","$","?","M","R","E","M","T","R","E","R","E","?","R","BOSS"],"build_version":"2019-01-23","purchased_purges":0,"victory":false,"max_hp_per_floor":[60,60,60,60,60,60,60,60,60,60,60,60,60,60,60,60],"card_choices":[{"not_picked":["Dodge and Roll","Backflip"],"picked":"Cloak And Dagger","floor":1},{"not_picked":["Prepared","Dagger Throw"],"picked":"Cloak And Dagger","floor":4},{"not_picked":["Reflex","Prepared"],"picked":"Backstab","floor":5},{"not_picked":["Backstab","Tactician"],"picked":"PiercingWail","floor":7},{"not_picked":["Dagger Throw","Slice","Expertise"],"picked":"SKIP","floor":8},{"not_picked":["Dodge and Roll","Finisher"],"picked":"Corpse Explosion","floor":11},{"not_picked":["Dagger Spray","Cloak And Dagger"],"picked":"Noxious Fumes","floor":13}],"player_experience":2511713,"relics_obtained":[{"floor":7,"key":"Smiling Mask"},{"floor":9,"key":"Vajra"},{"floor":11,"key":"Anchor"},{"floor":13,"key":"Girya"}],"event_choices":[{"damage_healed":0,"gold_gain":0,"player_choice":"Upgraded","damage_taken":0,"max_hp_gain":0,"max_hp_loss":0,"event_name":"Upgrade Shrine","floor":2,"gold_loss":0,"cards_upgraded":["Neutralize"]},{"damage_healed":0,"gold_gain":65,"player_choice":"Gained Gold","damage_taken":0,"max_hp_gain":0,"max_hp_loss":0,"event_name":"Golden Wing","floor":14,"gold_loss":0}],"is_beta":false,"boss_relics":[],"items_purged_floors":[],"is_endless":false,"potions_floor_spawned":[5,7],"killed_by":"Slime Boss","ascension_level":20}