{"gold_per_floor":[118,43,43,14,38,38,71,87,169,169,182,332,332,332,332,332],"floor_reached":16,"playtime":591,"items_purged":[],"score":196,"play_id":"be35310c-c097-4e5c-b7de-c51bed1f7751","local_time":"20190426053020","is_ascension_mode":true,"campfire_choices":[{"data":"Beam Cell","floor":6,"key":"SMITH"},{"data":"Zap","floor":10,"key":"SMITH"},{"data":"FTL","floor":13,"key":"SMITH"},{"data":"Conserve Battery","floor":15,"key":"SMITH"}],"neow_cost":"NONE","seed_source_timestamp":300594504346984,"circlet_count":0,"master_deck":["AscendersBane","Strike_B","Strike_B","Strike_B","Defend_B","Defend_B+1","Defend_B","Defend_B","Zap+1","Dualcast+1","Capacitor","Beam Cell+1","Conserve Battery+1","Hologram+1","FTL+1","Sweeping Beam+1","Doubt"],"relics":["Cracked Core","Bag of Preparation","Golden Idol","War Paint","Molten Egg 2"],"potions_floor_usage":[7],"damage_taken":[{"damage":3,"enemies":"2 Louse","floor":1,"turns":3},{"damage":7,"enemies":"Small Slimes","floor":5,"turns":4},{"damage":38,"enemies":"3 Sentries","floor":7,"turns":10},{"damage":0,"enemies":"Jaw Worm","floor":8,"turns":3},{"damage":2,"enemies":"Gremlin Gang","floor":11,"turns":4},{"damage":18,"enemies":"The Guardian","floor":16,"turns":9}],"seed_played":"2888101708817296967","potions_obtained":[{"floor":1,"key":"Weak Potion"}],"is_trial":false,"path_per_floor":["M","?","?","$","M","R","E","M","T","R","M","?","R","?","R","B"],"character_chosen":"DEFECT","items_purchased":["Beam Cell"],"campfire_rested":0,"item_purchase_floors":[4],"current_hp_per_floor":[61,61,61,61,54,54,16,16,16,16,14,14,14,14,14,0],"gold":332,"neow_bonus":"RANDOM_COMMON_RELIC","is_prod":false,"is_daily":false,"chose_seed":false,"campfire_upgraded":4,"win_rate":0,"timestamp":1556271020,"path_taken":["M","?","?","?","M","R","E","M","T","R","?","?","R","?","R","BOSS"],"build_version":"2019-01-23","purchased_purges":0,"victory":false,"max_hp_per_floor":[71,71,64,64,64,64,64,64,64,64,64,64,64,64,64,64],"card_choices":[{"not_picked":["Blizzard","Barrage"],"picked":"Capacitor","floor":1},{"not_picked":["Stack","Storm"],"picked":"Conserve Battery","floor":5},{"not_picked":["Rebound","Heatsinks"],"picked":"Hologram","floor":7},{"not_picked":["Heatsinks","Gash"],"picked":"FTL","floor":8},{"not_picked":["Capacitor","Turbo"],"picked":"Sweeping Beam+1","floor":11}],"player_experience":1949401,"relics_obtained":[{"floor":7,"key":"War Paint"},{"floor":9,"key":"Molten Egg 2"}],"event_choices":[{"cards_removed":["Strike_B"],"damage_healed":0,"gold_gain":0,"player_choice":"Card Removal","damage_taken":0,"max_hp_gain":0,"max_hp_loss":0,"event_name":"The Cleric","floor":2,"gold_loss":75},{"damage_healed":0,"gold_gain":0,"player_choice":"Lose Max HP","damage_taken":0,"relics_obtained":["Golden Idol"],"max_hp_gain":0,"max_hp_loss":7,"event_name":"Golden Idol","floor":3,"gold_loss":0},{"damage_healed":0,"gold_gain":150,"player_choice":"AGREE","damage_taken":0,"max_hp_gain":0,"max_hp_loss":0,"event_name":"Liars Game","floor":12,"gold_loss":0,"cards_obtained":["Doubt"]},{"damage_healed":0,"gold_gain":0,"player_choice":"Grow","damage_taken":0,"max_hp_gain":0,"max_hp_loss":0,"event_name":"Living Wall","floor":14,"gold_loss":0,"cards_upgraded":["Hologram"]}],"is_beta":false,"boss_relics":[],"items_purged_floors":[],"is_endless":false,"potions_floor_spawned":[1],"killed_by":"The Guardian","ascension_level":20}