{"gold_per_floor":[117,134,134,145,160,160,187,15,15,42,54,54,71,88,88,165,165,180,105,155,165,165,165,180,196,196,216,216,233,233,266,266,266],"floor_reached":33,"playtime":1766,"items_purged":[],"score":616,"play_id":"403cde7a-7004-4ea0-a89c-234dc8e7f7d0","local_time":"20190430043954","is_ascension_mode":true,"campfire_choices":[{"data":"Noxious Fumes","floor":6,"key":"SMITH"},{"data":"Cloak And Dagger","floor":12,"key":"SMITH"},{"data":"Neutralize","floor":15,"key":"SMITH"},{"data":"Well Laid Plans","floor":23,"key":"SMITH"},{"floor":28,"key":"REST"},{"floor":30,"key":"REST"},{"floor":32,"key":"REST"}],"neow_cost":"NONE","seed_source_timestamp":642009470084067,"circlet_count":0,"master_deck":["AscendersBane","Defend_G","Defend_G","Defend_G","Defend_G","Defend_G","Strike_G","Strike_G","Strike_G+1","Strike_G","Survivor","Neutralize+1","Dagger Spray+1","Noxious Fumes+1","Poisoned Stab+1","Cloak And Dagger+1","PiercingWail","Well Laid Plans+1","Riddle With Holes","Cloak And Dagger","PiercingWail","Corpse Explosion","Prepared+1","Leg Sweep","Footwork","Leg Sweep+1","PiercingWail+1","Corpse Explosion+1"],"relics":["Ring of the Snake","Bottled Flame","Blood Vial","Vajra","Runic Dome","Toxic Egg 2","Whetstone"],"potions_floor_usage":[5,7,16,21,22,25],"damage_taken":[{"damage":1,"enemies":"Small Slimes","floor":1,"turns":3},{"damage":3,"enemies":"Cultist","floor":2,"turns":4},{"damage":2,"enemies":"Jaw Worm","floor":4,"turns":3},{"damage":10,"enemies":"Lots of Slimes","floor":5,"turns":3},{"damage":6,"enemies":"3 Sentries","floor":7,"turns":6},{"damage":5,"enemies":"Lagavulin","floor":10,"turns":6},{"damage":0,"enemies":"Gremlin Gang","floor":11,"turns":1},{"damage":0,"enemies":"3 Louse","floor":13,"turns":2},{"damage":3,"enemies":"2 Fungi Beasts","floor":14,"turns":2},{"damage":3,"enemies":"Hexaghost","floor":16,"turns":9},{"damage":8,"enemies":"Shell Parasite","floor":18,"turns":5},{"damage":17,"enemies":"Chosen","floor":21,"turns":4},{"damage":0,"enemies":"Snake Plant","floor":22,"turns":2},{"damage":27,"enemies":"Centurion and Healer","floor":24,"turns":6},{"damage":9,"enemies":"Shelled Parasite and Fungi","floor":25,"turns":7},{"damage":0,"enemies":"3 Cultists","floor":27,"turns":3},{"damage":7,"enemies":"Snecko","floor":29,"turns":5},{"damage":21,"enemies":"Gremlin Leader","floor":31,"turns":7},{"damage":44,"enemies":"Collector","floor":33,"turns":5}],"seed_played":"3221970829865380671","potions_obtained":[{"floor":1,"key":"SkillPotion"},{"floor":4,"key":"PowerPotion"},{"floor":11,"key":"Poison Potion"},{"floor":16,"key":"Ancient Potion"},{"floor":21,"key":"SmokeBomb"},{"floor":24,"key":"Dexterity Potion"},{"floor":25,"key":"SpeedPotion"}],"is_trial":false,"path_per_floor":["M","M","?","M","M","R","E","$","T","E","M","R","M","M","R","B",null,"M","?","?","M","M","R","M","M","T","M","R","M","R","E","R","B"],"character_chosen":"THE_SILENT","items_purchased":["Blood Vial"],"campfire_rested":3,"item_purchase_floors":[8],"current_hp_per_floor":[58,55,55,53,43,43,37,37,37,34,36,36,38,37,37,36,59,53,53,47,32,34,34,9,2,2,4,23,18,37,18,37,0],"gold":266,"neow_bonus":"THREE_CARDS","is_prod":false,"is_daily":false,"chose_seed":false,"campfire_upgraded":4,"win_rate":0,"timestamp":1556613594,"path_taken":["M","M","?","M","?","R","E","?","T","E","?","R","?","M","R","BOSS","M","?","?","?","M","R","M","?","T","M","R","M","R","E","R","BOSS"],"build_version":"2019-01-23","purchased_purges":0,"victory":false,"max_hp_per_floor":[66,66,66,66,66,66,66,66,66,66,66,66,66,66,66,66,66,66,66,66,66,66,66,66,66,66,66,66,66,66,66,66,66],"card_choices":[{"not_picked":["Catalyst","Deflect"],"picked":"Dagger Spray","floor":0},{"not_picked":["Terror","Dagger Spray"],"picked":"Noxious Fumes","floor":1},{"not_picked":["Blur","Acrobatics"],"picked":"Poisoned Stab","floor":2},{"not_picked":["PiercingWail","Deflect"],"picked":"Cloak And Dagger","floor":4},{"not_picked":["Calculated Gamble","Sucker Punch"],"picked":"PiercingWail","floor":5},{"not_picked":["Distraction","Endless Agony"],"picked":"Well Laid Plans","floor":7},{"not_picked":["Finisher","Reflex"],"picked":"Riddle With Holes","floor":10},{"not_picked":["Outmaneuver","Flechettes","Sucker Punch"],"picked":"SKIP","floor":11},{"not_picked":["Well Laid Plans","Leg Sweep"],"picked":"Cloak And Dagger","floor":13},{"not_picked":["Bane","Deadly Poison"],"picked":"PiercingWail","floor":14},{"not_picked":["Wraith Form v2","Grand Finale"],"picked":"Corpse Explosion","floor":16},{"not_picked":["Well Laid Plans","Acrobatics"],"picked":"Prepared+1","floor":18},{"not_picked":["Deadly Poison","Outmaneuver+1"],"picked":"Leg Sweep","floor":21},{"not_picked":["Bane","Concentrate+1","Cloak And Dagger"],"picked":"SKIP","floor":24},{"not_picked":["Cloak And Dagger","Flying Knee"],"picked":"Footwork","floor":25},{"not_picked":["Reflex+1","Deadly Poison+1"],"picked":"Leg Sweep+1","floor":27},{"not_picked":["Dash","Outmaneuver+1"],"picked":"PiercingWail+1","floor":29},{"not_picked":["Underhanded Strike","Bane"],"picked":"Corpse Explosion+1","floor":31}],"player_experience":2137420,"relics_obtained":[{"floor":7,"key":"Bottled Flame"},{"floor":10,"key":"Vajra"},{"floor":26,"key":"Toxic Egg 2"},{"floor":31,"key":"Whetstone"}],"event_choices":[{"damage_healed":0,"gold_gain":0,"player_choice":"Forge","damage_taken":0,"max_hp_gain":0,"max_hp_loss":0,"event_name":"Accursed Blacksmith","floor":3,"gold_loss":0,"cards_upgraded":["Dagger Spray"]},{"cards_removed":["Strike_G"],"damage_healed":0,"gold_gain":0,"player_choice":"Gave Gold","damage_taken":0,"max_hp_gain":0,"max_hp_loss":0,"event_name":"Beggar","floor":19,"gold_loss":75},{"damage_healed":0,"gold_gain":50,"player_choice":"Touch","damage_taken":6,"max_hp_gain":0,"max_hp_loss":0,"event_name":"FaceTrader","floor":20,"gold_loss":0}],"is_beta":false,"boss_relics":[{"not_picked":["Snecko Eye","Astrolabe"],"picked":"Runic Dome"}],"items_purged_floors":[],"is_endless":false,"potions_floor_spawned":[1,4,11,16,21,24,25],"killed_by":"Collector","ascension_level":20}