{"path_per_floor":["M","M","$","M","?","R","E","R","T","?","E","?","M","?","R"],"character_chosen":"DEFECT","items_purchased":["Redo"],"gold_per_floor":[109,123,73,93,93,93,127,127,153,153,192,192,205,205,205,205],"floor_reached":16,"campfire_rested":1,"playtime":321,"item_purchase_floors":[3],"current_hp_per_floor":[66,57,57,47,22,22,7,29,29,29,7,30,24,41,41,0],"items_purged":[],"gold":205,"score":167,"play_id":"4da80600-a70b-4b44-8c43-b687ded30f79","local_time":"20180612102350","is_prod":false,"is_daily":false,"chose_seed":false,"is_ascension_mode":true,"campfire_upgraded":2,"win_rate":0,"timestamp":1528824230,"campfire_choices":[{"data":"Redo","floor":6,"key":"SMITH"},{"floor":8,"key":"REST"},{"data":"Dualcast","floor":15,"key":"SMITH"}],"path_taken":["M","M","$","M","?","R","E","R","T","?","E","?","M","?","R","BOSS"],"build_version":"2018-06-11","seed_source_timestamp":175556783604143,"purchased_purges":0,"victory":false,"master_deck":["Strike_B","Strike_B+1","Strike_B","Strike_B+1","Defend_B","Defend_B","Defend_B","Defend_B","Zap+1","Dualcast+1","AscendersBane","Rebound","Redo+1","Conserve Battery","Parasite"],"max_hp_per_floor":[75,75,75,75,75,75,75,75,75,69,69,69,69,69,69,69],"special_seed":0,"relics":["Cracked Core","Vajra","Calipers","Juzu Bracelet","Golden Idol","Whetstone"],"card_choices":[{"not_picked":["Beam Cell","Turbo"],"picked":"Rebound","floor":1},{"not_picked":["Recycle","Doom and Gloom","Steam Power"],"picked":"SKIP","floor":2},{"not_picked":["Beam Cell","Rebound","Compile Driver"],"picked":"SKIP","floor":4},{"not_picked":["Gash","Fission","Steam Power"],"picked":"SKIP","floor":7},{"not_picked":["Skim","Force Field"],"picked":"Conserve Battery","floor":11},{"not_picked":["Steam Power","Hologram","Hello World"],"picked":"SKIP","floor":13}],"player_experience":639359,"potions_floor_usage":[7,7],"damage_taken":[{"damage":2,"enemies":"Jaw Worm","floor":1,"turns":3},{"damage":9,"enemies":"2 Louse","floor":2,"turns":2},{"damage":10,"enemies":"Small Slimes","floor":4,"turns":3},{"damage":30,"enemies":"Lagavulin","floor":7,"turns":6},{"damage":22,"enemies":"3 Sentries","floor":11,"turns":6},{"damage":6,"enemies":"Looter","floor":13,"turns":3},{"damage":42,"enemies":"Hexaghost","floor":16,"turns":9}],"relics_obtained":[{"floor":7,"key":"Calipers"},{"floor":9,"key":"Juzu Bracelet"},{"floor":11,"key":"Whetstone"}],"event_choices":[{"event_name":"Scrap Ooze","player_choice":"success","floor":5,"damage_taken":25},{"event_name":"Golden Idol","player_choice":"Lose Max HP","floor":10,"damage_taken":0},{"event_name":"Big Fish","player_choice":"Banana","floor":12,"damage_taken":0},{"event_name":"Mushrooms","player_choice":"Healed and dodged fight","floor":14,"damage_taken":0}],"boss_relics":[],"items_purged_floors":[],"potions_floor_spawned":[2,4],"seed_played":"873746718888467837","killed_by":"Hexaghost","ascension_level":11,"potions_obtained":[{"floor":2,"key":"Regen Potion"},{"floor":4,"key":"LiquidBronze"}],"is_trial":false}