{"gold_per_floor":[10,10,85,385,396,396,414,414,414,427,443,454,454,469,469,547,547,560,560,560,578,578,603,603,603],"floor_reached":25,"playtime":1090,"items_purged":[],"score":426,"play_id":"106716c4-4a34-4fc2-b2b5-ada2a1e469ba","local_time":"20190506075226","is_ascension_mode":true,"campfire_choices":[{"data":"Perfected Strike","floor":6.0,"key":"SMITH"},{"data":"Bash","floor":8.0,"key":"SMITH"},{"data":"Disarm","floor":13.0,"key":"SMITH"},{"data":"Evolve","floor":15.0,"key":"SMITH"},{"floor":24.0,"key":"REST"}],"neow_cost":"NO_GOLD","seed_source_timestamp":1172580897219063,"circlet_count":0,"master_deck":["AscendersBane","Strike_R","Strike_R","Strike_R","Strike_R","Strike_R","Defend_R","Defend_R","Defend_R","Defend_R","Bash+1","Headbutt","Perfected Strike+1","Reaper","Disarm+1","Headbutt","Evolve+1","Reckless Charge","Dark Embrace","Reckless Charge","J.A.X.","Disarm+1","True Grit"],"special_seed":0,"relics":["Burning Blood","Old Coin","Kunai","Philosopher\u0027s Stone","WingedGreaves"],"potions_floor_usage":[],"damage_taken":[{"damage":10.0,"enemies":"Small Slimes","floor":1.0,"turns":4.0},{"damage":9.0,"enemies":"Jaw Worm","floor":5.0,"turns":4.0},{"damage":0.0,"enemies":"Cultist","floor":7.0,"turns":3.0},{"damage":30.0,"enemies":"Lots of Slimes","floor":10.0,"turns":5.0},{"damage":12.0,"enemies":"Looter","floor":11.0,"turns":3.0},{"damage":32.0,"enemies":"Large Slime","floor":12.0,"turns":7.0},{"damage":1.0,"enemies":"Lots of Slimes","floor":14.0,"turns":2.0},{"damage":34.0,"enemies":"Slime Boss","floor":16.0,"turns":9.0},{"damage":27.0,"enemies":"Chosen","floor":18.0,"turns":5.0},{"damage":45.0,"enemies":"3 Byrds","floor":21.0,"turns":7.0},{"damage":47.0,"enemies":"Gremlin Leader","floor":23.0,"turns":7.0},{"damage":51,"enemies":"Colosseum Slavers","floor":25,"turns":4}],"seed_played":"-386100802786446557","potions_obtained":[{"floor":10.0,"key":"Explosive Potion"},{"floor":14.0,"key":"GamblersBrew"},{"floor":21.0,"key":"EssenceOfSteel"}],"is_trial":false,"path_per_floor":["M","?","?","T","M","R","M","R","T","M","M","M","R","M","R","B",null,"M","?","?","M","?","E","R","?"],"character_chosen":"IRONCLAD","items_purchased":[],"campfire_rested":1,"item_purchase_floors":[],"current_hp_per_floor":[78,83,72,72,69,69,75,75,75,70,64,46,46,51,51,31,78,61,61,61,30,49,17,45,0],"gold":603,"neow_bonus":"TWENTY_PERCENT_HP_BONUS","is_prod":false,"is_daily":false,"chose_seed":false,"campfire_upgraded":4,"win_rate":0,"timestamp":1557143546,"path_taken":["M","?","?","?","M","R","M","R","T","?","?","M","R","M","R","BOSS","M","?","?","?","?","E","R","?"],"build_version":"2019-01-23","purchased_purges":0,"victory":false,"max_hp_per_floor":[89,94,94,94,94,94,94,94,94,94,94,94,94,94,94,94,94,94,94,94,94,94,94,94,94],"card_choices":[{"not_picked":["Twin Strike","Havoc"],"picked":"Headbutt","floor":1.0},{"not_picked":["Flex","Heavy Blade"],"picked":"Perfected Strike","floor":5.0},{"not_picked":["Headbutt","Entrench"],"picked":"Reaper","floor":7.0},{"not_picked":["Shockwave","Cleave"],"picked":"Disarm","floor":10.0},{"not_picked":["Havoc","Pummel"],"picked":"Headbutt","floor":11.0},{"not_picked":["Clash","Hemokinesis"],"picked":"Evolve","floor":12.0},{"not_picked":["Pummel","Anger"],"picked":"Reckless Charge","floor":14.0},{"not_picked":["Demon Form","Bludgeon"],"picked":"Dark Embrace","floor":16.0},{"not_picked":["Burning Pact","Sentinel"],"picked":"Reckless Charge","floor":18.0},{"not_picked":["Heavy Blade","Ghostly Armor"],"picked":"True Grit","floor":21.0},{"not_picked":["Blood for Blood","Sword Boomerang","Fire Breathing"],"picked":"SKIP","floor":23.0}],"player_experience":2389453,"relics_obtained":[{"floor":4.0,"key":"Old Coin"},{"floor":9.0,"key":"Kunai"},{"floor":23.0,"key":"WingedGreaves"}],"event_choices":[{"damage_healed":0.0,"max_hp_gain":5.0,"max_hp_loss":0.0,"gold_gain":0.0,"event_name":"Big Fish","player_choice":"Donut","floor":2.0,"gold_loss":0.0,"damage_taken":0.0},{"damage_healed":0.0,"max_hp_gain":0.0,"max_hp_loss":0.0,"gold_gain":75.0,"event_name":"World of Goop","player_choice":"Gather Gold","floor":3.0,"gold_loss":0.0,"damage_taken":11.0},{"damage_healed":0.0,"max_hp_gain":0.0,"max_hp_loss":0.0,"gold_gain":0.0,"event_name":"Drug Dealer","player_choice":"Obtain J.A.X.","floor":19.0,"gold_loss":0.0,"damage_taken":0.0,"cards_obtained":["J.A.X."]},{"damage_healed":0.0,"max_hp_gain":0.0,"max_hp_loss":0.0,"gold_gain":0.0,"event_name":"Duplicator","player_choice":"Copied","floor":20.0,"gold_loss":0.0,"damage_taken":0.0,"cards_obtained":["Disarm"]},{"damage_healed":19.0,"max_hp_gain":0.0,"max_hp_loss":0.0,"gold_gain":0.0,"event_name":"The Library","player_choice":"Heal","floor":22.0,"gold_loss":0.0,"damage_taken":0.0},{"damage_healed":0,"gold_gain":0,"player_choice":"Fight","damage_taken":0,"max_hp_gain":0,"max_hp_loss":0,"event_name":"Colosseum","floor":25,"gold_loss":0}],"is_beta":false,"boss_relics":[{"not_picked":["Velvet Choker","Runic Dome"],"picked":"Philosopher\u0027s Stone"}],"items_purged_floors":[],"is_endless":false,"potions_floor_spawned":[10,14,21],"killed_by":"Colosseum Slavers","ascension_level":20}