{"gold_per_floor":[111,36,62,62,77,77,109,109,109,126,201,231,247,262,262,341,341,352,352,372,422,422],"floor_reached":22,"playtime":767,"items_purged":["Strike_R"],"score":405,"play_id":"b515064f-8341-4595-b902-bc42dab0f4cb","local_time":"20181226210657","is_ascension_mode":true,"campfire_choices":[{"data":"Bash","floor":6,"key":"SMITH"},{"data":"Metallicize","floor":8,"key":"SMITH"},{"data":"True Grit","floor":15,"key":"SMITH"}],"neow_cost":"NONE","seed_source_timestamp":296391748359175,"circlet_count":0,"master_deck":["AscendersBane","Strike_R","Strike_R","Strike_R","Strike_R","Defend_R","Defend_R","Defend_R","Defend_R","Bash+1","Feel No Pain","Feel No Pain","Metallicize+1","True Grit+1","Body Slam","Barricade","Iron Wave","Clothesline"],"relics":["Burning Blood","NeowsBlessing","PreservedInsect","FossilizedHelix","Mercury Hourglass","Snecko Eye"],"potions_floor_usage":[18,20],"damage_taken":[{"damage":0,"enemies":"Cultist","floor":1,"turns":1},{"damage":0,"enemies":"Small Slimes","floor":5,"turns":1},{"damage":0,"enemies":"Gremlin Nob","floor":7,"turns":1},{"damage":0,"enemies":"2 Louse","floor":10,"turns":5},{"damage":6,"enemies":"3 Sentries","floor":12,"turns":12},{"damage":16,"enemies":"Lots of Slimes","floor":13,"turns":4},{"damage":0,"enemies":"Blue Slaver","floor":14,"turns":4},{"damage":36,"enemies":"Slime Boss","floor":16,"turns":20},{"damage":57,"enemies":"3 Byrds","floor":18,"turns":8},{"damage":21,"enemies":"Shell Parasite","floor":20,"turns":8},{"damage":14,"enemies":"Cultist and Chosen","floor":22,"turns":3}],"seed_played":"847320883209682966","potions_obtained":[{"floor":1,"key":"FearPotion"},{"floor":10,"key":"Energy Potion"},{"floor":12,"key":"EssenceOfSteel"},{"floor":19,"key":"Regen Potion"}],"is_trial":false,"path_per_floor":["M","$","T","$","M","R","E","R","T","M","?","E","M","M","R","B",null,"M","?","M","?","M"],"character_chosen":"IRONCLAD","items_purchased":[],"campfire_rested":0,"item_purchase_floors":[],"current_hp_per_floor":[74,74,74,74,75,75,75,75,75,75,64,64,54,60,60,30,64,13,13,13,13,0],"gold":422,"neow_bonus":"THREE_ENEMY_KILL","is_prod":false,"is_daily":false,"chose_seed":false,"campfire_upgraded":3,"win_rate":0,"timestamp":1545883617,"path_taken":["M","$","?","?","M","R","E","R","T","M","?","E","M","M","R","BOSS","M","?","?","?","M"],"build_version":"2018-12-25","purchased_purges":1,"victory":false,"max_hp_per_floor":[75,75,75,75,75,75,75,75,75,75,75,75,75,75,75,75,75,75,75,75,75,75],"card_choices":[{"not_picked":["Dual Wield","Sever Soul"],"picked":"Feel No Pain","floor":1},{"not_picked":["Cleave","Sword Boomerang"],"picked":"Feel No Pain","floor":5},{"not_picked":["Havoc","Power Through"],"picked":"Metallicize","floor":7},{"not_picked":["Sentinel","Second Wind","Sword Boomerang"],"picked":"SKIP","floor":10},{"not_picked":["Heavy Blade","Carnage"],"picked":"True Grit","floor":12},{"not_picked":["Carnage","Blood for Blood"],"picked":"Body Slam","floor":13},{"not_picked":["Thunderclap","Rage","Sentinel"],"picked":"SKIP","floor":14},{"not_picked":["Exhume","Impervious"],"picked":"Barricade","floor":16},{"not_picked":["Body Slam","Thunderclap+1"],"picked":"Iron Wave","floor":18},{"not_picked":["Thunderclap","Reckless Charge"],"picked":"Clothesline","floor":20}],"player_experience":1003673,"relics_obtained":[{"floor":3,"key":"PreservedInsect"},{"floor":7,"key":"FossilizedHelix"},{"floor":12,"key":"Mercury Hourglass"}],"event_choices":[{"damage_healed":0,"gold_gain":75,"player_choice":"Gather Gold","damage_taken":11,"max_hp_gain":0,"max_hp_loss":0,"event_name":"World of Goop","floor":11,"gold_loss":0},{"damage_healed":0,"gold_gain":0,"player_choice":"Got Potions","damage_taken":0,"max_hp_gain":0,"max_hp_loss":0,"event_name":"Lab","floor":19,"gold_loss":0},{"damage_healed":0,"gold_gain":100,"player_choice":"Bet on Murderer","damage_taken":0,"max_hp_gain":0,"max_hp_loss":0,"event_name":"The Joust","floor":21,"gold_loss":50}],"is_beta":true,"boss_relics":[{"not_picked":["Calling Bell","Mark of Pain"],"picked":"Snecko Eye"}],"items_purged_floors":[2],"is_endless":false,"potions_floor_spawned":[1,10,12,14],"killed_by":"Cultist and Chosen","ascension_level":17}