{"gold_per_floor":[115,115,133,133,133,133,153,153,153,153,169,202,202,84,84,173,173,194,30,30,30,50,50,11,55,55,55,86,86,6,41,41,136,136,156,174,0,0,0],"floor_reached":39,"playtime":1877,"items_purged":["Strike_G","Reflex"],"score":916,"play_id":"09d34fd7-a6e1-432c-ba14-687c7c1ae294","local_time":"20190307111243","is_ascension_mode":true,"campfire_choices":[{"data":"Neutralize","floor":6.0,"key":"SMITH"},{"data":"Dash","floor":8.0,"key":"SMITH"},{"data":"Footwork","floor":15.0,"key":"SMITH"},{"data":"Malaise","floor":23.0,"key":"SMITH"},{"floor":29.0,"key":"REST"},{"floor":32.0,"key":"REST"}],"neow_cost":"NONE","seed_source_timestamp":0,"circlet_count":0,"master_deck":["AscendersBane","Defend_G","Defend_G","Defend_G","Defend_G","Survivor","Neutralize+1","Backflip","Dash+1","Dagger Spray","Cloak And Dagger","Footwork+1","Malaise+1","Dash","Noxious Fumes","Leg Sweep","Caltrops","PiercingWail","Noxious Fumes","Leg Sweep+1","Dodge and Roll+1","Malaise","Riddle With Holes+1","Die Die Die+1","Finisher+1","Caltrops+1","Backflip","Apotheosis"],"special_seed":0,"relics":["Ring of the Snake","Pen Nib","Golden Idol","Ornamental Fan","Turnip","Dream Catcher","Velvet Choker","Omamori","The Courier","Bag of Preparation","Ancient Tea Set","Astrolabe"],"potions_floor_usage":[39],"damage_taken":[{"damage":0.0,"enemies":"2 Louse","floor":1.0,"turns":4.0},{"damage":7.0,"enemies":"Jaw Worm","floor":3.0,"turns":9.0},{"damage":0.0,"enemies":"Small Slimes","floor":7.0,"turns":7.0},{"damage":0.0,"enemies":"Gremlin Gang","floor":11.0,"turns":7.0},{"damage":12.0,"enemies":"3 Sentries","floor":12.0,"turns":7.0},{"damage":15.0,"enemies":"The Guardian","floor":16.0,"turns":23.0},{"damage":8.0,"enemies":"Shell Parasite","floor":18.0,"turns":8.0},{"damage":0.0,"enemies":"2 Thieves","floor":21.0,"turns":5.0},{"damage":0.0,"enemies":"Centurion and Healer","floor":22.0,"turns":17.0},{"damage":17.0,"enemies":"Gremlin Leader","floor":25.0,"turns":9.0},{"damage":12.0,"enemies":"Colosseum Slavers","floor":27.0,"turns":6.0},{"damage":0.0,"enemies":"Book of Stabbing","floor":28.0,"turns":8.0},{"damage":21.0,"enemies":"Gremlin Leader","floor":31.0,"turns":11.0},{"damage":26.0,"enemies":"Champ","floor":33.0,"turns":21.0},{"damage":27,"enemies":"3 Darklings","floor":35,"turns":5},{"damage":0,"enemies":"Orb Walker","floor":36,"turns":5},{"damage":36,"enemies":"Jaw Worm Horde","floor":39,"turns":4}],"seed_played":"8710464646464613976","potions_obtained":[{"floor":7.0,"key":"Dexterity Potion"},{"floor":12.0,"key":"PowerPotion"},{"floor":18.0,"key":"GhostInAJar"},{"floor":33.0,"key":"Regen Potion"}],"is_trial":false,"path_per_floor":["M","?","M","?","?","R","M","R","T","?","M","E","?","$","R","B",null,"M","$","?","M","M","R","$","E","T","?","E","R","$","E","R","B",null,"M","M","$","?","M"],"character_chosen":"THE_SILENT","items_purchased":["Footwork","Noxious Fumes","Leg Sweep","Caltrops","Apotheosis"],"campfire_rested":2,"item_purchase_floors":[14,19,19,24,37],"current_hp_per_floor":[59,59,52,45,45,45,45,45,45,40,40,28,48,48,48,33,53,45,45,45,45,45,45,45,28,28,16,16,34,34,13,31,5,46,19,19,19,19,0],"gold":0,"neow_bonus":"RANDOM_COMMON_RELIC","is_prod":false,"is_daily":false,"chose_seed":false,"campfire_upgraded":4,"win_rate":0,"timestamp":1551982363,"path_taken":["M","?","M","?","?","R","M","R","T","?","M","E","?","$","R","BOSS","M","$","?","M","?","R","?","E","T","?","E","R","$","E","R","BOSS","M","M","$","?","M"],"build_version":"2019-02-06","purchased_purges":2,"victory":false,"max_hp_per_floor":[66,66,66,66,60,60,60,60,60,60,60,60,60,60,60,60,60,60,60,60,60,60,60,60,60,60,60,60,60,60,60,60,60,60,60,60,60,60,60],"card_choices":[{"not_picked":["PiercingWail","Underhanded Strike"],"picked":"Backflip","floor":1.0},{"not_picked":["Eviscerate","Blade Dance","Prepared"],"picked":"SKIP","floor":3.0},{"not_picked":["Poisoned Stab","PiercingWail"],"picked":"Dash","floor":7.0},{"not_picked":["Night Terror","Prepared"],"picked":"Dagger Spray","floor":11.0},{"not_picked":["Underhanded Strike","Dagger Spray"],"picked":"Cloak And Dagger","floor":12.0},{"not_picked":["Grand Finale","Burst"],"picked":"Malaise","floor":16.0},{"not_picked":["Tactician","Slice"],"picked":"Dash","floor":18.0},{"not_picked":["Deadly Poison","Outmaneuver","Catalyst"],"picked":"SKIP","floor":21.0},{"not_picked":["Riddle With Holes","Heel Hook","Concentrate"],"picked":"SKIP","floor":22.0},{"not_picked":["Crippling Poison","Envenom"],"picked":"PiercingWail","floor":25.0},{"not_picked":["Skewer","Distraction"],"picked":"Noxious Fumes","floor":28.0},{"not_picked":["Dagger Throw","Unload"],"picked":"Leg Sweep+1","floor":31.0},{"not_picked":["Deflect","Cloak And Dagger"],"picked":"Dodge and Roll+1","floor":32.0},{"not_picked":["Grand Finale","Unload"],"picked":"Malaise","floor":33.0},{"not_picked":["Prepared","Concentrate"],"picked":"Caltrops+1","floor":35},{"not_picked":["Flying Knee","Caltrops"],"picked":"Backflip","floor":36}],"player_experience":1163397,"relics_obtained":[{"floor":9.0,"key":"Ornamental Fan"},{"floor":12.0,"key":"Dream Catcher"},{"floor":25.0,"key":"Omamori"},{"floor":26.0,"key":"The Courier"},{"floor":28.0,"key":"Bag of Preparation"},{"floor":31.0,"key":"Ancient Tea Set"}],"event_choices":[{"damage_healed":0.0,"max_hp_gain":0.0,"max_hp_loss":0.0,"gold_gain":0.0,"event_name":"Liars Game","player_choice":"Ignored","floor":2.0,"gold_loss":0.0,"damage_taken":0.0},{"cards_removed":["Strike_G"],"damage_healed":0.0,"max_hp_gain":0.0,"max_hp_loss":0.0,"gold_gain":0.0,"event_name":"Golden Wing","player_choice":"Card Removal","floor":4.0,"gold_loss":0.0,"damage_taken":7.0},{"damage_healed":0.0,"max_hp_gain":0.0,"max_hp_loss":6.0,"gold_gain":0.0,"event_name":"Golden Idol","player_choice":"Lose Max HP","floor":5.0,"gold_loss":0.0,"damage_taken":0.0,"relics_obtained":["Golden Idol"]},{"damage_healed":0.0,"max_hp_gain":0.0,"max_hp_loss":0.0,"gold_gain":0.0,"event_name":"Scrap Ooze","player_choice":"Success","floor":10.0,"gold_loss":0.0,"damage_taken":5.0,"relics_obtained":["Turnip"]},{"damage_healed":20.0,"max_hp_gain":0.0,"max_hp_loss":0.0,"gold_gain":0.0,"event_name":"Big Fish","player_choice":"Banana","floor":13.0,"gold_loss":0.0,"damage_taken":0.0},{"damage_healed":0.0,"max_hp_gain":0.0,"max_hp_loss":0.0,"gold_gain":0.0,"cards_transformed":["Strike_G"],"event_name":"Transmorgrifier","player_choice":"Transformed","floor":20.0,"gold_loss":0.0,"damage_taken":0.0,"cards_obtained":["Reflex"]},{"damage_healed":0.0,"max_hp_gain":0.0,"max_hp_loss":0.0,"gold_gain":0.0,"event_name":"Colosseum","player_choice":"Fight","floor":27.0,"gold_loss":0.0,"damage_taken":0.0},{"damage_healed":0.0,"max_hp_gain":0.0,"max_hp_loss":0.0,"gold_gain":0.0,"event_name":"Colosseum","player_choice":"Fled From Nobs","floor":27.0,"gold_loss":0.0,"damage_taken":0.0},{"damage_healed":0,"gold_gain":0,"player_choice":"Ignored","damage_taken":0,"max_hp_gain":0,"max_hp_loss":0,"event_name":"Mysterious Sphere","floor":38,"gold_loss":0}],"is_beta":true,"boss_relics":[{"not_picked":["Ring of the Serpent","Fusion Hammer"],"picked":"Velvet Choker"},{"not_picked":["WristBlade","Sozu"],"picked":"Astrolabe"}],"items_purged_floors":[14,30],"is_endless":false,"potions_floor_spawned":[7,12,16,18,28,31,33],"killed_by":"Jaw Worm Horde","ascension_level":20}