{"gold_per_floor":[115,115,115,3,19,54,54,95,95,130,149,149,210,230,230,230],"floor_reached":16,"playtime":765,"items_purged":[],"score":236,"play_id":"4d49df7b-7830-4063-8e82-1acc1d274e0b","local_time":"20190503161731","is_ascension_mode":true,"campfire_choices":[{"floor":7.0,"key":"REST"},{"floor":15,"key":"REST"}],"neow_cost":"NONE","seed_source_timestamp":943903418364326,"circlet_count":0,"master_deck":["AscendersBane","Defend_G","Defend_G","Defend_G","Defend_G","Defend_G","Strike_G","Strike_G","Strike_G","Strike_G","Strike_G","Survivor","Neutralize","Predator","Infinite Blades","Choke","Finisher","Noxious Fumes","Dodge and Roll","Footwork"],"special_seed":0,"relics":["Ring of the Snake","Pen Nib","Golden Idol","Ornamental Fan","Smiling Mask","Tough Bandages","Boot"],"potions_floor_usage":[10,16],"damage_taken":[{"damage":5.0,"enemies":"2 Louse","floor":1.0,"turns":3.0},{"damage":0.0,"enemies":"Jaw Worm","floor":5.0,"turns":3.0},{"damage":11.0,"enemies":"Gremlin Nob","floor":6.0,"turns":5.0},{"damage":19.0,"enemies":"3 Sentries","floor":8.0,"turns":7.0},{"damage":16,"enemies":"Lagavulin","floor":10,"turns":7},{"damage":2,"enemies":"Cultist","floor":11,"turns":3},{"damage":1,"enemies":"2 Fungi Beasts","floor":14,"turns":2},{"damage":26,"enemies":"Hexaghost","floor":16,"turns":7}],"seed_played":"439915066050371950","potions_obtained":[{"floor":5.0,"key":"GhostInAJar"},{"floor":6.0,"key":"Swift Potion"},{"floor":10,"key":"FearPotion"}],"is_trial":false,"path_per_floor":["M","?","?","$","M","E","R","E","T","E","M","?","?","M","R","B"],"character_chosen":"THE_SILENT","items_purchased":["Poison Potion","PowerPotion"],"campfire_rested":2,"item_purchase_floors":[4,4],"current_hp_per_floor":[54,54,36,36,36,25,43,24,24,8,6,6,6,5,23,0],"gold":230,"neow_bonus":"RANDOM_COMMON_RELIC","is_prod":false,"is_daily":false,"chose_seed":false,"campfire_upgraded":0,"win_rate":0,"timestamp":1556914651,"path_taken":["M","?","?","$","M","E","R","E","T","E","?","?","?","M","R","BOSS"],"build_version":"2019-01-23","purchased_purges":0,"victory":false,"max_hp_per_floor":[66,60,60,60,60,60,60,60,60,60,60,60,60,60,60,60],"card_choices":[{"not_picked":["Poisoned Stab","Blade Dance"],"picked":"Predator","floor":1.0},{"not_picked":["Quick Slash","Deflect"],"picked":"Infinite Blades","floor":5.0},{"not_picked":["Sucker Punch","Prepared"],"picked":"Choke","floor":6.0},{"not_picked":["Phantasmal Killer","Prepared"],"picked":"Finisher","floor":8.0},{"not_picked":["Backflip","Bouncing Flask"],"picked":"Noxious Fumes","floor":10},{"not_picked":["Setup","Blade Dance"],"picked":"Dodge and Roll","floor":11},{"not_picked":["Blur","Quick Slash"],"picked":"Footwork","floor":14}],"player_experience":2310065,"relics_obtained":[{"floor":6.0,"key":"Smiling Mask"},{"floor":8.0,"key":"Tough Bandages"},{"floor":10,"key":"Boot"}],"event_choices":[{"damage_healed":0.0,"max_hp_gain":0.0,"max_hp_loss":6.0,"gold_gain":0.0,"event_name":"Golden Idol","player_choice":"Lose Max HP","floor":2.0,"gold_loss":0.0,"damage_taken":0.0,"relics_obtained":["Golden Idol"]},{"damage_healed":0.0,"max_hp_gain":0.0,"max_hp_loss":0.0,"gold_gain":0.0,"event_name":"Scrap Ooze","player_choice":"Success","floor":3.0,"gold_loss":0.0,"damage_taken":18.0,"relics_obtained":["Ornamental Fan"]},{"damage_healed":0,"gold_gain":0,"player_choice":"Ignored","damage_taken":0,"max_hp_gain":0,"max_hp_loss":0,"event_name":"Liars Game","floor":12,"gold_loss":0},{"damage_healed":0,"gold_gain":61,"player_choice":"Gained Gold","damage_taken":0,"max_hp_gain":0,"max_hp_loss":0,"event_name":"Golden Wing","floor":13,"gold_loss":0}],"is_beta":false,"boss_relics":[],"items_purged_floors":[],"is_endless":false,"potions_floor_spawned":[5,6,10],"killed_by":"Hexaghost","ascension_level":20}