{"gold_per_floor":[16,31,110,124,140,140,120,148,171,187,200,227,227,238,238,238],"floor_reached":16,"playtime":716,"items_purged":[],"score":211,"play_id":"c464f6e9-62f0-4a89-b41c-f05f606d6325","local_time":"20190326061316","is_ascension_mode":true,"campfire_choices":[{"data":"Zap","floor":6,"key":"SMITH"},{"floor":13,"key":"REST"},{"data":"Hologram","floor":15,"key":"SMITH"}],"neow_cost":"NO_GOLD","seed_source_timestamp":794241602185312,"circlet_count":0,"master_deck":["AscendersBane","Strike_B","Strike_B","Strike_B","Strike_B","Defend_B","Defend_B","Defend_B","Defend_B","Zap+1","Dualcast","Go for the Eyes","Streamline","Sweeping Beam","Melter","Hologram+1","Gash"],"relics":["Cracked Core","Ancient Tea Set","Omamori","Pen Nib"],"potions_floor_usage":[5,8,10,12,16],"damage_taken":[{"damage":0,"enemies":"2 Louse","floor":1,"turns":2},{"damage":1,"enemies":"Small Slimes","floor":2,"turns":4},{"damage":0,"enemies":"Cultist","floor":4,"turns":4},{"damage":25,"enemies":"Exordium Wildlife","floor":5,"turns":6},{"damage":10,"enemies":"3 Sentries","floor":8,"turns":3},{"damage":6,"enemies":"Lots of Slimes","floor":10,"turns":3},{"damage":4,"enemies":"Looter","floor":11,"turns":3},{"damage":24,"enemies":"Lagavulin","floor":12,"turns":7},{"damage":13,"enemies":"Exordium Thugs","floor":14,"turns":4},{"damage":27,"enemies":"The Guardian","floor":16,"turns":7}],"seed_played":"-8765322187377818481","potions_obtained":[{"floor":1,"key":"GamblersBrew"},{"floor":5,"key":"PowerPotion"},{"floor":7,"key":"Poison Potion"},{"floor":10,"key":"Dexterity Potion"},{"floor":14,"key":"SpeedPotion"}],"is_trial":false,"path_per_floor":["M","M","?","M","M","R","?","E","T","M","M","E","R","M","R","B"],"character_chosen":"DEFECT","items_purchased":[],"campfire_rested":1,"item_purchase_floors":[],"current_hp_per_floor":[78,77,77,77,52,52,52,42,42,36,32,8,33,20,20,0],"gold":238,"neow_bonus":"TWENTY_PERCENT_HP_BONUS","is_prod":false,"is_daily":false,"chose_seed":false,"campfire_upgraded":2,"win_rate":0,"timestamp":1553595196,"path_taken":["M","M","?","M","M","R","?","E","T","?","M","E","R","M","R","BOSS"],"build_version":"2019-01-23","purchased_purges":0,"victory":false,"max_hp_per_floor":[85,85,85,85,85,85,85,85,85,85,85,85,85,85,85,85],"card_choices":[{"not_picked":["Chaos","Doom and Gloom"],"picked":"Go for the Eyes","floor":1},{"not_picked":["Rebound","Redo"],"picked":"Streamline","floor":2},{"not_picked":["Stack","Steam Power","Turbo"],"picked":"SKIP","floor":4},{"not_picked":["Doom and Gloom","Turbo"],"picked":"Sweeping Beam","floor":5},{"not_picked":["Tempest","Sweeping Beam"],"picked":"Melter","floor":8},{"not_picked":["Stack","Leap"],"picked":"Hologram","floor":10},{"not_picked":["Force Field","Steam"],"picked":"Gash","floor":11},{"not_picked":["Beam Cell","Redo","Reprogram"],"picked":"SKIP","floor":12},{"not_picked":["Sweeping Beam","Redo","Melter"],"picked":"SKIP","floor":14}],"player_experience":1424053,"relics_obtained":[{"floor":8,"key":"Ancient Tea Set"},{"floor":9,"key":"Omamori"},{"floor":12,"key":"Pen Nib"}],"event_choices":[{"damage_healed":0,"gold_gain":79,"player_choice":"Gained Gold","damage_taken":0,"max_hp_gain":0,"max_hp_loss":0,"event_name":"Golden Wing","floor":3,"gold_loss":0},{"damage_healed":0,"gold_gain":0,"player_choice":"Bought 1 Potion","damage_taken":0,"max_hp_gain":0,"max_hp_loss":0,"event_name":"The Woman in Blue","floor":7,"gold_loss":0}],"is_beta":false,"boss_relics":[],"items_purged_floors":[],"is_endless":false,"potions_floor_spawned":[1,5,10,14],"killed_by":"The Guardian","ascension_level":17}