{"gold_per_floor":[213,229,154,154,105,105,105,105,105,137,157,157,184,195,195,267,267,267,267,267,267,267,267,267,267,267,267,267,267,267,267,267,267,267,267,267,267,267,267,267,267,267,267,267,44,44,44,44,44,44],"floor_reached":50,"playtime":2150,"items_purged":["Strike_R"],"score":957,"play_id":"e59faf3d-6439-445c-bb0e-425cc3e556e6","local_time":"20190322001214","is_ascension_mode":true,"campfire_choices":[{"data":"Bash","floor":6.0,"key":"SMITH"},{"data":"Twin Strike","floor":8.0,"key":"SMITH"},{"data":"Armaments","floor":12.0,"key":"SMITH"},{"data":"Rage","floor":15.0,"key":"SMITH"},{"data":"Shockwave","floor":23.0,"key":"SMITH"},{"data":"Anger","floor":25.0,"key":"SMITH"},{"floor":32.0,"key":"REST"},{"floor":40.0,"key":"RECALL"},{"floor":42,"key":"REST"},{"data":"Limit Break","floor":47,"key":"SMITH"},{"data":"True Grit","floor":49,"key":"SMITH"}],"neow_cost":"NONE","seed_source_timestamp":736354038961359,"circlet_count":0,"master_deck":["AscendersBane","Strike_R","Defend_R","Defend_R","Defend_R","Bash+1","Anger+1","Twin Strike+1","Shrug It Off","Armaments+1","Rage+1","Carnage+1","Feed+1","Shockwave+1","Clothesline+1","Rampage+1","Juggernaut","Limit Break+1","True Grit+1","True Grit","Pommel Strike+1"],"special_seed":0,"relics":["Burning Blood","Letter Opener","Mummified Hand","Molten Egg 2","Unceasing Top","Ectoplasm","Gremlin Horn","Blue Candle","Bag of Preparation","Snecko Eye","Bronze Scales","Paper Frog","Vajra"],"potions_floor_usage":[41,41,41,50],"damage_taken":[{"damage":6.0,"enemies":"Cultist","floor":1.0,"turns":4.0},{"damage":10.0,"enemies":"Small Slimes","floor":2.0,"turns":5.0},{"damage":10.0,"enemies":"Gremlin Nob","floor":10.0,"turns":3.0},{"damage":2.0,"enemies":"Jaw Worm","floor":11.0,"turns":3.0},{"damage":26.0,"enemies":"Lagavulin","floor":13.0,"turns":9.0},{"damage":11.0,"enemies":"Lots of Slimes","floor":14.0,"turns":4.0},{"damage":27.0,"enemies":"Hexaghost","floor":16.0,"turns":9.0},{"damage":5.0,"enemies":"3 Byrds","floor":18.0,"turns":5.0},{"damage":19.0,"enemies":"Spheric Guardian","floor":19.0,"turns":4.0},{"damage":14.0,"enemies":"Centurion and Healer","floor":22.0,"turns":6.0},{"damage":17.0,"enemies":"Snake Plant","floor":24.0,"turns":4.0},{"damage":3.0,"enemies":"3 Cultists","floor":27.0,"turns":6.0},{"damage":4.0,"enemies":"Chosen and Byrds","floor":28.0,"turns":6.0},{"damage":59.0,"enemies":"Gremlin Leader","floor":29.0,"turns":10.0},{"damage":36.0,"enemies":"Slavers","floor":31.0,"turns":4.0},{"damage":36.0,"enemies":"Collector","floor":33.0,"turns":10.0},{"damage":7.0,"enemies":"Orb Walker","floor":35.0,"turns":3.0},{"damage":0.0,"enemies":"3 Shapes","floor":36.0,"turns":7.0},{"damage":0.0,"enemies":"Jaw Worm Horde","floor":37.0,"turns":4.0},{"damage":17.0,"enemies":"4 Shapes","floor":39.0,"turns":5.0},{"damage":61,"enemies":"Nemesis","floor":41,"turns":9},{"damage":86,"enemies":"Time Eater","floor":50,"turns":12}],"seed_played":"-206461797645208623","potions_obtained":[{"floor":2.0,"key":"Explosive Potion"},{"floor":13.0,"key":"FearPotion"},{"floor":14.0,"key":"Swift Potion"},{"floor":16.0,"key":"EssenceOfSteel"},{"floor":24.0,"key":"Ancient Potion"},{"floor":28.0,"key":"SneckoOil"},{"floor":29.0,"key":"BloodPotion"},{"floor":33.0,"key":"FearPotion"},{"floor":37.0,"key":"EntropicBrew"}],"is_trial":false,"path_per_floor":["M","M","?","?","$","R","T","R","T","E","M","R","E","M","R","B",null,"M","M","?","$","M","R","M","R","T","M","M","E","?","E","R","B",null,"M","M","M","?","M","R","E","R","T","T","$","?","R","$","R","B"],"character_chosen":"IRONCLAD","items_purchased":["Shrug It Off","Vajra"],"campfire_rested":2,"item_purchase_floors":[5,45],"current_hp_per_floor":[68,64,64,69,69,69,69,69,69,65,69,69,49,44,44,23,66,71,62,62,62,58,58,51,51,51,58,60,11,32,16,48,18,86,85,95,105,105,98,98,43,79,79,79,79,79,79,79,79,0],"gold":44,"neow_bonus":"HUNDRED_GOLD","is_prod":false,"is_daily":false,"chose_seed":false,"campfire_upgraded":8,"win_rate":0,"timestamp":1553227934,"path_taken":["M","M","?","?","$","R","?","R","T","E","M","R","E","?","R","BOSS","M","M","?","$","?","R","M","R","T","M","M","E","?","E","R","BOSS","M","M","M","?","?","R","E","R","T","?","$","?","R","?","R","BOSS"],"build_version":"2019-03-15","purchased_purges":1,"victory":false,"max_hp_per_floor":[75,75,75,80,80,80,80,80,80,80,80,80,80,80,80,80,80,84,88,88,88,92,92,96,96,96,100,100,104,104,108,108,108,108,108,112,116,116,120,120,120,120,120,120,120,120,120,120,120,120],"card_choices":[{"not_picked":["Thunderclap","Headbutt"],"picked":"Anger","floor":1.0},{"not_picked":["Second Wind","Iron Wave"],"picked":"Twin Strike","floor":2.0},{"not_picked":["Dark Embrace","Havoc","Power Through"],"picked":"SKIP","floor":10.0},{"not_picked":["Dark Embrace","Havoc","Power Through"],"picked":"SKIP","floor":10.0},{"not_picked":["Sever Soul+1","Clash+1"],"picked":"Armaments","floor":11.0},{"not_picked":["Battle Trance","Carnage+1"],"picked":"Rage","floor":13.0},{"not_picked":["Pummel+1","Infernal Blade"],"picked":"Carnage+1","floor":14.0},{"not_picked":["Brutality","Immolate+1"],"picked":"Feed+1","floor":16.0},{"not_picked":["Clash+1","Power Through"],"picked":"Shockwave","floor":18.0},{"not_picked":["Anger+1","Sentinel"],"picked":"Clothesline+1","floor":19.0},{"not_picked":["Anger+1","Reckless Charge+1","Clash+1"],"picked":"SKIP","floor":22.0},{"not_picked":["Anger+1","Bloodletting+1","Cleave+1"],"picked":"SKIP","floor":24.0},{"not_picked":["Cleave+1","Warcry"],"picked":"Rampage+1","floor":27.0},{"not_picked":["Sever Soul+1","Body Slam+1","Havoc"],"picked":"SKIP","floor":28.0},{"not_picked":["Berserk","Whirlwind+1"],"picked":"Juggernaut","floor":29.0},{"not_picked":["Perfected Strike+1","Twin Strike+1","Thunderclap+1"],"picked":"SKIP","floor":31.0},{"not_picked":["Double Tap","Fiend Fire+1"],"picked":"Limit Break","floor":33.0},{"not_picked":["Battle Trance+1","Metallicize"],"picked":"True Grit","floor":35.0},{"not_picked":["Hemokinesis+1","Twin Strike+1"],"picked":"True Grit","floor":36.0},{"not_picked":["Twin Strike+1","Seeing Red+1","Sword Boomerang+1"],"picked":"SKIP","floor":37.0},{"not_picked":["Anger+1","Reckless Charge+1"],"picked":"Pommel Strike+1","floor":39.0},{"not_picked":["Pummel+1","Rampage+1","Sever Soul+1"],"picked":"SKIP","floor":41}],"player_experience":2262276,"relics_obtained":[{"floor":7.0,"key":"Letter Opener"},{"floor":9.0,"key":"Mummified Hand"},{"floor":10.0,"key":"Molten Egg 2"},{"floor":13.0,"key":"Unceasing Top"},{"floor":26.0,"key":"Gremlin Horn"},{"floor":29.0,"key":"Blue Candle"},{"floor":31.0,"key":"Bag of Preparation"},{"floor":41,"key":"Bronze Scales"},{"floor":44,"key":"Paper Frog"}],"event_choices":[{"cards_removed":["Strike_R"],"damage_healed":0.0,"max_hp_gain":0.0,"max_hp_loss":0.0,"gold_gain":0.0,"event_name":"The Cleric","player_choice":"Card Removal","floor":3.0,"gold_loss":75.0,"damage_taken":0.0},{"damage_healed":0.0,"max_hp_gain":5.0,"max_hp_loss":0.0,"gold_gain":0.0,"event_name":"Big Fish","player_choice":"Donut","floor":4.0,"gold_loss":0.0,"damage_taken":0.0},{"cards_removed":["Strike_R"],"damage_healed":0.0,"max_hp_gain":0.0,"max_hp_loss":0.0,"gold_gain":0.0,"event_name":"Bonfire Elementals","player_choice":"Offered Basic","floor":20.0,"gold_loss":0.0,"damage_taken":0.0},{"damage_healed":21.0,"max_hp_gain":0.0,"max_hp_loss":0.0,"gold_gain":0.0,"event_name":"The Library","player_choice":"Heal","floor":30.0,"gold_loss":0.0,"damage_taken":0.0},{"cards_removed":["Strike_R"],"damage_healed":0.0,"max_hp_gain":0.0,"max_hp_loss":0.0,"gold_gain":0.0,"event_name":"Purifier","player_choice":"Purged","floor":38.0,"gold_loss":0.0,"damage_taken":0.0},{"cards_removed":["Defend_R"],"damage_healed":0,"gold_gain":0,"player_choice":"Removed Skill","damage_taken":0,"max_hp_gain":0,"max_hp_loss":0,"event_name":"Falling","floor":46,"gold_loss":0}],"is_beta":true,"boss_relics":[{"not_picked":["Coffee Dripper","White Beast Statue"],"picked":"Ectoplasm"},{"not_picked":["Black Star","Black Blood"],"picked":"Snecko Eye"}],"items_purged_floors":[45],"is_endless":false,"potions_floor_spawned":[2,13,14,16,24,28,29,33,37,39],"killed_by":"Time Eater","ascension_level":15}