{"gold_per_floor":[115,115,130,141,159,187,197,197],"floor_reached":8,"playtime":513,"items_purged":[],"score":120,"play_id":"39d36dc0-a8f0-4b1f-b9d5-9d50dfecf19f","local_time":"20190405140956","is_ascension_mode":true,"campfire_choices":[],"neow_cost":"NONE","seed_source_timestamp":359786041257193,"circlet_count":0,"master_deck":["AscendersBane","Strike_R","Strike_R","Strike_R","Strike_R","Defend_R","Defend_R","Defend_R","Defend_R","Bash","Ghostly Armor","Searing Blow","Clothesline","Shrug It Off","Limit Break"],"relics":["Burning Blood","Pocketwatch"],"potions_floor_usage":[4,5,5,8],"damage_taken":[{"damage":6,"enemies":"Cultist","floor":1,"turns":4},{"damage":3,"enemies":"2 Louse","floor":3,"turns":4},{"damage":7,"enemies":"Jaw Worm","floor":4,"turns":2},{"damage":0,"enemies":"Red Slaver","floor":5,"turns":5},{"damage":71,"enemies":"3 Sentries","floor":6,"turns":19},{"damage":1,"enemies":"Looter","floor":7,"turns":4},{"damage":35,"enemies":"Lagavulin","floor":8,"turns":8}],"seed_played":"-2719377956839853140","potions_obtained":[{"floor":1,"key":"Energy Potion"},{"floor":3,"key":"SkillPotion"},{"floor":4,"key":"Ancient Potion"},{"floor":7,"key":"Fruit Juice"}],"is_trial":false,"path_per_floor":["M","?","M","M","M","E","M","E"],"character_chosen":"IRONCLAD","items_purchased":[],"campfire_rested":0,"item_purchase_floors":[],"current_hp_per_floor":[75,75,78,77,82,17,22,0],"gold":197,"neow_bonus":"TEN_PERCENT_HP_BONUS","is_prod":false,"is_daily":false,"chose_seed":false,"campfire_upgraded":0,"win_rate":0,"timestamp":1554487796,"path_taken":["M","?","M","M","M","E","M","E"],"build_version":"2019-01-23","purchased_purges":0,"victory":false,"max_hp_per_floor":[82,82,82,82,82,82,82,87],"card_choices":[{"not_picked":["Searing Blow","Warcry"],"picked":"Ghostly Armor","floor":1},{"not_picked":["Heavy Blade","Flex","Entrench"],"picked":"SKIP","floor":3},{"not_picked":["Wild Strike","Twin Strike"],"picked":"Clothesline","floor":4},{"not_picked":["Battle Trance","Cleave"],"picked":"Shrug It Off","floor":5},{"not_picked":["Evolve","Intimidate"],"picked":"Limit Break","floor":6},{"not_picked":["Cleave","Havoc","Anger"],"picked":"SKIP","floor":7}],"player_experience":1618998,"relics_obtained":[{"floor":6,"key":"Pocketwatch"}],"event_choices":[{"damage_healed":0,"gold_gain":0,"cards_transformed":["Strike_R"],"player_choice":"Transformed","damage_taken":0,"max_hp_gain":0,"max_hp_loss":0,"event_name":"Transmorgrifier","floor":2,"gold_loss":0,"cards_obtained":["Searing Blow"]}],"is_beta":false,"boss_relics":[],"items_purged_floors":[],"is_endless":false,"potions_floor_spawned":[1,3,4,7],"killed_by":"Lagavulin","ascension_level":20}