{"path_per_floor":["M","?","?","M","$","R","E","$","T","R","M","M","R","?","R","B",null,"M","?","?","T","M","$","?","R","T","R","M","M","$","M","R","B",null,"M","T","$","M","M","R","E","$","T","E","?","?","R","M","R","B"],"character_chosen":"IRONCLAD","items_purchased":["Tiny Chest","Paper Frog","Flex","Uppercut","Matryoshka","Weak Potion","Inflame"],"gold_per_floor":[419,369,444,464,72,72,103,64,134,134,151,166,166,166,166,262,262,275,275,190,242,253,5,5,5,30,30,47,65,17,36,36,136,136,152,152,77,92,112,112,138,13,13,46,0,0,0,16,16,16],"floor_reached":51,"campfire_rested":1,"playtime":1666,"current_hp_per_floor":[69,69,58,64,64,64,43,43,43,43,48,51,51,56,56,56,77,75,75,75,82,73,73,73,73,73,73,78,78,78,61,84,17,84,48,48,48,44,28,28,33,33,33,42,42,42,42,74,74,21],"items_purged":["Strike_R","Defend_R"],"gold":16,"score":776,"play_id":"2faef483-549b-47ee-8821-c6c6efae63b8","local_time":"20180312204303","is_prod":false,"is_daily":false,"is_ascension_mode":false,"campfire_upgraded":9,"timestamp":1520901783,"path_taken":["M","?","?","?","$","R","E","?","T","R","?","M","R","?","R","BOSS","M","?","?","?","M","$","?","R","T","R","M","?","$","M","R","BOSS","M","?","?","?","M","R","E","$","T","E","?","?","R","M","R","BOSS"],"build_version":"2018-03-09","purchased_purges":2,"victory":true,"master_deck":["Strike_R+1","Defend_R","Defend_R","Bash+1","Cleave+1","Iron Wave+1","Flex+1","Double Tap+1","Uppercut+1","Metallicize+1","Twin Strike+1","Reaper+1","True Grit+1","Spot Weakness+1","Double Tap+1","Body Slam+1","Thunderclap+1","Heavy Blade+1","Twin Strike+1","Limit Break+1","Sword Boomerang+1","Disarm+1","Flame Barrier+1","Feed+1","Inflame+1","Pummel+1","Shrug It Off+1"],"max_hp_per_floor":[72,72,72,72,72,72,72,72,72,72,72,72,72,77,77,77,77,77,77,77,84,84,84,84,84,84,84,84,84,84,84,84,84,84,84,84,84,84,84,84,84,84,84,88,88,88,88,88,88,88],"relics":["Burning Blood","Old Coin","Tiny Chest","Paper Frog","Omamori","Molten Egg 2","Astrolabe","Pen Nib","Strawberry","Matryoshka","Mercury Hourglass","Whetstone","Velvet Choker","Bottled Flame","Vajra","Smiling Mask","Shovel","Bag of Preparation","Red Mask"],"card_choices":[{"not_picked":["True Grit","Shrug It Off"],"picked":"Cleave"},{"not_picked":["Pummel","Fire Breathing"],"picked":"Iron Wave"},{"not_picked":["Spot Weakness","Twin Strike"],"picked":"Double Tap"},{"not_picked":["Corruption","Dropkick"],"picked":"Metallicize"},{"not_picked":["Entrench","Armaments"],"picked":"Twin Strike"},{"not_picked":["Seeing Red","Wild Strike"],"picked":"Spot Weakness"},{"not_picked":["Iron Wave","Fire Breathing"],"picked":"Body Slam"},{"not_picked":["Corruption","Body Slam"],"picked":"Thunderclap"},{"not_picked":["Wild Strike","Armaments"],"picked":"Heavy Blade"},{"not_picked":["Havoc","Heavy Blade"],"picked":"Twin Strike"},{"not_picked":["Exhume","Impervious"],"picked":"Limit Break"},{"not_picked":["Iron Wave","Wild Strike"],"picked":"Sword Boomerang"},{"not_picked":["Anger","Heavy Blade"],"picked":"Disarm"},{"not_picked":["Iron Wave","Havoc"],"picked":"Flame Barrier"},{"not_picked":["Reckless Charge","Flex"],"picked":"Feed"},{"not_picked":["Limit Break","Armaments"],"picked":"Pummel"},{"not_picked":["Heavy Blade","Sentinel"],"picked":"Shrug It Off"}],"player_experience":478320,"potions_floor_usage":[12,16,16,28,31,33,33,38,44,50,50],"damage_taken":[{"damage":9,"enemies":"2 Louse","floor":1,"turns":3},{"damage":0,"enemies":"Small Slimes","floor":4,"turns":4},{"damage":27,"enemies":"Gremlin Nob","floor":7,"turns":5},{"damage":1,"enemies":"Jaw Worm","floor":11,"turns":3},{"damage":3,"enemies":"Exordium Thugs","floor":12,"turns":3},{"damage":6,"enemies":"Slime Boss","floor":16,"turns":7},{"damage":8,"enemies":"Spheric Guardian","floor":18,"turns":4},{"damage":20,"enemies":"Shell Parasite","floor":22,"turns":4},{"damage":7,"enemies":"3 Cultists","floor":28,"turns":3},{"damage":26,"enemies":"Centurion and Healer","floor":29,"turns":5},{"damage":23,"enemies":"Slaver and Parasite","floor":31,"turns":6},{"damage":73,"enemies":"Automaton","floor":33,"turns":8},{"damage":42,"enemies":"3 Shapes","floor":35,"turns":4},{"damage":24,"enemies":"3 Darklings","floor":38,"turns":5},{"damage":42,"enemies":"Sphere and 2 Shapes","floor":39,"turns":4},{"damage":15,"enemies":"Giant Head","floor":41,"turns":6},{"damage":1,"enemies":"2 Orb Walkers","floor":44,"turns":3},{"damage":23,"enemies":"4 Shapes","floor":48,"turns":2},{"damage":73,"enemies":"Awakened One","floor":50,"turns":6}],"event_choices":[{"event_name":"The Cleric","player_choice":"Card Removal","floor":2,"damage_taken":0},{"event_name":"World of Goop","player_choice":"Gather Gold","floor":3,"damage_taken":0},{"event_name":"Big Fish","player_choice":"Donut","floor":14,"damage_taken":0},{"event_name":"Match and Keep!","player_choice":"1 cards matched","floor":19,"damage_taken":0},{"event_name":"Addict","player_choice":"Obtained Relic","floor":20,"damage_taken":0},{"event_name":"Upgrade Shrine","player_choice":"Upgraded","floor":24,"damage_taken":0},{"event_name":"Tomb of Lord Red Mask","player_choice":"Paid","floor":45,"damage_taken":0}],"boss_relics":[{"not_picked":["Runic Pyramid","Black Star"],"picked":"Astrolabe"},{"not_picked":["Runic Cube","Philosopher\u0027s Stone"],"picked":"Velvet Choker"}],"potions_floor_spawned":[4,7,11,16,22,31,35,39,41,44],"seed_played":"-1227008915946589497","ascension_level":0,"is_trial":false}