{"gold_per_floor":[111,31,43,43,118,144,144,161,161,196,296,311,311,331,331,403,403,378,378,35,45,65,65,92,92,92,110,124,124,140,65,65,142,142,161,209,209,226,236,236,254,283,283,283,283],"floor_reached":45,"playtime":1614,"items_purged":["Parasite"],"score":1075,"play_id":"3d501799-1f0f-480d-9ab1-f2fe9a757f5e","local_time":"20190221201021","is_ascension_mode":true,"campfire_choices":[{"data":"A Thousand Cuts","floor":7.0,"key":"SMITH"},{"floor":15.0,"key":"REST"},{"data":"Leg Sweep","floor":23.0,"key":"SMITH"},{"data":"Neutralize","floor":25.0,"key":"SMITH"},{"data":"Glass Knife","floor":29.0,"key":"SMITH"},{"data":"Cloak And Dagger","floor":32.0,"key":"SMITH"},{"floor":40.0,"key":"REST"},{"floor":44,"key":"REST"}],"neow_cost":"NONE","seed_source_timestamp":297414960319109,"circlet_count":0,"master_deck":["AscendersBane","Defend_G","Defend_G","Defend_G","Defend_G","Defend_G","Strike_G","Strike_G","Strike_G","Strike_G","Strike_G","Survivor","Neutralize+1","Leg Sweep+1","Poisoned Stab","Cloak And Dagger+1","A Thousand Cuts+1","Dagger Spray","Cloak And Dagger+1","Dodge and Roll+1","Deflect+1","Glass Knife+1","Poisoned Stab+1","Cloak And Dagger+1","Backflip+1","Cloak And Dagger+1","Heel Hook","PiercingWail+1","Envenom","Cloak And Dagger+1","Injury","Leg Sweep+1","Parasite"],"special_seed":0,"relics":["Ring of the Snake","NeowsBlessing","Toxic Egg 2","Snake Skull","FossilizedHelix","Torii","Cursed Key","NlothsMask","Letter Opener","Happy Flower","Runic Pyramid","Ice Cream","Lantern","Turnip"],"potions_floor_usage":[],"damage_taken":[{"damage":0.0,"enemies":"Jaw Worm","floor":1.0,"turns":1.0},{"damage":0.0,"enemies":"Cultist","floor":3.0,"turns":1.0},{"damage":0.0,"enemies":"Gremlin Nob","floor":6.0,"turns":1.0},{"damage":0.0,"enemies":"2 Louse","floor":8.0,"turns":3.0},{"damage":32.0,"enemies":"3 Sentries","floor":10.0,"turns":8.0},{"damage":0.0,"enemies":"Blue Slaver","floor":12.0,"turns":5.0},{"damage":0.0,"enemies":"2 Fungi Beasts","floor":14.0,"turns":3.0},{"damage":12.0,"enemies":"Slime Boss","floor":16.0,"turns":8.0},{"damage":0.0,"enemies":"2 Thieves","floor":18.0,"turns":4.0},{"damage":6.0,"enemies":"Chosen","floor":21.0,"turns":6.0},{"damage":0.0,"enemies":"Centurion and Healer","floor":22.0,"turns":8.0},{"damage":0.0,"enemies":"Book of Stabbing","floor":24.0,"turns":8.0},{"damage":0.0,"enemies":"Snake Plant","floor":27.0,"turns":4.0},{"damage":0.0,"enemies":"Cultist and Chosen","floor":28.0,"turns":7.0},{"damage":0.0,"enemies":"Chosen and Byrds","floor":30.0,"turns":6.0},{"damage":22.0,"enemies":"Collector","floor":33.0,"turns":8.0},{"damage":0.0,"enemies":"Orb Walker","floor":35.0,"turns":3.0},{"damage":38.0,"enemies":"2 Orb Walkers","floor":36.0,"turns":5.0},{"damage":0.0,"enemies":"3 Shapes","floor":38.0,"turns":5.0},{"damage":0.0,"enemies":"Maw","floor":39.0,"turns":6.0},{"damage":0,"enemies":"Transient","floor":41,"turns":6},{"damage":36,"enemies":"Giant Head","floor":42,"turns":8}],"seed_played":"-1995211041734289423","potions_obtained":[{"floor":12.0,"key":"FearPotion"},{"floor":14.0,"key":"SkillPotion"},{"floor":16.0,"key":"Swift Potion"},{"floor":18.0,"key":"SkillPotion"},{"floor":21.0,"key":"SteroidPotion"},{"floor":30.0,"key":"Strength Potion"},{"floor":35.0,"key":"SkillPotion"},{"floor":38.0,"key":"Regen Potion"},{"floor":39.0,"key":"Dexterity Potion"}],"is_trial":false,"path_per_floor":["M","$","M","?","?","E","R","M","T","E","?","M","T","M","R","B",null,"M","?","$","M","M","R","E","R","T","M","M","R","M","$","R","B",null,"M","?","T","M","M","R","M","E","T","R","M"],"character_chosen":"THE_SILENT","items_purchased":["Poisoned Stab","Cloak And Dagger","Cloak And Dagger+1","Letter Opener"],"campfire_rested":3,"item_purchase_floors":[2,2,20,20],"current_hp_per_floor":[59,59,59,64,53,53,53,53,53,21,21,21,21,21,42,30,61,61,61,61,55,55,55,55,55,55,55,55,55,55,55,55,33,59,59,21,21,21,36,56,56,20,20,40,0],"gold":283,"neow_bonus":"THREE_ENEMY_KILL","is_prod":false,"is_daily":false,"chose_seed":false,"campfire_upgraded":5,"win_rate":0,"timestamp":1550805021,"path_taken":["M","$","M","?","?","E","R","M","T","E","?","?","?","M","R","BOSS","M","?","$","?","M","R","E","R","T","M","M","R","M","$","R","BOSS","M","?","?","M","?","R","M","E","T","R","M"],"build_version":"2019-02-06","purchased_purges":1,"victory":false,"max_hp_per_floor":[66,66,66,71,71,71,71,71,71,71,71,71,71,71,71,71,71,71,71,71,71,71,71,71,71,71,71,71,71,71,68,68,68,68,68,68,68,68,68,68,68,68,68,68,68],"card_choices":[{"not_picked":["Cloak And Dagger","Blur"],"picked":"Leg Sweep","floor":1.0},{"not_picked":["Deflect","Blade Dance","Flechettes"],"picked":"SKIP","floor":3.0},{"not_picked":["Poisoned Stab","Dagger Spray"],"picked":"A Thousand Cuts","floor":6.0},{"not_picked":["Blade Dance+1","Underhanded Strike"],"picked":"Dagger Spray","floor":8.0},{"not_picked":["Underhanded Strike","Night Terror+1"],"picked":"Cloak And Dagger+1","floor":10.0},{"not_picked":["Slice","Finisher"],"picked":"Dodge and Roll+1","floor":12.0},{"not_picked":["Acrobatics+1","Blade Dance+1"],"picked":"Deflect+1","floor":14.0},{"not_picked":["Unload","Envenom"],"picked":"Glass Knife","floor":16.0},{"not_picked":["Prepared+1","Bane+1"],"picked":"Poisoned Stab+1","floor":18.0},{"not_picked":["Well Laid Plans","Dagger Spray"],"picked":"Backflip+1","floor":21.0},{"not_picked":["Caltrops","Dagger Spray"],"picked":"Cloak And Dagger+1","floor":22.0},{"not_picked":["Accuracy","Dagger Spray","Outmaneuver+1"],"picked":"SKIP","floor":24.0},{"not_picked":["Prepared+1","Distraction+1"],"picked":"Heel Hook","floor":27.0},{"not_picked":["Sucker Punch","Flying Knee"],"picked":"PiercingWail+1","floor":28.0},{"not_picked":["Reflex+1","Dagger Spray","Blade Dance+1"],"picked":"SKIP","floor":30.0},{"not_picked":["Corpse Explosion+1","Storm of Steel+1"],"picked":"Envenom","floor":33.0},{"not_picked":["Masterful Stab","Expertise+1"],"picked":"Cloak And Dagger+1","floor":35.0},{"not_picked":["All Out Attack","Acrobatics+1","Blade Dance+1"],"picked":"SKIP","floor":38.0},{"not_picked":["Dash+1","Malaise+1"],"picked":"Leg Sweep+1","floor":39.0},{"not_picked":["Deadly Poison+1","Deflect+1","Blade Dance+1"],"picked":"SKIP","floor":41},{"not_picked":["Underhanded Strike+1","Slice","Grand Finale"],"picked":"SKIP","floor":42}],"player_experience":1122173,"relics_obtained":[{"floor":6.0,"key":"Toxic Egg 2"},{"floor":9.0,"key":"Snake Skull"},{"floor":10.0,"key":"FossilizedHelix"},{"floor":13.0,"key":"Torii"},{"floor":24.0,"key":"Happy Flower"},{"floor":36.0,"key":"Ice Cream"},{"floor":37.0,"key":"Lantern"},{"floor":42,"key":"Turnip"}],"event_choices":[{"damage_healed":0.0,"max_hp_gain":5.0,"max_hp_loss":0.0,"gold_gain":0.0,"event_name":"Big Fish","player_choice":"Donut","floor":4.0,"gold_loss":0.0,"damage_taken":0.0},{"damage_healed":0.0,"max_hp_gain":0.0,"max_hp_loss":0.0,"gold_gain":75.0,"event_name":"World of Goop","player_choice":"Gather Gold","floor":5.0,"gold_loss":0.0,"damage_taken":11.0},{"damage_healed":0.0,"max_hp_gain":0.0,"max_hp_loss":0.0,"gold_gain":100.0,"event_name":"Wheel of Change","player_choice":"Gold","floor":11.0,"gold_loss":0.0,"damage_taken":0.0},{"damage_healed":0.0,"max_hp_gain":0.0,"max_hp_loss":0.0,"gold_gain":0.0,"event_name":"FaceTrader","player_choice":"Trade","floor":19.0,"gold_loss":0.0,"damage_taken":0.0,"relics_obtained":["NlothsMask"]},{"damage_healed":0.0,"max_hp_gain":0.0,"max_hp_loss":0.0,"gold_gain":0.0,"event_name":"Mysterious Sphere","player_choice":"Fight","floor":36.0,"gold_loss":0.0,"damage_taken":0.0}],"is_beta":true,"boss_relics":[{"not_picked":["Astrolabe","Fusion Hammer"],"picked":"Cursed Key"},{"not_picked":["White Beast Statue","Pandora\u0027s Box"],"picked":"Runic Pyramid"}],"items_purged_floors":[31],"is_endless":false,"potions_floor_spawned":[12,14,16,18,21,30,35,38,39],"killed_by":"4 Shapes","ascension_level":20}