{"gold_per_floor":[218,218,228,247,247,247,280,280,327,327,338,349,362,397,397,474,474,486,504,524,535,22,22,53,53,129,161,175,175,187,11,11,85,85,101,101,24,124,143,143,178,178,178,0,0,0,0,12,12,12,12,12,12,12,37,37],"floor_reached":56,"playtime":3687,"items_purged":["Strike_B","Strike_B","Pain"],"score":1800,"play_id":"3e1ca3f9-7469-4d40-9a86-051acc478d6e","local_time":"20190507232308","is_ascension_mode":true,"campfire_choices":[{"data":"Zap","floor":6,"key":"SMITH"},{"data":"Coolheaded","floor":8,"key":"SMITH"},{"floor":10,"key":"REST"},{"data":"Dualcast","floor":15,"key":"SMITH"},{"floor":23,"key":"REST"},{"floor":25,"key":"REST"},{"data":"Defragment","floor":32,"key":"SMITH"},{"floor":40,"key":"RECALL"},{"floor":45,"key":"REST"},{"floor":47,"key":"REST"},{"data":"Loop","floor":49,"key":"SMITH"},{"data":"Defragment","floor":53,"key":"SMITH"}],"neow_cost":"NONE","seed_source_timestamp":48794578835120,"circlet_count":0,"master_deck":["AscendersBane","Strike_B","Defend_B+1","Defend_B","Defend_B","Defend_B+1","Zap+1","Dualcast+1","FTL","Ball Lightning","Coolheaded+1","All For One","Compile Driver","Steam","Rainbow","Biased Cognition+1","Beam Cell","Cold Snap","Loop+1","Glacier+1","Reinforced Body+1","Genetic Algorithm+1","Hologram+1","Static Discharge","Capacitor","Defragment+1","Echo Form","Coolheaded+1","Glacier+1","Coolheaded+1","Defragment+1","Blind+1","Force Field+1"],"relics":["Cracked Core","PreservedInsect","War Paint","Lantern","Sozu","Toxic Egg 2","Kunai","Pantograph","Cursed Key","StoneCalendar","The Courier","Emotion Chip","Art of War"],"potions_floor_usage":[11,12,16,33,56],"damage_taken":[{"damage":2,"enemies":"Jaw Worm","floor":1,"turns":3},{"damage":1,"enemies":"Cultist","floor":3,"turns":3},{"damage":0,"enemies":"Small Slimes","floor":4,"turns":2},{"damage":32,"enemies":"Gremlin Nob","floor":7,"turns":4},{"damage":7,"enemies":"Gremlin Gang","floor":11,"turns":2},{"damage":0,"enemies":"2 Fungi Beasts","floor":12,"turns":2},{"damage":0,"enemies":"Red Slaver","floor":13,"turns":2},{"damage":2,"enemies":"3 Sentries","floor":14,"turns":4},{"damage":23,"enemies":"Hexaghost","floor":16,"turns":9},{"damage":1,"enemies":"Chosen","floor":18,"turns":3},{"damage":4,"enemies":"3 Byrds","floor":19,"turns":4},{"damage":31,"enemies":"Snecko","floor":20,"turns":6},{"damage":9,"enemies":"Cultist and Chosen","floor":21,"turns":5},{"damage":6,"enemies":"Book of Stabbing","floor":24,"turns":4},{"damage":8,"enemies":"Slavers","floor":27,"turns":4},{"damage":3,"enemies":"Snake Plant","floor":28,"turns":3},{"damage":7,"enemies":"Shelled Parasite and Fungi","floor":30,"turns":3},{"damage":37,"enemies":"Automaton","floor":33,"turns":12},{"damage":24,"enemies":"3 Darklings","floor":35,"turns":5},{"damage":0,"enemies":"Mind Bloom Boss Battle","floor":38,"turns":5},{"damage":0,"enemies":"Orb Walker","floor":39,"turns":5},{"damage":51,"enemies":"Reptomancer","floor":41,"turns":6},{"damage":4,"enemies":"Sphere and 2 Shapes","floor":48,"turns":3},{"damage":9,"enemies":"Time Eater","floor":50,"turns":57},{"damage":11,"enemies":"Donu and Deca","floor":51,"turns":26},{"damage":38,"enemies":"Shield and Spear","floor":55,"turns":8},{"damage":55,"enemies":"The Heart","floor":56,"turns":8}],"seed_played":"2463017164333363728","potions_obtained":[{"floor":1,"key":"Swift Potion"},{"floor":2,"key":"Explosive Potion"},{"floor":2,"key":"Explosive Potion"},{"floor":11,"key":"EntropicBrew"},{"floor":14,"key":"LiquidBronze"},{"floor":16,"key":"Ancient Potion"}],"is_trial":false,"path_per_floor":["M","?","M","M","?","R","E","R","T","R","M","M","M","E","R","B",null,"M","M","M","M","$","R","E","R","T","E","M","?","M","$","R","B",null,"M","?","$","?","M","R","E","T","T","$","R","?","R","M","R","B","B",null,"R","$","E","B"],"character_chosen":"DEFECT","items_purchased":["Toxic Egg 2","Glacier+1","Reinforced Body+1","Defragment","Glacier+1","Blind+1"],"campfire_rested":5,"item_purchase_floors":[22,22,22,31,37,44],"current_hp_per_floor":[62,62,61,61,61,61,29,29,29,50,43,43,43,41,41,18,58,57,53,22,13,13,34,28,49,49,41,38,38,31,31,31,19,58,34,34,34,59,59,59,8,8,8,8,29,29,50,46,46,62,60,68,68,68,30,0],"gold":37,"neow_bonus":"HUNDRED_GOLD","is_prod":false,"is_daily":false,"chose_seed":false,"campfire_upgraded":6,"win_rate":0,"timestamp":1557296588,"path_taken":["M","?","?","M","?","R","E","R","T","R","M","M","?","E","R","BOSS","M","?","M","M","$","R","E","R","T","E","M","?","?","$","R","BOSS","M","?","$","?","M","R","E","?","T","?","R","?","R","M","R","BOSS","BOSS","R","$","E","BOSS"],"build_version":"2019-04-23","purchased_purges":3,"victory":false,"max_hp_per_floor":[71,71,71,71,71,71,71,71,71,71,71,71,71,71,71,71,71,71,71,71,71,71,71,71,71,71,71,71,71,71,71,71,71,71,71,71,71,71,71,71,71,71,71,71,71,71,71,71,71,71,71,71,71,71,71,71],"card_choices":[{"not_picked":["Stack","Rebound"],"picked":"FTL","floor":1},{"not_picked":["Compile Driver","Rebound"],"picked":"Ball Lightning","floor":3},{"not_picked":["Stack","Sweeping Beam"],"picked":"Coolheaded","floor":4},{"not_picked":["Turbo","Reinforced Body"],"picked":"All For One","floor":7},{"not_picked":["Beam Cell","Hologram"],"picked":"Compile Driver","floor":11},{"not_picked":["Consume","Compile Driver"],"picked":"Steam","floor":12},{"not_picked":["Turbo","Sweeping Beam","Scrape"],"picked":"SKIP","floor":13},{"not_picked":["Compile Driver","Sweeping Beam"],"picked":"Rainbow","floor":14},{"not_picked":["Reboot","Multi-Cast"],"picked":"Biased Cognition","floor":16},{"not_picked":["Rip and Tear+1","Ball Lightning"],"picked":"Beam Cell","floor":18},{"not_picked":["Streamline","Conserve Battery"],"picked":"Cold Snap","floor":19},{"not_picked":["Redo","BootSequence","Storm"],"picked":"SKIP","floor":20},{"not_picked":["Aggregate","Undo"],"picked":"Loop","floor":21},{"not_picked":["Sweeping Beam","Fission+1"],"picked":"Genetic Algorithm+1","floor":24},{"not_picked":["Steam Power+1","Fusion+1"],"picked":"Hologram+1","floor":27},{"not_picked":["Hello World","Streamline"],"picked":"Static Discharge","floor":28},{"not_picked":["Sweeping Beam","Scrape+1"],"picked":"Capacitor","floor":30},{"not_picked":["Reboot+1","Machine Learning"],"picked":"Echo Form","floor":33},{"not_picked":["FTL+1","Redo+1"],"picked":"Coolheaded+1","floor":35},{"not_picked":["Turbo+1","Go for the Eyes"],"picked":"Coolheaded+1","floor":38},{"not_picked":["Streamline","Barrage","Steam+1"],"picked":"SKIP","floor":39},{"not_picked":["White Noise+1","Go for the Eyes"],"picked":"Defragment","floor":41},{"not_picked":["Lockon","Meteor Strike","FTL"],"picked":"SKIP","floor":48},{"not_picked":["Consume+1","Sweeping Beam+1"],"picked":"Force Field+1","floor":55}],"player_experience":6258944,"relics_obtained":[{"floor":7,"key":"PreservedInsect"},{"floor":9,"key":"War Paint"},{"floor":14,"key":"Lantern"},{"floor":24,"key":"Kunai"},{"floor":27,"key":"Pantograph"},{"floor":38,"key":"StoneCalendar"},{"floor":41,"key":"The Courier"},{"floor":42,"key":"Emotion Chip"},{"floor":55,"key":"Art of War"}],"event_choices":[{"damage_healed":0,"gold_gain":0,"player_choice":"Got Potions","damage_taken":0,"max_hp_gain":0,"max_hp_loss":0,"event_name":"Lab","floor":2,"gold_loss":0},{"cards_removed":["Strike_B"],"damage_healed":0,"gold_gain":0,"player_choice":"Purged","damage_taken":0,"max_hp_gain":0,"max_hp_loss":0,"event_name":"Purifier","floor":5,"gold_loss":0},{"damage_healed":0,"gold_gain":0,"player_choice":"Upgraded","damage_taken":0,"max_hp_gain":0,"max_hp_loss":0,"event_name":"Upgrade Shrine","floor":29,"gold_loss":0,"cards_upgraded":["Biased Cognition"]},{"damage_healed":0,"gold_gain":0,"player_choice":"Memory 1","damage_taken":0,"max_hp_gain":0,"max_hp_loss":0,"event_name":"SensoryStone","floor":36,"gold_loss":0},{"damage_healed":0,"gold_gain":0,"player_choice":"Fight","damage_taken":0,"max_hp_gain":0,"max_hp_loss":0,"event_name":"MindBloom","floor":38,"gold_loss":0},{"damage_healed":0,"gold_gain":0,"player_choice":"Ignored","damage_taken":0,"max_hp_gain":0,"max_hp_loss":0,"event_name":"SecretPortal","floor":46,"gold_loss":0}],"is_beta":true,"boss_relics":[{"not_picked":["Pandora\u0027s Box","Orrery"],"picked":"Sozu"},{"not_picked":["Fusion Hammer","Eternal Feather"],"picked":"Cursed Key"}],"items_purged_floors":[22,31,44],"is_endless":false,"potions_floor_spawned":[1,3,11,14,16,19,20,27,33,38,39],"killed_by":"The Heart","ascension_level":20}