{"path_per_floor":["M","?","M","?","?","R","M","R","T","M","$","M","?","$","R","B",null,"M","?","$","?","M","R","M","?","T","M","R"],"character_chosen":"THE_SILENT","items_purchased":["Noxious Fumes","Snake Skull","Catalyst"],"gold_per_floor":[113,113,126,276,276,276,296,296,320,333,258,274,524,169,169,248,278,295,195,70,50,63,63,79,79,79,98,98,98],"floor_reached":29,"campfire_rested":2,"playtime":1247,"current_hp_per_floor":[56,76,75,75,75,75,71,71,71,71,71,66,66,66,66,60,77,44,44,44,44,20,44,23,23,23,9,33,0],"items_purged":["Doubt","Regret","Injury"],"gold":98,"score":373,"play_id":"d74f037e-5d1f-477a-ad68-530c58a05a80","local_time":"20180412220125","is_prod":false,"is_daily":false,"chose_seed":false,"is_ascension_mode":true,"campfire_upgraded":3,"timestamp":1523584885,"path_taken":["M","?","M","?","?","R","M","R","T","?","$","M","?","$","R","BOSS","M","?","?","?","M","R","?","?","T","M","R","?"],"build_version":"2018-04-12","seed_source_timestamp":788341876320,"purchased_purges":3,"victory":false,"master_deck":["Defend_G","Defend_G","Defend_G","Defend_G","Defend_G","Strike_G+1","Strike_G","Strike_G","Strike_G+1","Strike_G","Survivor","Neutralize+1","AscendersBane","Sucker Punch+1","Footwork+1","Deflect","Accuracy","Slice+1","Noxious Fumes+1","Catalyst","Die Die Die","Noxious Fumes","Infinite Blades","J.A.X."],"max_hp_per_floor":[66,76,76,76,76,76,76,76,76,76,76,76,76,76,76,76,81,81,81,81,81,81,81,81,81,81,81,81,81],"relics":["Ring of the Snake","Whetstone","Snake Skull","Tiny House","Gambling Chip"],"card_choices":[{"not_picked":["Eviscerate","Quick Slash"],"picked":"Sucker Punch","floor":1},{"not_picked":["Outmaneuver","Deflect"],"picked":"Footwork","floor":3},{"not_picked":["Quick Slash","Acrobatics"],"picked":"Deflect","floor":7},{"not_picked":["Backstab","Calculated Gamble"],"picked":"Accuracy","floor":10},{"not_picked":["Venomology","Deadly Poison"],"picked":"Slice","floor":12},{"not_picked":["Venomology","Tactician"],"picked":"Die Die Die","floor":16},{"not_picked":["Sucker Punch","Deflect"],"picked":"Noxious Fumes","floor":17},{"not_picked":["Choke","Deadly Poison"],"picked":"Infinite Blades","floor":18}],"player_experience":839521,"potions_floor_usage":[10,16,16,18,22,27,27],"damage_taken":[{"damage":3,"enemies":"2 Louse","floor":1,"turns":3},{"damage":1,"enemies":"Cultist","floor":3,"turns":5},{"damage":4,"enemies":"Jaw Worm","floor":7,"turns":7},{"damage":0,"enemies":"Large Slime","floor":10,"turns":9},{"damage":5,"enemies":"2 Fungi Beasts","floor":12,"turns":4},{"damage":6,"enemies":"The Guardian","floor":16,"turns":11},{"damage":33,"enemies":"3 Byrds","floor":18,"turns":6},{"damage":24,"enemies":"2 Thieves","floor":22,"turns":4},{"damage":21,"enemies":"Snake Plant","floor":24,"turns":5},{"damage":14,"enemies":"Centurion and Healer","floor":27,"turns":6},{"damage":35,"enemies":"Slaver and Parasite","floor":29,"turns":3}],"event_choices":[{"event_name":"Bonfire Elementals","player_choice":"RARE","floor":2,"damage_taken":0},{"event_name":"Liars Game","player_choice":"agreed","floor":4,"damage_taken":0},{"event_name":"Accursed Blacksmith","player_choice":"Forge","floor":5,"damage_taken":0},{"event_name":"Golden Shrine","player_choice":"Desecrate","floor":13,"damage_taken":0},{"event_name":"Drug Dealer","player_choice":"Got JAXXED","floor":19,"damage_taken":0},{"event_name":"The Woman in Blue","player_choice":"Bought 1 Potion","floor":21,"damage_taken":0},{"event_name":"Cursed Tome","player_choice":"Ignored","floor":25,"damage_taken":0}],"boss_relics":[{"not_picked":["Black Star","Pandora\u0027s Box"],"picked":"Tiny House"}],"potions_floor_spawned":[1,10,12,16,18],"seed_played":"-8428517558856728564","killed_by":"Slaver and Parasite","ascension_level":15,"is_trial":false}