{"gold_per_floor":[119,119,136,47,47,81,81,112,112,131,131,131,143,153,153,153],"floor_reached":16,"playtime":398,"items_purged":[],"score":220,"play_id":"4048843d-d645-48e4-95e4-4cd9498913a2","local_time":"20190202111805","is_ascension_mode":true,"campfire_choices":[{"floor":7.0,"key":"REST"},{"data":"Loop","floor":12,"key":"SMITH"},{"floor":15,"key":"REST"}],"neow_cost":"NONE","seed_source_timestamp":266712404510238,"circlet_count":0,"master_deck":["AscendersBane","Strike_B","Strike_B","Strike_B","Defend_B","Defend_B","Defend_B","Defend_B","Zap","Dualcast","Chaos+1","Glacier","Meteor Strike","Genetic Algorithm","Streamline","Loop+1","Reboot"],"special_seed":0,"relics":["Velvet Choker","Cables","Bag of Marbles","Blue Candle"],"potions_floor_usage":[14],"damage_taken":[{"damage":6.0,"enemies":"Small Slimes","floor":1.0,"turns":4.0},{"damage":0.0,"enemies":"2 Louse","floor":3.0,"turns":3.0},{"damage":39.0,"enemies":"Gremlin Nob","floor":6.0,"turns":5.0},{"damage":6,"enemies":"Lagavulin","floor":8,"turns":8},{"damage":0,"enemies":"Cultist","floor":10,"turns":3},{"damage":8,"enemies":"3 Louse","floor":13,"turns":3},{"damage":19,"enemies":"Exordium Thugs","floor":14,"turns":4},{"damage":29,"enemies":"The Guardian","floor":16,"turns":5}],"seed_played":"563100724258994015","potions_obtained":[{"floor":1.0,"key":"Strength Potion"},{"floor":10,"key":"Energy Potion"},{"floor":13,"key":"FearPotion"},{"floor":14,"key":"Ancient Potion"}],"is_trial":false,"path_per_floor":["M","?","M","$","?","E","R","E","T","M","?","R","M","M","R","B"],"character_chosen":"DEFECT","items_purchased":["Meteor Strike"],"campfire_rested":2,"item_purchase_floors":[4],"current_hp_per_floor":[58,63,63,63,56,17,39,33,33,33,33,33,25,6,28,0],"gold":153,"neow_bonus":"BOSS_RELIC","is_prod":false,"is_daily":false,"chose_seed":false,"campfire_upgraded":1,"win_rate":0,"timestamp":1549131485,"path_taken":["M","?","M","$","?","E","R","E","T","M","?","R","M","M","R","BOSS"],"build_version":"2019-01-23","purchased_purges":0,"victory":false,"max_hp_per_floor":[71,76,76,76,76,76,76,76,76,76,76,76,76,76,76,76],"card_choices":[{"not_picked":["Aggregate","Coolheaded"],"picked":"Chaos","floor":1.0},{"not_picked":["Darkness","Hologram"],"picked":"Glacier","floor":3.0},{"not_picked":["Rip and Tear","Heatsinks"],"picked":"Genetic Algorithm","floor":6.0},{"not_picked":["Go for the Eyes","Hello World"],"picked":"Streamline","floor":8},{"not_picked":["Lockon","Turbo"],"picked":"Loop","floor":10},{"not_picked":["Rebound","Gash"],"picked":"Reboot","floor":13},{"not_picked":["Hello World","Force Field","Genetic Algorithm"],"picked":"SKIP","floor":14}],"player_experience":1062578,"relics_obtained":[{"floor":6.0,"key":"Cables"},{"floor":8,"key":"Bag of Marbles"},{"floor":9,"key":"Blue Candle"}],"event_choices":[{"damage_healed":0.0,"max_hp_gain":5.0,"max_hp_loss":0.0,"gold_gain":0.0,"event_name":"Big Fish","player_choice":"Donut","floor":2.0,"gold_loss":0.0,"damage_taken":0.0},{"cards_removed":["Strike_B"],"damage_healed":0.0,"max_hp_gain":0.0,"max_hp_loss":0.0,"gold_gain":0.0,"event_name":"Golden Wing","player_choice":"Card Removal","floor":5.0,"gold_loss":0.0,"damage_taken":7.0},{"damage_healed":0,"gold_gain":0,"player_choice":"Upgraded","damage_taken":0,"max_hp_gain":0,"max_hp_loss":0,"event_name":"Upgrade Shrine","floor":11,"gold_loss":0,"cards_upgraded":["Chaos"]}],"is_beta":true,"boss_relics":[],"items_purged_floors":[],"is_endless":false,"potions_floor_spawned":[1,10,13,14],"killed_by":"The Guardian","ascension_level":20}