{"path_per_floor":["M","M","M","M","?","R","M","R","T","M","M","$","M","M","R","B",null,"M","M","?","?","M","R","$","M","T","?","R","M","E","M","R"],"character_chosen":"THE_SILENT","items_purchased":["Riddle With Holes","Whetstone","Fire Potion","Flash of Steel"],"gold_per_floor":[12,28,44,56,306,306,320,320,320,338,355,11,25,42,42,145,145,164,184,109,109,124,124,28,38,38,38,38,55,82,98,98,98],"floor_reached":33,"campfire_rested":2,"playtime":1742,"current_hp_per_floor":[70,69,69,65,65,65,57,57,57,49,49,49,49,33,33,2,70,70,64,64,48,45,53,53,31,31,31,60,45,11,11,42,0],"items_purged":["Regret"],"gold":98,"score":265,"play_id":"4872009b-e757-4c81-979f-dceace46d050","local_time":"20180407193308","is_prod":false,"is_daily":false,"is_ascension_mode":false,"campfire_upgraded":4,"timestamp":1523143988,"path_taken":["M","M","M","M","?","R","M","R","T","M","M","$","M","?","R","BOSS","M","M","?","?","M","R","$","?","T","?","R","M","E","M","R","BOSS"],"build_version":"2018-04-05v2","purchased_purges":1,"victory":false,"master_deck":["Defend_G","Defend_G","Defend_G","Defend_G","Strike_G","Strike_G+1","Strike_G+1","Strike_G","Strike_G","Survivor","Neutralize+1","Tactician","Well Laid Plans","Predator","Dagger Spray+1","Deadly Poison","Unload+1","Dagger Throw","Riddle With Holes","Adrenaline","Footwork","A Thousand Cuts+1","Flash of Steel","Prepared+1","Backstab","Flying Knee+1"],"max_hp_per_floor":[70,70,70,70,70,70,70,70,70,70,70,70,70,70,70,70,70,70,70,70,70,70,70,70,70,70,70,70,70,70,70,70,70],"relics":["Ring of the Snake","Sundial","Whetstone","Eternal Feather","Enchiridion","The Specimen","Ginger"],"card_choices":[{"not_picked":["Doppelganger","Phantasmal Killer"],"picked":"Tactician","floor":0.0},{"not_picked":["PiercingWail","Slice"],"picked":"Well Laid Plans","floor":1},{"not_picked":["Distraction","Backflip"],"picked":"Predator","floor":2},{"not_picked":["Heel Hook","Backflip"],"picked":"Dagger Spray","floor":3},{"not_picked":["Escape Plan","Cloak And Dagger"],"picked":"Deadly Poison","floor":4},{"not_picked":["Sucker Punch","Concentrate"],"picked":"Unload","floor":7},{"not_picked":["Underhanded Strike","Outmaneuver"],"picked":"Dagger Throw","floor":10},{"not_picked":["Venomology","Bullet Time"],"picked":"Adrenaline","floor":16},{"not_picked":["Flechettes","Expertise"],"picked":"Footwork","floor":18},{"not_picked":["Escape Plan","Dodge and Roll"],"picked":"A Thousand Cuts","floor":22},{"not_picked":["Acrobatics","Terror"],"picked":"Prepared","floor":25},{"not_picked":["Outmaneuver","Accuracy"],"picked":"Backstab","floor":29},{"not_picked":["Dagger Spray","Skewer"],"picked":"Flying Knee","floor":30}],"player_experience":725949,"potions_floor_usage":[11,16,18,19,22,25,29,30],"damage_taken":[{"damage":0,"enemies":"Jaw Worm","floor":1,"turns":7},{"damage":1,"enemies":"Cultist","floor":2,"turns":4},{"damage":0,"enemies":"Small Slimes","floor":3,"turns":3},{"damage":4,"enemies":"Blue Slaver","floor":4,"turns":5},{"damage":8,"enemies":"2 Fungi Beasts","floor":7,"turns":3},{"damage":8,"enemies":"Red Slaver","floor":10,"turns":2},{"damage":0,"enemies":"Looter","floor":11,"turns":2},{"damage":0,"enemies":"3 Louse","floor":13,"turns":2},{"damage":16,"enemies":"Exordium Thugs","floor":14,"turns":6},{"damage":31,"enemies":"The Guardian","floor":16,"turns":9},{"damage":0,"enemies":"Chosen","floor":18,"turns":4},{"damage":6,"enemies":"Spheric Guardian","floor":19,"turns":4},{"damage":3,"enemies":"Snecko","floor":22,"turns":4},{"damage":22,"enemies":"Centurion and Healer","floor":25,"turns":5},{"damage":15,"enemies":"Snake Plant","floor":29,"turns":4},{"damage":34,"enemies":"Slavers","floor":30,"turns":4},{"damage":0,"enemies":"Cultist and Chosen","floor":31,"turns":4},{"damage":48,"enemies":"Automaton","floor":33,"turns":8}],"event_choices":[{"event_name":"Golden Shrine","player_choice":"Desecrate","floor":5,"damage_taken":0},{"event_name":"Beggar","player_choice":"Gave Gold","floor":20,"damage_taken":0},{"event_name":"Cursed Tome","player_choice":"Obtained Book","floor":21,"damage_taken":0},{"event_name":"Ghosts","player_choice":"Ignored","floor":27,"damage_taken":0}],"boss_relics":[{"not_picked":["Orrery","Pandora\u0027s Box"],"picked":"Eternal Feather"}],"potions_floor_spawned":[3,10,11,13,14,16,18,25,29],"seed_played":"8091565504427172246","killed_by":"Automaton","ascension_level":0,"is_trial":false}