{"path_per_floor":["M","M","M","M","M","E","M","E","T","R","?","$","?","M","R","B",null,"M","M","$","$","?","E","R","?","T","M","E","R","$","?","R","B",null,"M","?","M","M","$","E","R","M","T","M"],"character_chosen":"THE_SILENT","items_purchased":["Membership Card","Footwork","Finesse","Omamori","Flying Knee","Toy Ornithopter","Bottled Lightning","Dream Catcher","Happy Flower","Leg Sweep"],"gold_per_floor":[369,382,399,414,431,466,486,511,511,511,511,32,207,226,226,323,323,341,359,3,3,3,29,29,29,78,98,132,132,15,15,15,114,114,126,126,143,158,11,46,46,57,57,73],"floor_reached":45,"campfire_rested":3,"playtime":4827,"current_hp_per_floor":[60,60,60,50,50,39,39,23,23,23,23,23,23,23,23,14,63,52,50,50,50,50,13,13,13,20,13,1,37,37,21,57,42,70,50,50,50,44,44,25,61,56,56,36],"items_purged":[],"gold":73,"play_id":"a80192cb-4293-4018-87a2-723a4d804268","is_prod":false,"is_daily":false,"is_ascension_mode":false,"campfire_upgraded":3,"path_taken":["M","M","?","M","M","E","M","E","T","R","?","$","?","M","R","BOSS","M","M","?","$","?","E","R","?","T","?","E","R","?","?","R","BOSS","M","?","M","M","?","E","R","M","T","M","E"],"build_version":"2018-02-01-PROD3","purchased_purges":3,"victory":false,"master_deck":["Defend_G","Defend_G","Defend_G","Defend_G","Defend_G","Strike_G","Strike_G","Strike_G","Strike_G","Strike_G","Survivor","Neutralize","All Out Attack+1","Predator","Flying Knee","Quick Slash","Dodge and Roll+1","Dagger Spray","Finisher+1","Footwork+1","Finesse","Flying Knee","Unload","Die Die Die","Slice+1","Blade Dance+1","Footwork+1","Blade Dance+1","Backflip","Dagger Throw","Dodge and Roll+1","Tools of the Trade","Dodge and Roll+1","Malaise+1","Poisoned Stab+1","Leg Sweep","Quick Slash+1","Footwork+1","Bane+1"],"max_hp_per_floor":[63,63,63,63,63,63,63,63,63,63,63,63,63,63,63,63,63,63,63,63,63,63,63,63,63,70,70,70,70,70,70,70,70,70,70,70,70,70,70,70,70,70,70,70],"relics":["Ring of the Snake","Ice Cream","Regal Pillow","Tingsha","Membership Card","Omamori","Lizard Tail","Toy Ornithopter","Bottled Lightning","Blood Vial","Strawberry","Mummified Hand","Dream Catcher","Enchiridion","Black Star","Happy Flower","Lantern","Orichalcum","Du-Vu Doll"],"card_choices":[{"not_picked":["Poisoned Stab","Underhanded Strike"],"picked":"All Out Attack"},{"not_picked":["Poisoned Stab","Dagger Throw"],"picked":"Predator"},{"not_picked":["PiercingWail","Calculated Gamble"],"picked":"Flying Knee"},{"not_picked":["Heel Hook","Outmaneuver"],"picked":"Quick Slash"},{"not_picked":["Deflect","Sucker Punch"],"picked":"Dodge and Roll"},{"not_picked":["Choke","Heel Hook"],"picked":"Dagger Spray"},{"not_picked":["Acrobatics","Deadly Poison"],"picked":"Finisher"},{"not_picked":["Eviscerate","Outmaneuver"],"picked":"Unload"},{"not_picked":["A Thousand Cuts","Wraith Form"],"picked":"Die Die Die"},{"not_picked":["Catalyst","Flying Knee"],"picked":"Slice"},{"not_picked":["Masterful Stab","Dodge and Roll"],"picked":"Blade Dance"},{"not_picked":["Riddle With Holes","Unload"],"picked":"Footwork"},{"not_picked":["Sucker Punch","PiercingWail"],"picked":"Backflip"},{"not_picked":["Burst","Poisoned Stab"],"picked":"Dagger Throw"},{"not_picked":["Calculated Gamble","Deadly Poison"],"picked":"Dodge and Roll"},{"not_picked":["Bullet Time","Die Die Die"],"picked":"Tools of the Trade"},{"not_picked":["Prepared","Quick Slash"],"picked":"Dodge and Roll"},{"not_picked":["Slice","Catalyst"],"picked":"Malaise"},{"not_picked":["Dagger Spray","Catalyst"],"picked":"Poisoned Stab"},{"not_picked":["Blade Dance","Escape Plan"],"picked":"Quick Slash"},{"not_picked":["Deadly Poison","Bouncing Flask"],"picked":"Footwork"},{"not_picked":["Noxious Fumes","Outmaneuver"],"picked":"Bane"}],"player_experience":81581,"potions_floor_usage":[7,8,16,18,23,27,33,40,40,44],"damage_taken":[{"damage":3,"enemies":"Blue Slaver","floor":1,"turns":5},{"damage":0,"enemies":"2 Louse","floor":2,"turns":2},{"damage":0,"enemies":"Jaw Worm","floor":3,"turns":4},{"damage":10,"enemies":"Large Slime","floor":4,"turns":8},{"damage":0,"enemies":"2 Fungi Beasts","floor":5,"turns":2},{"damage":11,"enemies":"3 Sentries","floor":6,"turns":5},{"damage":0,"enemies":"Exordium Wildlife","floor":7,"turns":4},{"damage":16,"enemies":"Gremlin Nob","floor":8,"turns":4},{"damage":0,"enemies":"Lots of Slimes","floor":14,"turns":2},{"damage":9,"enemies":"Slime Boss","floor":16,"turns":7},{"damage":11,"enemies":"2 Thieves","floor":18,"turns":4},{"damage":2,"enemies":"Chosen","floor":19,"turns":3},{"damage":40,"enemies":"Book of Stabbing","floor":23,"turns":7},{"damage":12,"enemies":"Centurion and Healer","floor":27,"turns":3},{"damage":53,"enemies":"Slavers","floor":28,"turns":6},{"damage":33,"enemies":"Collector","floor":33,"turns":10},{"damage":20,"enemies":"3 Shapes","floor":35,"turns":3},{"damage":2,"enemies":"3 Darklings","floor":37,"turns":4},{"damage":8,"enemies":"4 Shapes","floor":38,"turns":5},{"damage":27,"enemies":"Nemesis","floor":40,"turns":7},{"damage":7,"enemies":"Maw","floor":42,"turns":9},{"damage":25,"enemies":"3 Darklings","floor":44,"turns":3},{"damage":51,"enemies":"Giant Head","floor":45,"turns":12}],"event_choices":[{"event_name":"Scrap Ooze","player_choice":"unsuccessful","floor":11,"damage_taken":0},{"event_name":"Liars Game","player_choice":"agreed","floor":13,"damage_taken":0},{"event_name":"Forgotten Altar","player_choice":"Smashed Altar","floor":22,"damage_taken":0},{"event_name":"Duplicator","player_choice":"One dupe","floor":25,"damage_taken":0},{"event_name":"Cursed Tome","player_choice":"Obtained Book","floor":31,"damage_taken":0},{"event_name":"Upgrade Shrine","player_choice":"Upgraded","floor":36,"damage_taken":0}],"boss_relics":[{"not_picked":["Eternal Feather","Orrery"],"picked":"Lizard Tail"},{"not_picked":["Question Card","Velvet Choker"],"picked":"Black Star"}],"potions_floor_spawned":[4,6,8,14,16,23,28,33,35,38],"seed_played":"1481549050873053189","killed_by":"Giant Head","ascension_level":0,"is_trial":false}