{"gold_per_floor":[114,125,125,125,140,140,172,172,242,242,252,273,273,306,306,409,409,427,427,446,462,481,481],"floor_reached":23,"playtime":1234,"items_purged":[],"score":326,"play_id":"6c16450d-4519-4bf7-b6c7-65d6633b1d1e","local_time":"20190313015454","is_ascension_mode":true,"campfire_choices":[{"data":"Blizzard","floor":6,"key":"SMITH"},{"data":"Static Discharge","floor":8,"key":"SMITH"},{"data":"Dualcast","floor":10,"key":"SMITH"},{"data":"Coolheaded","floor":15,"key":"SMITH"}],"neow_cost":"NONE","seed_source_timestamp":830478800527030,"circlet_count":0,"master_deck":["Strike_B+1","Strike_B","Strike_B","Strike_B","Defend_B","Defend_B","Defend_B","Defend_B","Zap+1","Dualcast+1","Blizzard+1","Glacier","Blizzard+1","Cold Snap","Static Discharge+1","Loop","Coolheaded+1","Redo","Electrodynamics","Fusion","Conserve Battery","Tempest","Fusion+1"],"relics":["Cracked Core","Ancient Tea Set","Cables","Odd Mushroom","Happy Flower","Inserter"],"potions_floor_usage":[12,12,20,22,22,23],"damage_taken":[{"damage":0,"enemies":"Cultist","floor":1,"turns":3},{"damage":3,"enemies":"Small Slimes","floor":2,"turns":3},{"damage":0,"enemies":"2 Louse","floor":5,"turns":2},{"damage":21,"enemies":"Lagavulin","floor":7,"turns":8},{"damage":1,"enemies":"2 Fungi Beasts","floor":11,"turns":2},{"damage":0,"enemies":"The Mushroom Lair","floor":12,"turns":3},{"damage":18,"enemies":"Gremlin Nob","floor":14,"turns":4},{"damage":0,"enemies":"The Guardian","floor":16,"turns":12},{"damage":5,"enemies":"Shell Parasite","floor":18,"turns":7},{"damage":26,"enemies":"2 Thieves","floor":20,"turns":3},{"damage":15,"enemies":"Snecko","floor":21,"turns":5},{"damage":6,"enemies":"Sentry and Sphere","floor":22,"turns":4},{"damage":15,"enemies":"Book of Stabbing","floor":23,"turns":4}],"seed_played":"-5453288377321182962","potions_obtained":[{"floor":1,"key":"SkillPotion"},{"floor":7,"key":"AttackPotion"},{"floor":14,"key":"Ancient Potion"},{"floor":19,"key":"SkillPotion"},{"floor":19,"key":"Explosive Potion"},{"floor":19,"key":"LiquidBronze"},{"floor":21,"key":"Explosive Potion"}],"is_trial":false,"path_per_floor":["M","M","?","?","M","R","E","R","T","R","M","?","?","E","R","B",null,"M","?","M","M","M","E"],"character_chosen":"DEFECT","items_purchased":[],"campfire_rested":0,"item_purchase_floors":[],"current_hp_per_floor":[68,65,65,50,50,50,29,29,29,29,28,28,53,35,35,35,65,60,60,34,19,13,0],"gold":481,"neow_bonus":"THREE_CARDS","is_prod":false,"is_daily":false,"chose_seed":false,"campfire_upgraded":4,"win_rate":0,"timestamp":1552456494,"path_taken":["M","M","?","?","M","R","E","R","T","R","M","?","?","E","R","BOSS","M","?","?","M","M","E"],"build_version":"2019-01-23","purchased_purges":0,"victory":false,"max_hp_per_floor":[75,75,75,75,75,75,75,75,75,75,75,75,75,75,75,75,75,75,75,75,75,75,75],"card_choices":[{"not_picked":["BootSequence","Redo"],"picked":"Blizzard","floor":0},{"not_picked":["Ball Lightning","Conserve Battery"],"picked":"Glacier","floor":1},{"not_picked":["Beam Cell","Leap"],"picked":"Blizzard","floor":2},{"not_picked":["Conserve Battery","Compile Driver"],"picked":"Cold Snap","floor":5},{"not_picked":["Leap","Scrape"],"picked":"Static Discharge","floor":7},{"not_picked":["Fusion","Fission"],"picked":"Loop","floor":11},{"not_picked":["Conserve Battery","Beam Cell"],"picked":"Coolheaded","floor":12},{"not_picked":["Double Energy","Beam Cell"],"picked":"Redo","floor":14},{"not_picked":["Core Surge","Echo Form"],"picked":"Electrodynamics","floor":16},{"not_picked":["Turbo+1","Leap"],"picked":"Fusion","floor":18},{"not_picked":["Steam","Hologram"],"picked":"Conserve Battery","floor":20},{"not_picked":["Turbo","Go for the Eyes"],"picked":"Tempest","floor":21},{"not_picked":["Gash","Defragment"],"picked":"Fusion+1","floor":22}],"player_experience":1067638,"relics_obtained":[{"floor":7,"key":"Ancient Tea Set"},{"floor":9,"key":"Cables"},{"floor":12,"key":"Odd Mushroom"},{"floor":14,"key":"Happy Flower"}],"event_choices":[{"damage_healed":0,"gold_gain":0,"player_choice":"Grow","damage_taken":0,"max_hp_gain":0,"max_hp_loss":0,"event_name":"Living Wall","floor":3,"gold_loss":0,"cards_upgraded":["Zap"]},{"damage_healed":0,"gold_gain":0,"player_choice":"Entered Light","damage_taken":15,"max_hp_gain":0,"max_hp_loss":0,"event_name":"Shining Light","floor":4,"gold_loss":0,"cards_upgraded":["Strike_B","Blizzard"]},{"damage_healed":0,"gold_gain":0,"player_choice":"Fought Mushrooms","damage_taken":0,"max_hp_gain":0,"max_hp_loss":0,"event_name":"Mushrooms","floor":12,"gold_loss":0},{"damage_healed":25,"gold_gain":0,"player_choice":"Banana","damage_taken":0,"max_hp_gain":0,"max_hp_loss":0,"event_name":"Big Fish","floor":13,"gold_loss":0},{"damage_healed":0,"gold_gain":0,"player_choice":"Got Potions","damage_taken":0,"max_hp_gain":0,"max_hp_loss":0,"event_name":"Lab","floor":19,"gold_loss":0}],"is_beta":false,"boss_relics":[{"not_picked":["Pandora\u0027s Box","Black Star"],"picked":"Inserter"}],"items_purged_floors":[],"is_endless":false,"potions_floor_spawned":[1,7,14,21],"killed_by":"Book of Stabbing","ascension_level":6}