{"path_per_floor":["M","?","M","?","T","M","R","M","T","$","M","R","M","T","R","B",null,"M","M","?","M","M","R","?","T","T","R","M","M","E","$","R"],"character_chosen":"IRONCLAD","items_purchased":["Omamori","Oddly Smooth Stone"],"gold_per_floor":[118,68,80,80,158,169,169,183,183,108,123,123,134,134,134,235,235,251,269,269,281,299,299,299,322,322,322,335,355,390,85,85,85],"floor_reached":33,"campfire_rested":0,"playtime":700,"current_hp_per_floor":[73,73,67,67,67,62,62,58,58,58,41,41,32,32,32,14,80,76,70,70,58,51,51,51,51,51,51,53,48,62,62,62,0],"items_purged":["Defend_R"],"gold":85,"score":259,"play_id":"54848fed-0800-4762-ad3f-d06abc27be2b","local_time":"20180408231242","is_prod":false,"is_daily":false,"is_ascension_mode":false,"campfire_upgraded":6,"timestamp":1523243562,"path_taken":["M","?","M","?","?","M","R","M","T","?","?","R","M","?","R","BOSS","M","?","?","?","M","R","?","?","T","R","?","M","E","?","R","BOSS"],"build_version":"2018-04-05v2","purchased_purges":2,"victory":false,"master_deck":["Strike_R","Strike_R","Strike_R","Strike_R","Strike_R","Bash","Inflame+1","Sword Boomerang+1","Perfected Strike+1","Cleave","Double Tap+1","Inflame+1","Cleave+1","Perfected Strike+1"],"max_hp_per_floor":[80,80,80,80,80,80,80,80,80,80,80,80,80,80,80,80,80,80,80,80,80,80,80,80,80,80,80,80,80,90,90,90,90],"relics":["Burning Blood","Tiny Chest","Bag of Preparation","War Paint","Velvet Choker","Anchor","Toolbox","Pear","Omamori","Oddly Smooth Stone"],"card_choices":[{"not_picked":["Flex","Dropkick"],"picked":"Inflame","floor":1},{"not_picked":["Clothesline","Pommel Strike"],"picked":"Sword Boomerang","floor":8},{"not_picked":["True Grit","Double Tap"],"picked":"Perfected Strike","floor":11},{"not_picked":["Havoc","Reaper"],"picked":"Cleave","floor":13},{"not_picked":["Juggernaut","Limit Break"],"picked":"Double Tap","floor":16},{"not_picked":["Hemokinesis","Sword Boomerang"],"picked":"Cleave","floor":28},{"not_picked":["Blood for Blood","Dual Wield"],"picked":"Perfected Strike","floor":29}],"player_experience":784948,"potions_floor_usage":[11,16,18,28,30,33],"damage_taken":[{"damage":13,"enemies":"2 Louse","floor":1,"turns":4},{"damage":12,"enemies":"Small Slimes","floor":3,"turns":4},{"damage":11,"enemies":"Jaw Worm","floor":6,"turns":2},{"damage":10,"enemies":"Looter","floor":8,"turns":2},{"damage":23,"enemies":"Lots of Slimes","floor":11,"turns":3},{"damage":15,"enemies":"Exordium Wildlife","floor":13,"turns":3},{"damage":24,"enemies":"Slime Boss","floor":16,"turns":7},{"damage":10,"enemies":"2 Thieves","floor":18,"turns":2},{"damage":12,"enemies":"Shell Parasite","floor":19,"turns":2},{"damage":18,"enemies":"Cultist and Chosen","floor":21,"turns":3},{"damage":13,"enemies":"Chosen and Byrds","floor":22,"turns":4},{"damage":8,"enemies":"Snecko","floor":28,"turns":3},{"damage":11,"enemies":"Snake Plant","floor":29,"turns":3},{"damage":2,"enemies":"Book of Stabbing","floor":30,"turns":2},{"damage":85,"enemies":"Automaton","floor":33,"turns":6}],"event_choices":[{"event_name":"The Cleric","player_choice":"Card Removal","floor":2,"damage_taken":0},{"event_name":"Living Wall","player_choice":"Forget","floor":4,"damage_taken":0},{"event_name":"The Library","player_choice":"Read","floor":20,"damage_taken":0},{"event_name":"Purifier","player_choice":"One Purge","floor":24,"damage_taken":0}],"boss_relics":[{"not_picked":["Cursed Key","Snecko Eye"],"picked":"Velvet Choker"}],"potions_floor_spawned":[3,8,16,21,22,29],"seed_played":"-3216641988846665025","killed_by":"Automaton","ascension_level":0,"is_trial":false}