{"path_per_floor":["M","$","?","M","?","R","?","E","T","R","E","M","$","M","R","B",null,"M","?","?","M","M","R","E","M","T","M","R","$","R","?","R","B",null,"M","M","M","$","$","R","M","R","T","M","M","R","E","?","R","B"],"character_chosen":"DEFECT","items_purchased":["Sunder","Capacitor","Regen Potion","Coolheaded","Defragment","Dexterity Potion","Defragment"],"gold_per_floor":[110,38,38,48,48,48,48,79,130,130,164,179,64,82,82,206,206,225,140,140,164,189,189,227,247,294,307,307,260,260,260,260,386,386,407,428,443,247,175,175,190,190,190,211,229,229,262,262,262,262],"floor_reached":51,"campfire_rested":1,"playtime":1386,"item_purchase_floors":[],"current_hp_per_floor":[57,57,57,57,54,54,54,49,49,49,28,35,35,42,42,52,69,73,73,73,73,74,74,59,67,67,52,52,52,52,52,52,33,64,71,70,69,69,69,69,60,60,60,43,43,43,32,32,54,43],"items_purged":["Strike_B+1"],"gold":262,"score":1025,"play_id":"4928b22d-1b24-453f-b363-9e71528a9398","local_time":"20180607173311","is_prod":false,"is_daily":false,"chose_seed":false,"is_ascension_mode":true,"campfire_upgraded":10,"win_rate":0,"timestamp":1528417991,"campfire_choices":[{"data":"Loop","floor":6.0,"key":"SMITH"},{"data":"Sunder","floor":10.0,"key":"SMITH"},{"data":"Stack","floor":15.0,"key":"SMITH"},{"data":"Reboot","floor":23,"key":"SMITH"},{"data":"Capacitor","floor":28,"key":"SMITH"},{"data":"Echo Form","floor":30,"key":"SMITH"},{"data":"Coolheaded","floor":32,"key":"SMITH"},{"data":"Defragment","floor":40,"key":"SMITH"},{"data":"Defragment","floor":42,"key":"SMITH"},{"data":"Coolheaded","floor":46,"key":"SMITH"},{"floor":49,"key":"REST"}],"path_taken":["M","$","?","M","?","R","?","E","T","R","E","M","?","M","R","BOSS","M","?","?","M","?","R","E","M","T","M","R","$","R","?","R","BOSS","M","M","M","?","$","R","M","R","T","M","M","R","E","?","R","BOSS"],"build_version":"2018-06-07","seed_source_timestamp":0,"purchased_purges":1,"victory":true,"master_deck":["Strike_B+1","Strike_B+1","Strike_B+1","Defend_B+1","Defend_B+1","Defend_B+1","Defend_B+1","Zap+1","Dualcast","Conserve Battery","Loop+1","Sunder+1","Ball Lightning+1","Coolheaded+1","Self Repair","Ball Lightning","Capacitor+1","Stack+1","Reboot+1","Go for the Eyes+1","Cold Snap+1","Go for the Eyes+1","Conserve Battery","Ball Lightning+1","Echo Form+1","Coolheaded","BootSequence+1","Conserve Battery+1","Conserve Battery","Defragment+1","Defragment+1","Defragment+1","Coolheaded+1"],"max_hp_per_floor":[75,75,75,75,75,75,69,69,69,69,69,69,69,69,69,74,74,74,74,74,74,74,74,74,74,74,74,74,74,74,74,74,74,74,74,74,74,74,74,74,74,74,74,74,74,74,74,74,74,74],"relics":["Cracked Core","Omamori","Golden Idol","Sundial","DataDisk","Orichalcum","Velvet Choker","Molten Egg 2","Potion Belt","Whetstone","Cursed Key","Meat on the Bone"],"card_choices":[{"not_picked":["Stack","Hologram"],"picked":"Conserve Battery","floor":0.0},{"not_picked":["Reinforced Body","Steam Power"],"picked":"Loop","floor":1.0},{"not_picked":["Conserve Battery","Redo"],"picked":"Ball Lightning","floor":4.0},{"not_picked":["Sunder","Rainbow"],"picked":"Coolheaded","floor":8.0},{"not_picked":["Streamline","Beam Cell"],"picked":"Self Repair","floor":11.0},{"not_picked":["Sunder","Barrage"],"picked":"Ball Lightning","floor":12.0},{"not_picked":["Gash","Blizzard"],"picked":"Stack","floor":14.0},{"not_picked":["All For One","Core Surge"],"picked":"Reboot","floor":16.0},{"not_picked":["Barrage","Fusion","Chaos"],"picked":"SKIP","floor":18},{"not_picked":["Sunder+1","Beam Cell+1"],"picked":"Cold Snap+1","floor":21},{"not_picked":["Static Discharge","Sunder+1"],"picked":"Go for the Eyes+1","floor":22},{"not_picked":["Loop","Redo+1"],"picked":"Conserve Battery","floor":24},{"not_picked":["Rip and Tear+1","Reprogram+1"],"picked":"Ball Lightning+1","floor":25},{"not_picked":["Streamline+1","Coolheaded"],"picked":"Echo Form","floor":27},{"not_picked":["Gash+1","Compile Driver+1"],"picked":"BootSequence+1","floor":35},{"not_picked":["Gash+1","Sweeping Beam+1"],"picked":"Conserve Battery+1","floor":36},{"not_picked":["Recycle+1","Static Discharge"],"picked":"Conserve Battery","floor":37},{"not_picked":["Conserve Battery","Hologram"],"picked":"Defragment+1","floor":41},{"not_picked":["Storm","Steam+1","Compile Driver+1"],"picked":"SKIP","floor":44},{"not_picked":["Heatsinks+1","Darkness"],"picked":"Coolheaded","floor":45},{"not_picked":["Cold Snap+1","Gash+1","Turbo"],"picked":"SKIP","floor":47}],"player_experience":617425,"potions_floor_usage":[18,25,33,47,47,50,50],"damage_taken":[{"damage":11.0,"enemies":"Jaw Worm","floor":1.0,"turns":4.0},{"damage":0.0,"enemies":"Small Slimes","floor":4.0,"turns":3.0},{"damage":5.0,"enemies":"Gremlin Nob","floor":8.0,"turns":3.0},{"damage":21.0,"enemies":"3 Sentries","floor":11.0,"turns":4.0},{"damage":0.0,"enemies":"2 Louse","floor":12.0,"turns":2.0},{"damage":0.0,"enemies":"Large Slime","floor":14.0,"turns":4.0},{"damage":17.0,"enemies":"Hexaghost","floor":16.0,"turns":9.0},{"damage":3,"enemies":"Chosen","floor":18,"turns":3},{"damage":0,"enemies":"Spheric Guardian","floor":21,"turns":2},{"damage":0,"enemies":"Snecko","floor":22,"turns":3},{"damage":22,"enemies":"Book of Stabbing","floor":24,"turns":5},{"damage":4,"enemies":"Cultist and Chosen","floor":25,"turns":4},{"damage":15,"enemies":"Slaver and Parasite","floor":27,"turns":5},{"damage":26,"enemies":"Automaton","floor":33,"turns":9},{"damage":0,"enemies":"3 Shapes","floor":35,"turns":2},{"damage":8,"enemies":"Orb Walker","floor":36,"turns":4},{"damage":8,"enemies":"3 Darklings","floor":37,"turns":6},{"damage":16,"enemies":"Sphere and 2 Shapes","floor":41,"turns":6},{"damage":24,"enemies":"Transient","floor":44,"turns":5},{"damage":7,"enemies":"4 Shapes","floor":45,"turns":5},{"damage":11,"enemies":"2 Orb Walkers","floor":47,"turns":5},{"damage":11,"enemies":"Awakened One","floor":50,"turns":14}],"relics_obtained":[{"floor":8.0,"key":"Sundial"},{"floor":9.0,"key":"DataDisk"},{"floor":11.0,"key":"Orichalcum"},{"floor":24,"key":"Potion Belt"},{"floor":26,"key":"Whetstone"},{"floor":47,"key":"Meat on the Bone"}],"event_choices":[{"event_name":"Living Wall","player_choice":"Grow","floor":3.0,"damage_taken":0.0},{"event_name":"Scrap Ooze","player_choice":"success","floor":5.0,"damage_taken":3.0},{"event_name":"Golden Idol","player_choice":"Lose Max HP","floor":7.0,"damage_taken":0.0},{"event_name":"Addict","player_choice":"Obtained Relic","floor":19,"damage_taken":0},{"event_name":"The Library","player_choice":"Read","floor":20,"damage_taken":0},{"event_name":"Back to Basics","player_choice":"Simplicity","floor":31,"damage_taken":0},{"event_name":"SecretPortal","player_choice":"Rejected Portal.","floor":48,"damage_taken":0}],"boss_relics":[{"not_picked":["White Beast Statue","Philosopher\u0027s Stone"],"picked":"Velvet Choker"},{"not_picked":["Orrery","Calling Bell"],"picked":"Cursed Key"}],"items_purged_floors":[38],"potions_floor_spawned":[1,4,12,14,22,24,27,37,41,45,47],"seed_played":"-7920638121542846674","ascension_level":9,"potions_obtained":[{"floor":1.0,"key":"Strength Potion"},{"floor":4.0,"key":"FearPotion"},{"floor":12.0,"key":"FearPotion"},{"floor":14.0,"key":"Fruit Juice"},{"floor":22,"key":"Dexterity Potion"},{"floor":24,"key":"Regen Potion"},{"floor":27,"key":"SteroidPotion"},{"floor":37,"key":"EssenceOfSteel"},{"floor":41,"key":"SpeedPotion"},{"floor":45,"key":"PowerPotion"},{"floor":47,"key":"SkillPotion"}],"is_trial":false}