{"gold_per_floor":[216,228,238,255,51,81,81,81,106,116,126,126,126],"floor_reached":13,"playtime":792,"items_purged":[],"score":174,"play_id":"228a0333-df54-4040-9fd6-2c680be3adcb","local_time":"20190501101752","is_ascension_mode":true,"campfire_choices":[{"floor":12,"key":"REST"}],"neow_cost":"NONE","seed_source_timestamp":0,"circlet_count":0,"master_deck":["AscendersBane","Defend_G","Defend_G+1","Defend_G+1","Defend_G","Defend_G","Strike_G","Strike_G","Strike_G","Strike_G","Survivor","Neutralize","Footwork","Dagger Spray+1","Caltrops","Deadly Poison","Dash","Slice"],"special_seed":0,"relics":["Ring of the Snake","Vajra","Juzu Bracelet","War Paint"],"potions_floor_usage":[10],"damage_taken":[{"damage":0.0,"enemies":"Cultist","floor":1.0,"turns":4.0},{"damage":2.0,"enemies":"Jaw Worm","floor":2.0,"turns":7.0},{"damage":0.0,"enemies":"2 Louse","floor":3.0,"turns":5.0},{"damage":13.0,"enemies":"Lots of Slimes","floor":4.0,"turns":5.0},{"damage":43.0,"enemies":"Lagavulin","floor":6.0,"turns":10.0},{"damage":0,"enemies":"3 Louse","floor":10,"turns":1},{"damage":0,"enemies":"Large Slime","floor":11,"turns":5},{"damage":23,"enemies":"3 Sentries","floor":13,"turns":6}],"seed_played":"4075122419733847424","potions_obtained":[{"floor":3.0,"key":"EssenceOfSteel"},{"floor":6.0,"key":"PowerPotion"},{"floor":11,"key":"LiquidBronze"}],"is_trial":false,"path_per_floor":["M","M","M","M","$","E","?","?","T","M","M","R","E"],"character_chosen":"THE_SILENT","items_purchased":["Vajra","Caltrops"],"campfire_rested":1,"item_purchase_floors":[5,5],"current_hp_per_floor":[59,57,57,44,44,1,1,1,1,1,1,20,0],"gold":126,"neow_bonus":"HUNDRED_GOLD","is_prod":false,"is_daily":false,"chose_seed":false,"campfire_upgraded":0,"win_rate":0,"timestamp":1556720272,"path_taken":["M","M","M","?","$","E","?","?","T","M","M","R","E"],"build_version":"2019-01-23","purchased_purges":0,"victory":false,"max_hp_per_floor":[66,66,66,66,66,66,66,66,66,66,66,66,66],"card_choices":[{"not_picked":["Deflect","Catalyst"],"picked":"Footwork","floor":1.0},{"not_picked":["Prepared","Underhanded Strike","Setup"],"picked":"SKIP","floor":2.0},{"not_picked":["Deflect","Leg Sweep"],"picked":"Dagger Spray","floor":3.0},{"not_picked":["Calculated Gamble","Sucker Punch","Acrobatics"],"picked":"SKIP","floor":4.0},{"not_picked":["Calculated Gamble","Sucker Punch","Acrobatics"],"picked":"SKIP","floor":4.0},{"not_picked":["Endless Agony","Bane"],"picked":"Deadly Poison","floor":6.0},{"not_picked":["Skewer","PiercingWail"],"picked":"Dash","floor":10},{"not_picked":["Escape Plan","Infinite Blades"],"picked":"Slice","floor":11}],"player_experience":2203064,"relics_obtained":[{"floor":6.0,"key":"Juzu Bracelet"},{"floor":9.0,"key":"War Paint"}],"event_choices":[{"damage_healed":0.0,"max_hp_gain":0.0,"max_hp_loss":0.0,"gold_gain":0.0,"event_name":"Living Wall","player_choice":"Grow","floor":7.0,"gold_loss":0.0,"damage_taken":0.0,"cards_upgraded":["Dagger Spray"]},{"cards_removed":["Strike_G"],"damage_healed":0.0,"max_hp_gain":0.0,"max_hp_loss":0.0,"gold_gain":0.0,"event_name":"Purifier","player_choice":"Purged","floor":8.0,"gold_loss":0.0,"damage_taken":0.0}],"is_beta":false,"boss_relics":[],"items_purged_floors":[],"is_endless":false,"potions_floor_spawned":[3,6,11],"killed_by":"3 Sentries","ascension_level":20}