{"gold_per_floor":[113,126,126,19,31,31,62,62,62,62,81,109,109,18,18,97,97,113,113,132,132,148,148,148,148,172,197,197,231,231,241,241,315,315,330,330,350,1349,687,722,428,460,483,514,514,534,534,548,548,548],"floor_reached":50,"playtime":3316,"items_purged":["Normality","Normality"],"score":1373,"play_id":"6e3d91df-e258-44f4-b1ff-a54b65ac1f16","local_time":"20190408001813","is_ascension_mode":true,"campfire_choices":[{"data":"Dagger Spray","floor":6,"key":"SMITH"},{"data":"Infinite Blades","floor":8,"key":"SMITH"},{"data":"Footwork","floor":13,"key":"SMITH"},{"data":"Neutralize","floor":15,"key":"SMITH"},{"data":"Infinite Blades","floor":23,"key":"SMITH"},{"floor":25,"key":"REST"},{"data":"A Thousand Cuts","floor":28,"key":"SMITH"},{"data":"Malaise","floor":30,"key":"SMITH"},{"floor":32,"key":"REST"},{"floor":49,"key":"RECALL"}],"neow_cost":"NONE","seed_source_timestamp":566327993063792,"circlet_count":0,"master_deck":["AscendersBane","Defend_G+1","Defend_G+1","Defend_G+1","Defend_G+1","Defend_G+1","Strike_G+1","Strike_G+1","Strike_G+1","Strike_G+1","Strike_G+1","Survivor","Neutralize+1","Poisoned Stab+1","Infinite Blades+1","Footwork+1","Dagger Spray+1","Endless Agony+1","Escape Plan","Leg Sweep","Tools of the Trade","Infinite Blades+1","Malaise+1","A Thousand Cuts+1","Choke+1","Noxious Fumes+1","Night Terror","Acrobatics","A Thousand Cuts+1","Corpse Explosion","Crippling Poison","Panache","Panacea","Noxious Fumes","Noxious Fumes+1","Well Laid Plans+1"],"relics":["Ring of the Serpent","Darkstone Periapt","Ninja Scroll","Dead Branch","Sozu","Art of War","Nilry\u0027s Codex","Happy Flower","Anchor","Unceasing Top","Membership Card","Matryoshka","Whetstone","Regal Pillow","Singing Bowl","Oddly Smooth Stone","Centennial Puzzle","Mercury Hourglass","The Courier"],"potions_floor_usage":[12,16,16,50],"damage_taken":[{"damage":0,"enemies":"Small Slimes","floor":1,"turns":3},{"damage":0,"enemies":"Cultist","floor":2,"turns":4},{"damage":2,"enemies":"Jaw Worm","floor":5,"turns":4},{"damage":38,"enemies":"3 Sentries","floor":7,"turns":8},{"damage":1,"enemies":"Exordium Thugs","floor":11,"turns":4},{"damage":8,"enemies":"Gremlin Nob","floor":12,"turns":3},{"damage":6,"enemies":"Hexaghost","floor":16,"turns":8},{"damage":1,"enemies":"Chosen","floor":18,"turns":3},{"damage":7,"enemies":"Shell Parasite","floor":20,"turns":4},{"damage":0,"enemies":"Centurion and Healer","floor":22,"turns":5},{"damage":6,"enemies":"Book of Stabbing","floor":27,"turns":7},{"damage":0,"enemies":"Gremlin Leader","floor":29,"turns":5},{"damage":0,"enemies":"Snake Plant","floor":31,"turns":5},{"damage":6,"enemies":"Champ","floor":33,"turns":7},{"damage":1,"enemies":"3 Shapes","floor":35,"turns":4},{"damage":9,"enemies":"Orb Walker","floor":37,"turns":3},{"damage":35,"enemies":"Reptomancer","floor":40,"turns":4},{"damage":9,"enemies":"Nemesis","floor":42,"turns":3},{"damage":0,"enemies":"Giant Head","floor":44,"turns":6},{"damage":17,"enemies":"Spire Growth","floor":46,"turns":4},{"damage":0,"enemies":"4 Shapes","floor":48,"turns":2},{"damage":26,"enemies":"Time Eater","floor":50,"turns":6}],"seed_played":"-6520107884435579376","potions_obtained":[{"floor":2,"key":"SkillPotion"},{"floor":12,"key":"Regen Potion"},{"floor":16,"key":"PowerPotion"}],"is_trial":false,"path_per_floor":["M","M","?","$","M","R","E","R","T","?","M","E","R","$","R","B",null,"M","?","M","?","M","R","?","R","T","E","R","E","R","M","R","B",null,"M","?","M","?","$","E","$","E","T","E","?","M","?","M","R","B"],"character_chosen":"THE_SILENT","items_purchased":["Footwork","Poisoned Stab","Infinite Blades","FearPotion","Membership Card","Matryoshka","Whetstone","Crippling Poison","Panache","Panacea","Noxious Fumes","Singing Bowl","Oddly Smooth Stone"],"campfire_rested":2,"item_purchase_floors":[4,4,14,14,39,39,39,39,39,39,41,41,41],"current_hp_per_floor":[65,65,55,55,53,53,15,15,15,15,14,6,6,6,6,15,58,57,57,50,50,50,50,29,50,50,44,44,44,44,44,65,59,69,68,68,59,71,71,36,36,29,29,29,29,12,12,14,14,0],"gold":548,"neow_bonus":"TEN_PERCENT_HP_BONUS","is_prod":false,"is_daily":false,"chose_seed":false,"campfire_upgraded":7,"win_rate":0,"timestamp":1554697093,"path_taken":["M","M","?","$","?","R","E","R","T","?","M","E","R","?","R","BOSS","M","?","M","?","?","R","?","R","T","E","R","E","R","M","R","BOSS","M","?","?","?","$","E","$","E","T","E","?","M","?","?","R","BOSS"],"build_version":"2019-01-23","purchased_purges":2,"victory":false,"max_hp_per_floor":[72,72,72,72,72,72,72,72,72,72,72,72,72,72,72,72,72,72,72,72,72,72,72,72,72,72,72,72,72,72,72,72,72,72,72,72,72,84,84,84,84,86,86,86,86,86,86,88,88,88],"card_choices":[{"not_picked":["Slice","Accuracy"],"picked":"Poisoned Stab","floor":1},{"not_picked":["Backflip","Flying Knee"],"picked":"Infinite Blades","floor":2},{"not_picked":["All Out Attack","Deflect"],"picked":"Dagger Spray","floor":5},{"not_picked":["Dagger Throw","Skewer"],"picked":"Endless Agony","floor":7},{"not_picked":["Catalyst","Sucker Punch"],"picked":"Leg Sweep","floor":11},{"not_picked":["Acrobatics","Quick Slash"],"picked":"Tools of the Trade","floor":12},{"not_picked":["Adrenaline","Glass Knife"],"picked":"Malaise","floor":16},{"not_picked":["Poisoned Stab","Quick Slash","Outmaneuver"],"picked":"SKIP","floor":18},{"not_picked":["Distraction","Tactician"],"picked":"Cloak And Dagger","floor":20},{"not_picked":["Dagger Throw","Outmaneuver","Blade Dance"],"picked":"SKIP","floor":22},{"not_picked":["Prepared","Dodge and Roll"],"picked":"A Thousand Cuts","floor":27},{"not_picked":["PiercingWail","Prepared"],"picked":"Choke+1","floor":29},{"not_picked":["Doppelganger","Sucker Punch+1"],"picked":"Noxious Fumes+1","floor":31},{"not_picked":["Burst","Grand Finale"],"picked":"Night Terror","floor":33},{"not_picked":["Riddle With Holes","Dagger Throw"],"picked":"Acrobatics","floor":35},{"not_picked":["Bane","Acrobatics"],"picked":"Corpse Explosion","floor":37},{"not_picked":["Slice","Bane","Endless Agony"],"picked":"SKIP","floor":40},{"not_picked":["Dagger Spray+1","Grand Finale","Dagger Throw"],"picked":"Singing Bowl","floor":42},{"not_picked":["Leg Sweep","Deadly Poison+1"],"picked":"Noxious Fumes+1","floor":44},{"not_picked":["Backflip","Cloak And Dagger+1"],"picked":"Well Laid Plans+1","floor":46},{"not_picked":["Dagger Spray","Slice","Dagger Throw"],"picked":"Singing Bowl","floor":48}],"player_experience":1711241,"relics_obtained":[{"floor":7,"key":"Darkstone Periapt"},{"floor":9,"key":"Ninja Scroll"},{"floor":12,"key":"Dead Branch"},{"floor":24,"key":"Nilry\u0027s Codex"},{"floor":26,"key":"Happy Flower"},{"floor":27,"key":"Anchor"},{"floor":29,"key":"Unceasing Top"},{"floor":40,"key":"Regal Pillow"},{"floor":42,"key":"Centennial Puzzle"},{"floor":43,"key":"Mercury Hourglass"},{"floor":44,"key":"The Courier"}],"event_choices":[{"damage_healed":0,"gold_gain":0,"player_choice":"Damaged","damage_taken":10,"max_hp_gain":0,"max_hp_loss":0,"event_name":"Wheel of Change","floor":3,"gold_loss":0},{"damage_healed":0,"gold_gain":0,"player_choice":"1 cards matched","damage_taken":0,"max_hp_gain":0,"max_hp_loss":0,"event_name":"Match and Keep!","floor":10,"gold_loss":0,"cards_obtained":["Escape Plan"]},{"damage_healed":0,"gold_gain":0,"player_choice":"Simplicity","damage_taken":0,"max_hp_gain":0,"max_hp_loss":0,"event_name":"Back to Basics","floor":19,"gold_loss":0,"cards_upgraded":["Defend_G","Defend_G","Defend_G","Defend_G","Defend_G","Strike_G","Strike_G","Strike_G","Strike_G","Strike_G"]},{"cards_removed":["Cloak And Dagger"],"damage_healed":0,"gold_gain":0,"player_choice":"Gave Card","damage_taken":0,"relics_obtained":["Art of War"],"max_hp_gain":0,"max_hp_loss":0,"event_name":"WeMeetAgain","floor":21,"gold_loss":0},{"damage_healed":0,"gold_gain":0,"player_choice":"Obtained Book","damage_taken":21,"max_hp_gain":0,"max_hp_loss":0,"event_name":"Cursed Tome","floor":24,"gold_loss":0},{"damage_healed":0,"gold_gain":0,"player_choice":"Copied","damage_taken":0,"max_hp_gain":0,"max_hp_loss":0,"event_name":"Duplicator","floor":36,"gold_loss":0,"cards_obtained":["A Thousand Cuts"]},{"damage_healed":0,"gold_gain":999,"player_choice":"Gold","damage_taken":0,"max_hp_gain":0,"max_hp_loss":0,"event_name":"MindBloom","floor":38,"gold_loss":0,"cards_obtained":["Normality","Normality"]},{"damage_healed":0,"gold_gain":0,"player_choice":"Ignored","damage_taken":0,"max_hp_gain":0,"max_hp_loss":0,"event_name":"Mysterious Sphere","floor":45,"gold_loss":0},{"cards_removed":["Poisoned Stab"],"damage_healed":0,"gold_gain":0,"player_choice":"Removed Attack","damage_taken":0,"max_hp_gain":0,"max_hp_loss":0,"event_name":"Falling","floor":47,"gold_loss":0}],"is_beta":false,"boss_relics":[{"not_picked":["Black Star","Velvet Choker"],"picked":"Sozu"},{"not_picked":["Pandora\u0027s Box","Runic Dome"],"picked":"Ring of the Serpent"}],"items_purged_floors":[39,41],"is_endless":false,"potions_floor_spawned":[2,12,16,20,27,31,33,40,48],"killed_by":"Time Eater","ascension_level":20}