{"gold_per_floor":[212,223,238,256,256,256,256,256,256,271,271,271,271],"floor_reached":13,"playtime":234,"items_purged":[],"score":150,"play_id":"6a1420b7-219a-4f05-a461-ae0c08f3f158","local_time":"20190208175801","is_ascension_mode":true,"campfire_choices":[{"data":"Genetic Algorithm","floor":6,"key":"SMITH"},{"floor":8,"key":"REST"},{"data":"Zap","floor":11,"key":"SMITH"}],"neow_cost":"NONE","seed_source_timestamp":455616669836538,"circlet_count":0,"master_deck":["AscendersBane","Strike_B","Strike_B","Strike_B+1","Defend_B+1","Defend_B","Defend_B","Defend_B","Zap+1","Dualcast","Undo","Leap","Recycle","Genetic Algorithm+1","Ball Lightning"],"relics":["Cracked Core","Matryoshka","Golden Idol"],"potions_floor_usage":[13,13],"damage_taken":[{"damage":4,"enemies":"Jaw Worm","floor":1,"turns":4},{"damage":3,"enemies":"2 Louse","floor":2,"turns":3},{"damage":6,"enemies":"Small Slimes","floor":3,"turns":4},{"damage":9,"enemies":"3 Louse","floor":4,"turns":3},{"damage":6,"enemies":"Looter","floor":10,"turns":4},{"damage":42,"enemies":"Gremlin Nob","floor":13,"turns":4}],"seed_played":"-7248986048201347718","potions_obtained":[{"floor":2,"key":"SpeedPotion"},{"floor":10,"key":"EssenceOfSteel"}],"is_trial":false,"path_per_floor":["M","M","M","M","?","R","?","R","T","M","R","?","E"],"character_chosen":"DEFECT","items_purchased":[],"campfire_rested":1,"item_purchase_floors":[],"current_hp_per_floor":[60,57,51,42,42,42,21,42,42,36,36,36,0],"gold":271,"neow_bonus":"HUNDRED_GOLD","is_prod":false,"is_daily":false,"chose_seed":false,"campfire_upgraded":2,"win_rate":0,"timestamp":1549673881,"path_taken":["M","M","M","M","?","R","?","R","T","M","R","?","E"],"build_version":"2019-02-06","purchased_purges":0,"victory":false,"max_hp_per_floor":[71,71,71,71,71,71,71,71,71,71,71,64,64],"card_choices":[{"not_picked":["Conserve Battery","Leap"],"picked":"Undo","floor":1},{"not_picked":["Cold Snap","White Noise"],"picked":"Leap","floor":2},{"not_picked":["Steam","Force Field"],"picked":"Recycle","floor":3},{"not_picked":["Hello World","Turbo"],"picked":"Genetic Algorithm","floor":4},{"not_picked":["Compile Driver","Coolheaded"],"picked":"Ball Lightning","floor":10}],"player_experience":1078303,"relics_obtained":[{"floor":9,"key":"Matryoshka"}],"event_choices":[{"cards_removed":["Strike_B"],"damage_healed":0,"gold_gain":0,"player_choice":"Forget","damage_taken":0,"max_hp_gain":0,"max_hp_loss":0,"event_name":"Living Wall","floor":5,"gold_loss":0},{"damage_healed":0,"gold_gain":0,"player_choice":"Entered Light","damage_taken":21,"max_hp_gain":0,"max_hp_loss":0,"event_name":"Shining Light","floor":7,"gold_loss":0,"cards_upgraded":["Defend_B","Strike_B"]},{"damage_healed":0,"gold_gain":0,"player_choice":"Lose Max HP","damage_taken":0,"relics_obtained":["Golden Idol"],"max_hp_gain":0,"max_hp_loss":7,"event_name":"Golden Idol","floor":12,"gold_loss":0}],"is_beta":true,"boss_relics":[],"items_purged_floors":[],"is_endless":false,"potions_floor_spawned":[2,10],"killed_by":"Gremlin Nob","ascension_level":20}