{"path_per_floor":["M","M","?","M","M","R","E","R","T","M","M","E","M","?","R"],"character_chosen":"THE_SILENT","items_purchased":[],"gold_per_floor":[116,131,131,151,171,171,202,202,226,242,262,296,317,317,317,317],"floor_reached":16,"campfire_rested":0,"playtime":558,"current_hp_per_floor":[59,59,59,59,51,51,29,29,29,25,19,7,1,17,17,0],"items_purged":[],"gold":317,"score":200,"play_id":"e734379c-9b0a-46f6-b3fe-c54aeb13f149","local_time":"20180412113616","is_prod":false,"is_daily":false,"is_ascension_mode":true,"campfire_upgraded":3,"timestamp":1523547376,"path_taken":["M","?","?","M","M","R","E","R","T","M","M","E","?","?","R","BOSS"],"build_version":"2018-04-05v2","purchased_purges":0,"victory":false,"master_deck":["Defend_G","Defend_G","Defend_G","Defend_G","Defend_G","Strike_G","Strike_G","Strike_G","Strike_G","Strike_G","Survivor","Neutralize+1","AscendersBane","Deadly Poison","Acrobatics","Injury","Deadly Poison","Prepared+1","Terror","Dagger Spray","Predator","Choke+1","Well Laid Plans","Parasite"],"max_hp_per_floor":[66,66,66,66,66,66,66,66,66,66,66,66,66,66,66,66],"relics":["Ring of the Snake","NeowsBlessing","Golden Idol","Kunai","Lantern","Mercury Hourglass"],"card_choices":[{"not_picked":["Backstab","Accuracy"],"picked":"Deadly Poison","floor":1.0},{"not_picked":["Dodge and Roll","Reflex"],"picked":"Acrobatics","floor":2.0},{"not_picked":["Escape Plan","Quick Slash"],"picked":"Deadly Poison","floor":4.0},{"not_picked":["Deflect","Outmaneuver"],"picked":"Prepared","floor":5.0},{"not_picked":["Deadly Poison","Dagger Throw"],"picked":"Terror","floor":7.0},{"not_picked":["Dagger Throw","Cloak And Dagger"],"picked":"Dagger Spray","floor":10.0},{"not_picked":["Sucker Punch","Slice"],"picked":"Predator","floor":11.0},{"not_picked":["Prepared","Slice"],"picked":"Choke","floor":12.0},{"not_picked":["Choke","Dagger Throw"],"picked":"Well Laid Plans","floor":13}],"player_experience":835111,"potions_floor_usage":[],"damage_taken":[{"damage":0.0,"enemies":"Cultist","floor":1.0,"turns":1.0},{"damage":0.0,"enemies":"Small Slimes","floor":2.0,"turns":1.0},{"damage":0.0,"enemies":"2 Louse","floor":4.0,"turns":1.0},{"damage":8.0,"enemies":"Lots of Slimes","floor":5.0,"turns":3.0},{"damage":22.0,"enemies":"Lagavulin","floor":7.0,"turns":6.0},{"damage":4.0,"enemies":"3 Louse","floor":10.0,"turns":4.0},{"damage":6.0,"enemies":"Looter","floor":11.0,"turns":3.0},{"damage":12.0,"enemies":"3 Sentries","floor":12.0,"turns":8.0},{"damage":6,"enemies":"Exordium Wildlife","floor":13,"turns":3},{"damage":38,"enemies":"Slime Boss","floor":16,"turns":3}],"event_choices":[{"event_name":"Golden Idol","player_choice":"Take Wound","floor":3.0,"damage_taken":0.0},{"event_name":"Mushrooms","player_choice":"Healed and dodged fight","floor":14,"damage_taken":0}],"boss_relics":[],"potions_floor_spawned":[1,4],"seed_played":"-6009380639716756611","killed_by":"Slime Boss","ascension_level":15,"is_trial":false}