{"gold_per_floor":[113,133,133,58,69,101,111,144,144,473,473,483,564,596,596,669,669,684,684,320,332,19,19,30,60,86,103,103,153,168,199,199,272,272,283,283,283,294,309,344,23,58,58,89,100,111,111,125,125,125,125,125,125,34,64,64],"floor_reached":57,"playtime":4752,"items_purged":["Strike_R","Strike_R","Strike_R"],"score":2974,"play_id":"2886bd76-c7f7-4eaa-9973-d83105dc38ff","local_time":"20190509232109","is_ascension_mode":true,"campfire_choices":[{"data":"Inflame","floor":11,"key":"SMITH"},{"data":"Feed","floor":15,"key":"SMITH"},{"floor":23,"key":"REST"},{"floor":28,"key":"REST"},{"data":"Demon Form","floor":32,"key":"SMITH"},{"floor":47,"key":"RECALL"},{"data":"Feel No Pain","floor":49,"key":"SMITH"},{"floor":53,"key":"REST"}],"neow_cost":"NONE","seed_source_timestamp":220388247773862,"circlet_count":0,"master_deck":["AscendersBane","Defend_R","Defend_R","Defend_R","Bash","Anger","True Grit","Inflame+1","Twin Strike","Shrug It Off","Offering+1","Feel No Pain+1","Feed+1","Demon Form+1","Dark Shackles+1","Flex+1","Shockwave+1","Shrug It Off+1","Offering+1","Armaments+1","Ghostly Armor+1","Sentinel+1","Uppercut+1","True Grit+1","Impervious+1","Entrench+1","Double Tap+1","Impervious+1","Warcry+1","Forethought+1","Thinking Ahead+1","Finesse+1","Rage+1","Reckless Charge","Flash of Steel","Burning Pact+1","Barricade","Sword Boomerang","Shrug It Off+1","Havoc+1","Entrench+1","Body Slam"],"relics":["Burning Blood","PreservedInsect","Dream Catcher","Boot","Toxic Egg 2","Old Coin","The Courier","Mango","Runic Pyramid","Bronze Scales","DollysMirror","Thread and Needle","Blood Vial","Astrolabe","Red Skull","Pen Nib","Anchor","Meat on the Bone","Turnip","Magic Flower"],"potions_floor_usage":[8,31,33,56,56,56],"damage_taken":[{"damage":9,"enemies":"Jaw Worm","floor":1,"turns":5},{"damage":1,"enemies":"Cultist","floor":2,"turns":3},{"damage":4,"enemies":"2 Louse","floor":5,"turns":3},{"damage":23,"enemies":"3 Sentries","floor":6,"turns":5},{"damage":1,"enemies":"Large Slime","floor":7,"turns":5},{"damage":8,"enemies":"Lagavulin","floor":8,"turns":4},{"damage":15,"enemies":"3 Sentries","floor":10,"turns":6},{"damage":8,"enemies":"Red Slaver","floor":12,"turns":2},{"damage":6,"enemies":"Lagavulin","floor":14,"turns":3},{"damage":32,"enemies":"The Guardian","floor":16,"turns":13},{"damage":29,"enemies":"Shell Parasite","floor":18,"turns":4},{"damage":18,"enemies":"3 Byrds","floor":21,"turns":2},{"damage":11,"enemies":"Snecko","floor":24,"turns":4},{"damage":25,"enemies":"Gremlin Leader","floor":25,"turns":7},{"damage":0,"enemies":"Snake Plant","floor":27,"turns":5},{"damage":7,"enemies":"3 Cultists","floor":30,"turns":5},{"damage":19,"enemies":"Book of Stabbing","floor":31,"turns":5},{"damage":24,"enemies":"Automaton","floor":33,"turns":9},{"damage":12,"enemies":"3 Darklings","floor":35,"turns":9},{"damage":6,"enemies":"3 Shapes","floor":38,"turns":13},{"damage":15,"enemies":"Sphere and 2 Shapes","floor":39,"turns":7},{"damage":1,"enemies":"Nemesis","floor":40,"turns":11},{"damage":13,"enemies":"Reptomancer","floor":42,"turns":7},{"damage":12,"enemies":"Nemesis","floor":44,"turns":7},{"damage":14,"enemies":"3 Darklings","floor":45,"turns":9},{"damage":6,"enemies":"Spire Growth","floor":46,"turns":6},{"damage":0,"enemies":"Sphere and 2 Shapes","floor":48,"turns":13},{"damage":31,"enemies":"Awakened One","floor":50,"turns":11},{"damage":57,"enemies":"Donu and Deca","floor":51,"turns":12},{"damage":46,"enemies":"Shield and Spear","floor":55,"turns":9},{"damage":70,"enemies":"The Heart","floor":56,"turns":9}],"seed_played":"-7399226042282833626","potions_obtained":[{"floor":5,"key":"Poison Potion"},{"floor":7,"key":"Block Potion"},{"floor":8,"key":"GamblersBrew"},{"floor":10,"key":"EntropicBrew"},{"floor":24,"key":"FearPotion"},{"floor":30,"key":"Regen Potion"},{"floor":31,"key":"SkillPotion"},{"floor":40,"key":"Weak Potion"},{"floor":44,"key":"Energy Potion"}],"is_trial":false,"path_per_floor":["M","M","?","$","M","E","M","E","T","E","R","M","T","E","R","B",null,"M","?","$","M","$","R","M","E","T","M","R","?","M","E","R","B",null,"M","?","?","M","M","E","$","E","T","E","M","M","R","M","R","B","B",null,"R","$","E","B",null],"character_chosen":"IRONCLAD","items_purchased":["Dark Shackles+1","Flex+1","Shockwave+1","Bronze Scales","Shrug It Off+1","DollysMirror","Pen Nib","Flash of Steel","Anchor","Entrench+1","Body Slam"],"campfire_rested":3,"item_purchase_floors":[20,20,20,20,22,22,41,41,41,54,54],"current_hp_per_floor":[65,70,70,70,72,55,60,58,58,49,49,47,47,61,61,39,80,61,32,32,20,20,50,49,34,34,46,80,80,85,92,92,80,115,115,105,105,111,108,119,119,118,118,118,116,122,122,134,134,115,82,148,170,170,134,100],"gold":64,"neow_bonus":"RANDOM_COMMON_RELIC","is_prod":false,"is_daily":false,"chose_seed":false,"campfire_upgraded":4,"win_rate":0,"timestamp":1557469269,"path_taken":["M","M","?","?","M","E","M","E","T","E","R","M","?","E","R","BOSS","M","?","$","M","$","R","M","E","T","M","R","?","?","E","R","BOSS","M","?","?","M","M","E","$","E","T","E","M","M","R","M","R","BOSS","BOSS","R","$","E","BOSS"],"build_version":"2019-05-07","purchased_purges":3,"victory":true,"max_hp_per_floor":[75,75,75,75,75,75,75,75,75,75,75,75,75,89,89,93,93,97,102,102,102,102,102,106,110,110,114,114,114,118,122,122,126,126,130,130,130,134,138,142,142,146,146,150,154,158,158,162,162,166,170,170,170,170,174,178],"card_choices":[{"not_picked":["Cleave","Thunderclap"],"picked":"Anger","floor":1},{"not_picked":["Ghostly Armor","Flex"],"picked":"True Grit","floor":2},{"not_picked":["Flex","True Grit"],"picked":"Iron Wave","floor":5},{"not_picked":["Wild Strike","Reckless Charge"],"picked":"Inflame","floor":6},{"not_picked":["Wild Strike","Corruption"],"picked":"Twin Strike","floor":7},{"not_picked":["Wild Strike","Clash"],"picked":"Shrug It Off","floor":8},{"not_picked":["Inflame","Exhume+1"],"picked":"Offering+1","floor":10},{"not_picked":["Heavy Blade","True Grit+1"],"picked":"Feel No Pain","floor":12},{"not_picked":["Anger","Metallicize"],"picked":"Feed","floor":14},{"not_picked":["Berserk","Feed"],"picked":"Demon Form","floor":16},{"not_picked":["Pommel Strike","Dropkick","Evolve"],"picked":"SKIP","floor":18},{"not_picked":["Shockwave+1","Dropkick","Sword Boomerang"],"picked":"SKIP","floor":21},{"not_picked":["Searing Blow","Pommel Strike"],"picked":"Armaments+1","floor":24},{"not_picked":["Anger","Headbutt"],"picked":"Ghostly Armor+1","floor":25},{"not_picked":["Anger","Shrug It Off+1"],"picked":"Sentinel+1","floor":27},{"not_picked":["Double Tap+1","Infernal Blade+1"],"picked":"Uppercut+1","floor":28},{"not_picked":["Cleave","Rupture+1","Thunderclap"],"picked":"SKIP","floor":30},{"not_picked":["Rampage","Twin Strike"],"picked":"True Grit+1","floor":31},{"not_picked":["Barricade","Brutality"],"picked":"Impervious+1","floor":33},{"not_picked":["Cleave","Flex+1"],"picked":"Warcry+1","floor":35},{"not_picked":["Mind Blast","Mayhem"],"picked":"Forethought+1","floor":36},{"not_picked":["Dramatic Entrance","Secret Weapon+1"],"picked":"Thinking Ahead+1","floor":36},{"not_picked":["Mind Blast","Trip+1"],"picked":"Finesse+1","floor":36},{"not_picked":["Ghostly Armor+1","Dual Wield+1","Pummel"],"picked":"SKIP","floor":38},{"not_picked":["Sword Boomerang","Anger+1"],"picked":"Rage+1","floor":39},{"not_picked":["Headbutt","Clash"],"picked":"Reckless Charge","floor":40},{"not_picked":["Searing Blow+1","Power Through+1"],"picked":"Burning Pact+1","floor":42},{"not_picked":["Pummel+1","Clash+1"],"picked":"Barricade","floor":44},{"not_picked":["Combust","Sever Soul"],"picked":"Sword Boomerang","floor":45},{"not_picked":["Sword Boomerang","Battle Trance+1"],"picked":"Shrug It Off+1","floor":46},{"not_picked":["Shrug It Off+1","Carnage"],"picked":"Havoc+1","floor":48},{"not_picked":["Barricade","Flex+1","Sword Boomerang"],"picked":"SKIP","floor":55}],"player_experience":6326209,"relics_obtained":[{"floor":6,"key":"Dream Catcher"},{"floor":8,"key":"Boot"},{"floor":9,"key":"Toxic Egg 2"},{"floor":10,"key":"Old Coin"},{"floor":13,"key":"The Courier"},{"floor":14,"key":"Mango"},{"floor":25,"key":"Thread and Needle"},{"floor":26,"key":"Blood Vial"},{"floor":40,"key":"Red Skull"},{"floor":42,"key":"Meat on the Bone"},{"floor":44,"key":"Turnip"},{"floor":55,"key":"Magic Flower"}],"event_choices":[{"damage_healed":0,"gold_gain":0,"cards_transformed":["Strike_R"],"player_choice":"Transformed","damage_taken":0,"max_hp_gain":0,"max_hp_loss":0,"event_name":"Transmorgrifier","floor":3,"gold_loss":0,"cards_obtained":["Bludgeon"]},{"damage_healed":0,"gold_gain":0,"player_choice":"Shed Blood","damage_taken":34,"max_hp_gain":5,"max_hp_loss":0,"event_name":"Forgotten Altar","floor":19,"gold_loss":0},{"damage_healed":0,"gold_gain":50,"player_choice":"Pray","damage_taken":0,"max_hp_gain":0,"max_hp_loss":0,"event_name":"Golden Shrine","floor":29,"gold_loss":0},{"damage_healed":0,"gold_gain":0,"player_choice":"Memory 3","damage_taken":10,"max_hp_gain":0,"max_hp_loss":0,"event_name":"SensoryStone","floor":36,"gold_loss":0},{"cards_removed":["Iron Wave"],"damage_healed":0,"gold_gain":0,"player_choice":"Removed Attack","damage_taken":0,"max_hp_gain":0,"max_hp_loss":0,"event_name":"Falling","floor":37,"gold_loss":0}],"is_beta":true,"boss_relics":[{"not_picked":["Black Blood","Runic Cube"],"picked":"Runic Pyramid"},{"not_picked":["Snecko Eye","Lizard Tail"],"picked":"Astrolabe"}],"items_purged_floors":[4,20,22],"is_endless":false,"potions_floor_spawned":[5,7,8,10,16,21,24,30,31,40,44],"ascension_level":20}