{"gold_per_floor":[119,139,139,119,136,136,168,168,246,277,277,295,31,131,131,131],"floor_reached":16,"playtime":461,"items_purged":[],"score":216,"play_id":"032a9610-d1d8-4280-b16c-d80ab18a8385","local_time":"20190429000813","is_ascension_mode":true,"campfire_choices":[{"data":"Dagger Spray","floor":6,"key":"SMITH"},{"data":"Masterful Stab","floor":8,"key":"SMITH"},{"data":"Footwork","floor":15,"key":"SMITH"}],"neow_cost":"NONE","seed_source_timestamp":540616753141280,"circlet_count":0,"master_deck":["AscendersBane","Defend_G","Defend_G","Defend_G","Defend_G","Defend_G","Strike_G","Strike_G","Strike_G","Strike_G","Strike_G","Survivor","Neutralize+1","Footwork+1","Dagger Spray+1","Masterful Stab+1","Deadly Poison","Leg Sweep","Caltrops","Noxious Fumes"],"relics":["Ring of the Snake","NeowsBlessing","Matryoshka","Blue Candle","The Courier","Mercury Hourglass","Potion Belt","TwistedFunnel"],"potions_floor_usage":[10,16],"damage_taken":[{"damage":0,"enemies":"Cultist","floor":1,"turns":1},{"damage":0,"enemies":"Jaw Worm","floor":2,"turns":1},{"damage":0,"enemies":"Small Slimes","floor":5,"turns":1},{"damage":18,"enemies":"3 Sentries","floor":7,"turns":7},{"damage":23,"enemies":"Lagavulin","floor":10,"turns":7},{"damage":0,"enemies":"Looter","floor":12,"turns":2},{"damage":29,"enemies":"Slime Boss","floor":16,"turns":7}],"seed_played":"-704995560934956207","potions_obtained":[{"floor":1,"key":"Ancient Potion"},{"floor":4,"key":"SmokeBomb"},{"floor":5,"key":"Weak Potion"},{"floor":7,"key":"Swift Potion"}],"is_trial":false,"path_per_floor":["M","M","T","?","M","R","E","R","T","E","?","M","$","?","R","B"],"character_chosen":"THE_SILENT","items_purchased":["TwistedFunnel","Caltrops","Noxious Fumes"],"campfire_rested":0,"item_purchase_floors":[13,13,13],"current_hp_per_floor":[59,59,59,59,59,59,41,41,41,18,18,18,18,18,18,0],"gold":131,"neow_bonus":"THREE_ENEMY_KILL","is_prod":false,"is_daily":false,"chose_seed":false,"campfire_upgraded":3,"win_rate":0,"timestamp":1556510893,"path_taken":["M","M","?","?","?","R","E","R","T","E","?","M","$","?","R","BOSS"],"build_version":"2019-01-23","purchased_purges":0,"victory":false,"max_hp_per_floor":[66,66,66,66,66,66,66,66,66,66,66,66,66,66,66,66],"card_choices":[{"not_picked":["Riddle With Holes","PiercingWail"],"picked":"Footwork","floor":1},{"not_picked":["Leg Sweep","Accuracy"],"picked":"Dagger Spray","floor":2},{"not_picked":["Cloak And Dagger","Riddle With Holes"],"picked":"Masterful Stab","floor":5},{"not_picked":["Distraction","Bane"],"picked":"Deadly Poison","floor":7},{"not_picked":["Concentrate","Blade Dance","Prepared"],"picked":"SKIP","floor":10},{"not_picked":["Choke","Deadly Poison"],"picked":"Leg Sweep","floor":12}],"player_experience":2068632,"relics_obtained":[{"floor":3,"key":"Matryoshka"},{"floor":7,"key":"Blue Candle"},{"floor":9,"key":"The Courier"},{"floor":9,"key":"Mercury Hourglass"},{"floor":10,"key":"Potion Belt"}],"event_choices":[{"damage_healed":0,"gold_gain":0,"player_choice":"Bought 1 Potion","damage_taken":0,"max_hp_gain":0,"max_hp_loss":0,"event_name":"The Woman in Blue","floor":4,"gold_loss":0},{"damage_healed":0,"gold_gain":0,"player_choice":"Grow","damage_taken":0,"max_hp_gain":0,"max_hp_loss":0,"event_name":"Living Wall","floor":11,"gold_loss":0,"cards_upgraded":["Neutralize"]},{"damage_healed":0,"gold_gain":100,"player_choice":"Gold","damage_taken":0,"max_hp_gain":0,"max_hp_loss":0,"event_name":"Wheel of Change","floor":14,"gold_loss":0}],"is_beta":false,"boss_relics":[],"items_purged_floors":[],"is_endless":false,"potions_floor_spawned":[1,5,7],"killed_by":"Slime Boss","ascension_level":20}