{"gold_per_floor":[109,109,121,36,51,86,86,161,161,190,190,33,33,44,44,44],"floor_reached":16,"playtime":489,"items_purged":[],"score":216,"play_id":"ac758145-aea0-4472-ae5d-92b1d8647065","local_time":"20190415230310","is_ascension_mode":true,"campfire_choices":[{"data":"Armaments","floor":7,"key":"SMITH"},{"data":"Bash","floor":11,"key":"SMITH"},{"data":"Clothesline","floor":13,"key":"SMITH"},{"data":"Carnage","floor":15,"key":"SMITH"}],"neow_cost":"NONE","seed_source_timestamp":362281052059196,"circlet_count":0,"master_deck":["AscendersBane","Strike_R","Strike_R","Strike_R","Strike_R","Defend_R","Defend_R","Defend_R","Defend_R","Bash+1","Infernal Blade","Shrug It Off","Carnage+1","Armaments+1","Limit Break","Clothesline+1","Heavy Blade"],"relics":["Burning Blood","Paper Frog","Mercury Hourglass","Blood Vial","Omamori"],"potions_floor_usage":[6,10,16],"damage_taken":[{"damage":6,"enemies":"2 Louse","floor":1,"turns":3},{"damage":4,"enemies":"Jaw Worm","floor":3,"turns":4},{"damage":0,"enemies":"Small Slimes","floor":5,"turns":2},{"damage":36,"enemies":"Gremlin Nob","floor":6,"turns":4},{"damage":24,"enemies":"3 Sentries","floor":10,"turns":5},{"damage":7,"enemies":"Red Slaver","floor":14,"turns":3},{"damage":30,"enemies":"The Guardian","floor":16,"turns":9}],"seed_played":"-9160764840289391133","potions_obtained":[{"floor":3,"key":"FearPotion"},{"floor":6,"key":"BloodPotion"},{"floor":10,"key":"Block Potion"}],"is_trial":false,"path_per_floor":["M","?","M","$","M","E","R","?","T","E","R","$","R","M","R","B"],"character_chosen":"IRONCLAD","items_purchased":["Carnage","Omamori"],"campfire_rested":0,"item_purchase_floors":[4,12],"current_hp_per_floor":[75,68,70,70,76,46,46,35,35,25,25,25,25,26,26,0],"gold":44,"neow_bonus":"TEN_PERCENT_HP_BONUS","is_prod":false,"is_daily":false,"chose_seed":false,"campfire_upgraded":4,"win_rate":0,"timestamp":1555383790,"path_taken":["M","?","M","$","M","E","R","?","T","E","R","?","R","M","R","BOSS"],"build_version":"2019-01-23","purchased_purges":0,"victory":false,"max_hp_per_floor":[82,82,82,82,82,82,82,82,82,82,82,82,82,82,82,82],"card_choices":[{"not_picked":["Sword Boomerang","Flex"],"picked":"Infernal Blade","floor":1},{"not_picked":["Perfected Strike","Combust"],"picked":"Shrug It Off","floor":3},{"not_picked":["Entrench","Sword Boomerang"],"picked":"Armaments","floor":5},{"not_picked":["Pommel Strike","Battle Trance"],"picked":"Limit Break","floor":6},{"not_picked":["Anger","Reckless Charge"],"picked":"Clothesline","floor":10},{"not_picked":["Rage","Blood for Blood"],"picked":"Heavy Blade","floor":14}],"player_experience":1844058,"relics_obtained":[{"floor":6,"key":"Paper Frog"},{"floor":9,"key":"Mercury Hourglass"},{"floor":10,"key":"Blood Vial"}],"event_choices":[{"cards_removed":["Strike_R"],"damage_healed":0,"gold_gain":0,"player_choice":"Card Removal","damage_taken":7,"max_hp_gain":0,"max_hp_loss":0,"event_name":"Golden Wing","floor":2,"gold_loss":0},{"damage_healed":0,"gold_gain":75,"player_choice":"Gather Gold","damage_taken":11,"max_hp_gain":0,"max_hp_loss":0,"event_name":"World of Goop","floor":8,"gold_loss":0}],"is_beta":false,"boss_relics":[],"items_purged_floors":[],"is_endless":false,"potions_floor_spawned":[3,6,10],"killed_by":"The Guardian","ascension_level":20}