{"gold_per_floor":[364,364,364,44,61,61,74,74,74,74,109,125,139,169,169,242,242,255,271,290,309,320,320,349,349,349,393,405,417,429,67,67,140,140,154,154,164,183,183],"floor_reached":39,"playtime":4701,"items_purged":["Strike_G","Strike_G"],"score":862,"play_id":"954bbbb1-ff96-4832-babe-8c7840e89ffb","local_time":"20181103122214","is_ascension_mode":true,"campfire_choices":[{"data":"Neutralize","floor":6.0,"key":"SMITH"},{"data":"Footwork","floor":8.0,"key":"SMITH"},{"floor":10.0,"key":"REST"},{"floor":15.0,"key":"REST"},{"floor":23,"key":"REST"},{"floor":25,"key":"REST"},{"floor":32,"key":"REST"}],"neow_cost":"PERCENT_DAMAGE","seed_source_timestamp":1162480116666067,"circlet_count":0,"master_deck":["AscendersBane","Defend_G","Defend_G","Defend_G","Defend_G","Defend_G","Strike_G+1","Strike_G+1","Survivor","Neutralize+1","Backflip","Infinite Blades","Poisoned Stab","Finesse","Footwork+1","Backflip","Dagger Throw","Well Laid Plans","After Image","Dodge and Roll","Dagger Spray","Footwork+1","Backflip","After Image","After Image","Sucker Punch","Deadly Poison"],"special_seed":0,"relics":["Ring of the Snake","Bottled Flame","Whetstone","Vajra","Busted Crown","Ancient Tea Set","MawBank","Nunchaku","DollysMirror","Philosopher\u0027s Stone"],"potions_floor_usage":[21,24,33,33,35],"damage_taken":[{"damage":8.0,"enemies":"Cultist","floor":1.0,"turns":5.0},{"damage":1.0,"enemies":"2 Louse","floor":5.0,"turns":4.0},{"damage":0.0,"enemies":"Jaw Worm","floor":7.0,"turns":5.0},{"damage":24.0,"enemies":"Gremlin Nob","floor":11.0,"turns":6.0},{"damage":0.0,"enemies":"2 Fungi Beasts","floor":12.0,"turns":5.0},{"damage":1.0,"enemies":"3 Louse","floor":13.0,"turns":4.0},{"damage":5.0,"enemies":"3 Sentries","floor":14.0,"turns":7.0},{"damage":37.0,"enemies":"Slime Boss","floor":16.0,"turns":16.0},{"damage":3.0,"enemies":"2 Thieves","floor":18.0,"turns":4.0},{"damage":0.0,"enemies":"Spheric Guardian","floor":19.0,"turns":6.0},{"damage":11.0,"enemies":"3 Cultists","floor":20.0,"turns":7.0},{"damage":0,"enemies":"Chosen and Byrds","floor":21,"turns":8},{"damage":3,"enemies":"Shelled Parasite and Fungi","floor":22,"turns":6},{"damage":27,"enemies":"Slavers","floor":24,"turns":9},{"damage":4,"enemies":"Book of Stabbing","floor":27,"turns":8},{"damage":36,"enemies":"Champ","floor":33,"turns":28},{"damage":32,"enemies":"3 Darklings","floor":35,"turns":8},{"damage":6,"enemies":"3 Shapes","floor":37,"turns":8},{"damage":6,"enemies":"Transient","floor":38,"turns":6},{"damage":15,"enemies":"Maw","floor":39,"turns":10}],"seed_played":"5392425703480062206","potions_obtained":[{"floor":7.0,"key":"GhostInAJar"},{"floor":11.0,"key":"Ancient Potion"},{"floor":12.0,"key":"Strength Potion"},{"floor":14.0,"key":"GhostInAJar"},{"floor":16.0,"key":"Fire Potion"},{"floor":20.0,"key":"SkillPotion"},{"floor":24,"key":"GhostInAJar"},{"floor":27,"key":"Fire Potion"},{"floor":33,"key":"Swift Potion"}],"is_trial":false,"path_per_floor":["M","?","?","$","M","R","M","R","T","R","E","M","M","E","R","B",null,"M","M","M","M","M","R","E","R","T","E","?","?","?","$","R","B",null,"M","?","M","M","M"],"character_chosen":"THE_SILENT","items_purchased":["Infinite Blades","Poisoned Stab","Finesse","DollysMirror","Sucker Punch"],"campfire_rested":5,"item_purchase_floors":[4,4,4,31,31],"current_hp_per_floor":[36,36,36,36,35,35,35,35,35,54,30,30,29,24,43,6,51,48,48,37,37,34,53,26,45,45,41,41,41,41,41,60,24,56,24,24,18,12,0],"gold":183,"neow_bonus":"TWO_FIFTY_GOLD","is_prod":false,"is_daily":false,"chose_seed":false,"campfire_upgraded":2,"win_rate":0,"timestamp":1541272934,"path_taken":["M","?","?","$","M","R","M","R","T","R","E","M","M","E","R","BOSS","M","M","?","M","M","R","E","R","T","E","?","?","?","$","R","BOSS","M","?","?","M","?"],"build_version":"2018-11-02","purchased_purges":2,"victory":false,"max_hp_per_floor":[66,66,66,66,66,66,66,66,66,66,66,66,66,66,66,66,66,66,66,66,66,66,66,66,66,66,66,66,66,66,66,66,66,66,66,66,66,66,66],"card_choices":[{"not_picked":["Dodge and Roll","Eviscerate"],"picked":"Backflip","floor":1.0},{"not_picked":["Acrobatics","Slice"],"picked":"Footwork","floor":5.0},{"not_picked":["Bane","Caltrops"],"picked":"Backflip","floor":7.0},{"not_picked":["Poisoned Stab","Blade Dance"],"picked":"Dagger Throw","floor":11.0},{"not_picked":["Quick Slash","Finisher","Acrobatics"],"picked":"SKIP","floor":12.0},{"not_picked":["Infinite Blades","Prepared"],"picked":"Well Laid Plans","floor":13.0},{"not_picked":["Concentrate","Flechettes","Storm of Steel"],"picked":"SKIP","floor":14.0},{"not_picked":["Malaise","Adrenaline"],"picked":"After Image","floor":16.0},{"not_picked":[],"picked":"Dodge and Roll","floor":18.0},{"not_picked":["Prepared"],"picked":"SKIP","floor":19.0},{"not_picked":["Outmaneuver"],"picked":"SKIP","floor":20.0},{"not_picked":[],"picked":"Dagger Spray","floor":21},{"not_picked":[],"picked":"Footwork+1","floor":22},{"not_picked":["Skewer"],"picked":"SKIP","floor":24},{"not_picked":[],"picked":"Backflip","floor":27},{"not_picked":[],"picked":"Deadly Poison","floor":35},{"not_picked":["Terror"],"picked":"SKIP","floor":37},{"not_picked":["Poisoned Stab"],"picked":"SKIP","floor":38}],"player_experience":954987,"relics_obtained":[{"floor":9.0,"key":"Bottled Flame"},{"floor":11.0,"key":"Whetstone"},{"floor":14.0,"key":"Vajra"},{"floor":24,"key":"Ancient Tea Set"},{"floor":26,"key":"MawBank"},{"floor":27,"key":"Nunchaku"}],"event_choices":[{"damage_healed":0.0,"max_hp_gain":0.0,"max_hp_loss":0.0,"gold_gain":0.0,"event_name":"Liars Game","player_choice":"Ignored","floor":2.0,"gold_loss":0.0,"damage_taken":0.0},{"cards_removed":["Strike_G"],"damage_healed":0.0,"max_hp_gain":0.0,"max_hp_loss":0.0,"gold_gain":0.0,"event_name":"Purifier","player_choice":"Purged","floor":3.0,"gold_loss":0.0,"damage_taken":0.0},{"damage_healed":0,"gold_gain":0,"player_choice":"Ignored","damage_taken":0,"max_hp_gain":0,"max_hp_loss":0,"event_name":"Ghosts","floor":28,"gold_loss":0},{"damage_healed":0,"gold_gain":0,"player_choice":"Ignored","damage_taken":0,"max_hp_gain":0,"max_hp_loss":0,"event_name":"Vampires","floor":29,"gold_loss":0},{"damage_healed":0,"gold_gain":0,"player_choice":"Copied","damage_taken":0,"max_hp_gain":0,"max_hp_loss":0,"event_name":"Duplicator","floor":30,"gold_loss":0,"cards_obtained":["After Image"]},{"damage_healed":0,"gold_gain":0,"player_choice":"Ignored","damage_taken":0,"max_hp_gain":0,"max_hp_loss":0,"event_name":"SecretPortal","floor":36,"gold_loss":0}],"is_beta":true,"boss_relics":[{"not_picked":["Coffee Dripper","Runic Dome"],"picked":"Busted Crown"},{"not_picked":["Snecko Eye","Velvet Choker"],"picked":"Philosopher\u0027s Stone"}],"items_purged_floors":[4,31],"is_endless":false,"potions_floor_spawned":[7,11,12,14,16,20,24,27,33],"killed_by":"Maw","ascension_level":20}