{"gold_per_floor":[109,184,359,15,27,27,27,55,55,82,82,100,133,153,153,248,248,268,268,20,20,33,59,59,59,59,88,88,13,25,25,25,127,127,143,26,37,47,63,63,63,63,145,161,195,195,195],"floor_reached":47,"playtime":7523,"items_purged":["Defend_R","Strike_R","Rupture"],"score":564,"play_id":"3481b859-3dde-4755-b2bb-2b08bd514142","local_time":"20190402182707","is_ascension_mode":false,"campfire_choices":[{"floor":7.0,"key":"REST"},{"data":"Metallicize","floor":11.0,"key":"SMITH"},{"data":"Infernal Blade","floor":15.0,"key":"SMITH"},{"floor":25.0,"key":"REST"},{"floor":28.0,"key":"REST"},{"data":"Armaments","floor":32.0,"key":"SMITH"},{"floor":40,"key":"REST"},{"data":"Barricade","floor":42,"key":"SMITH"}],"neow_cost":"NONE","seed_source_timestamp":0,"circlet_count":0,"master_deck":["Strike_R+1","Defend_R","Defend_R","Iron Wave","Metallicize+1","Flash of Steel","Carnage","Armaments+1","Body Slam","Inflame","Infernal Blade+1","Shrug It Off","Berserk","Metallicize+1","Armaments+1","Inflame","True Grit+1","Flame Barrier+1","Heavy Blade","Rage","Barricade+1","Metallicize+1","Burning Pact","Ghostly Armor","Entrench","True Grit+1","Power Through","Hemokinesis","Regret","True Grit+1","Body Slam"],"special_seed":0,"relics":["Burning Blood","Membership Card","Odd Mushroom","Vajra","Potion Belt","Happy Flower","Empty Cage","Question Card","MutagenicStrength","Gremlin Horn","Regal Pillow","Darkstone Periapt","CultistMask","Cursed Key","Shuriken","Pear"],"potions_floor_usage":[33],"damage_taken":[{"damage":19.0,"enemies":"Jaw Worm","floor":1.0,"turns":4.0},{"damage":0.0,"enemies":"Small Slimes","floor":5.0,"turns":5.0},{"damage":13.0,"enemies":"The Mushroom Lair","floor":8.0,"turns":6.0},{"damage":0.0,"enemies":"2 Louse","floor":12.0,"turns":3.0},{"damage":13.0,"enemies":"3 Sentries","floor":13.0,"turns":8.0},{"damage":0.0,"enemies":"Large Slime","floor":14.0,"turns":5.0},{"damage":24.0,"enemies":"Slime Boss","floor":16.0,"turns":12.0},{"damage":8.0,"enemies":"Shell Parasite","floor":18.0,"turns":5.0},{"damage":6.0,"enemies":"Chosen","floor":22.0,"turns":5.0},{"damage":44.0,"enemies":"Book of Stabbing","floor":23.0,"turns":7.0},{"damage":36.0,"enemies":"Slavers","floor":27.0,"turns":8.0},{"damage":5.0,"enemies":"Sentry and Sphere","floor":30.0,"turns":4.0},{"damage":71,"enemies":"Automaton","floor":33,"turns":13},{"damage":0,"enemies":"3 Shapes","floor":35,"turns":6},{"damage":21,"enemies":"Orb Walker","floor":37,"turns":3},{"damage":30,"enemies":"Spire Growth","floor":38,"turns":6},{"damage":12,"enemies":"Sphere and 2 Shapes","floor":39,"turns":6},{"damage":3,"enemies":"Writhing Mass","floor":44,"turns":8},{"damage":23,"enemies":"Nemesis","floor":45,"turns":11},{"damage":77,"enemies":"2 Orb Walkers","floor":47,"turns":6}],"seed_played":"-4496869044662584072","potions_obtained":[{"floor":12.0,"key":"Swift Potion"},{"floor":13.0,"key":"AttackPotion"},{"floor":33,"key":"BloodPotion"},{"floor":37,"key":"Explosive Potion"},{"floor":38,"key":"SkillPotion"},{"floor":45,"key":"SpeedPotion"}],"is_trial":false,"path_per_floor":["M","?","?","$","M","?","R","?","T","T","R","M","E","M","R","B",null,"M","?","$","?","M","E","?","R","T","E","R","?","M","?","R","B",null,"M","$","M","M","M","R","?","R","T","M","E","?","?"],"character_chosen":"IRONCLAD","items_purchased":["Membership Card","Metallicize","Flash of Steel","Carnage","Question Card","Armaments","Inflame","Burning Pact","Ghostly Armor"],"campfire_rested":4,"item_purchase_floors":[4,4,4,4,20,20,20,36,36],"current_hp_per_floor":[67,56,56,56,62,46,70,63,63,63,63,69,62,68,68,50,80,78,78,78,78,78,40,40,64,64,34,73,73,74,74,74,9,80,80,80,65,41,35,74,74,74,80,83,76,76,0],"gold":195,"neow_bonus":"TRANSFORM_CARD","is_prod":false,"is_daily":false,"chose_seed":false,"campfire_upgraded":4,"win_rate":0.0,"timestamp":1554226027,"path_taken":["M","?","?","$","M","?","R","?","T","?","R","M","E","M","R","BOSS","M","?","$","?","M","E","?","R","T","E","R","?","?","?","R","BOSS","M","$","M","?","M","R","?","R","T","?","E","?","?"],"build_version":"2019-01-23","purchased_purges":3,"victory":false,"max_hp_per_floor":[80,80,80,80,80,80,80,80,80,80,80,80,80,80,80,80,80,80,80,80,80,80,80,80,80,80,80,80,80,80,80,80,80,80,80,80,80,80,80,80,80,80,86,86,96,96,96],"card_choices":[{"not_picked":["Sword Boomerang","Ghostly Armor"],"picked":"Iron Wave","floor":1.0},{"not_picked":["Limit Break","Pommel Strike"],"picked":"Armaments","floor":5.0},{"not_picked":["Clash","Iron Wave"],"picked":"Body Slam","floor":8.0},{"not_picked":["Cleave","Clash"],"picked":"Inflame","floor":12.0},{"not_picked":["Cleave","Clash"],"picked":"Infernal Blade","floor":13.0},{"not_picked":["Pummel","Shockwave"],"picked":"Shrug It Off","floor":14.0},{"not_picked":["Impervious","Bludgeon"],"picked":"Berserk","floor":16.0},{"not_picked":["Flame Barrier","Thunderclap+1"],"picked":"Metallicize+1","floor":18.0},{"not_picked":["Pommel Strike","Twin Strike","Sword Boomerang"],"picked":"True Grit+1","floor":22.0},{"not_picked":["Shockwave+1","Armaments","Headbutt"],"picked":"Flame Barrier+1","floor":23.0},{"not_picked":["Feed","Spot Weakness","Pummel+1"],"picked":"Heavy Blade","floor":27.0},{"not_picked":["Anger","Sword Boomerang","Perfected Strike"],"picked":"Rage","floor":30.0},{"not_picked":["Impervious","Juggernaut","Demon Form"],"picked":"Barricade","floor":33},{"not_picked":["Heavy Blade","Battle Trance","Warcry+1"],"picked":"Metallicize+1","floor":35},{"not_picked":["Shrug It Off","Armaments+1","Shockwave+1"],"picked":"Entrench","floor":37},{"not_picked":["Perfected Strike","Clothesline","Second Wind"],"picked":"True Grit+1","floor":38},{"not_picked":["True Grit","Iron Wave","Flex"],"picked":"Power Through","floor":39},{"not_picked":["Second Wind","Searing Blow","Limit Break"],"picked":"True Grit+1","floor":44},{"not_picked":["Seeing Red+1","Shrug It Off+1","Twin Strike+1"],"picked":"Body Slam","floor":45}],"player_experience":5201,"relics_obtained":[{"floor":8.0,"key":"Odd Mushroom"},{"floor":9.0,"key":"Vajra"},{"floor":10.0,"key":"Potion Belt"},{"floor":13.0,"key":"Happy Flower"},{"floor":23.0,"key":"Gremlin Horn"},{"floor":26.0,"key":"Regal Pillow"},{"floor":27.0,"key":"Darkstone Periapt"},{"floor":43,"key":"Shuriken"},{"floor":45,"key":"Pear"}],"event_choices":[{"damage_healed":0.0,"max_hp_gain":0.0,"max_hp_loss":0.0,"gold_gain":75.0,"event_name":"World of Goop","player_choice":"Gather Gold","floor":2.0,"gold_loss":0.0,"damage_taken":11.0},{"damage_healed":0.0,"max_hp_gain":0.0,"max_hp_loss":0.0,"gold_gain":175.0,"event_name":"Liars Game","player_choice":"AGREE","floor":3.0,"gold_loss":0.0,"damage_taken":0.0,"cards_obtained":["Doubt"]},{"damage_healed":0.0,"max_hp_gain":0.0,"max_hp_loss":0.0,"gold_gain":0.0,"event_name":"Shining Light","player_choice":"Entered Light","floor":6.0,"gold_loss":0.0,"damage_taken":16.0,"cards_upgraded":["Strike_R","Armaments"]},{"damage_healed":0.0,"max_hp_gain":0.0,"max_hp_loss":0.0,"gold_gain":0.0,"event_name":"Mushrooms","player_choice":"Fought Mushrooms","floor":8.0,"gold_loss":0.0,"damage_taken":0.0},{"cards_removed":["Strike_R"],"damage_healed":0.0,"max_hp_gain":0.0,"max_hp_loss":0.0,"gold_gain":0.0,"event_name":"Back to Basics","player_choice":"Elegance","floor":19.0,"gold_loss":0.0,"damage_taken":0.0},{"damage_healed":0.0,"max_hp_gain":0.0,"max_hp_loss":0.0,"gold_gain":0.0,"event_name":"Drug Dealer","player_choice":"Inject Mutagens","floor":21.0,"gold_loss":0.0,"damage_taken":0.0,"relics_obtained":["MutagenicStrength"]},{"damage_healed":0.0,"max_hp_gain":0.0,"max_hp_loss":0.0,"gold_gain":0.0,"event_name":"Vampires","player_choice":"Ignored","floor":24.0,"gold_loss":0.0,"damage_taken":0.0},{"cards_removed":["Defend_R"],"damage_healed":0.0,"max_hp_gain":0.0,"max_hp_loss":0.0,"gold_gain":0.0,"event_name":"Beggar","player_choice":"Gave Gold","floor":29.0,"gold_loss":75.0,"damage_taken":0.0},{"damage_healed":0.0,"max_hp_gain":0.0,"max_hp_loss":0.0,"gold_gain":0.0,"event_name":"FaceTrader","player_choice":"Trade","floor":31.0,"gold_loss":0.0,"damage_taken":0.0,"relics_obtained":["CultistMask"]},{"damage_healed":0,"gold_gain":0,"cards_transformed":["Bash"],"player_choice":"Transformed","damage_taken":0,"max_hp_gain":0,"max_hp_loss":0,"event_name":"Transmorgrifier","floor":41,"gold_loss":0,"cards_obtained":["Hemokinesis"]},{"damage_healed":0,"gold_gain":0,"player_choice":"Ignored","damage_taken":0,"max_hp_gain":0,"max_hp_loss":0,"event_name":"Tomb of Lord Red Mask","floor":46,"gold_loss":0},{"damage_healed":0,"gold_gain":0,"player_choice":"Fight","damage_taken":0,"max_hp_gain":0,"max_hp_loss":0,"event_name":"Mysterious Sphere","floor":47,"gold_loss":0}],"is_beta":false,"boss_relics":[{"not_picked":["Busted Crown","Sozu"],"picked":"Empty Cage"},{"not_picked":["Black Star","Orrery"],"picked":"Cursed Key"}],"items_purged_floors":[4,20,36],"is_endless":false,"potions_floor_spawned":[12,13,33,37,38,45],"killed_by":"2 Orb Walkers","ascension_level":0}