{"gold_per_floor":[116,116,41,41,61,61,77,94,164,8,8,37,56,131,131,207,207,220,220,220,220,236,236,236],"floor_reached":24,"playtime":1149,"items_purged":["Normality","Normality"],"score":388,"play_id":"20de3f75-0d08-4442-9c9e-eb3aaa6938ca","local_time":"20190412225107","is_ascension_mode":true,"campfire_choices":[{"data":"Bouncing Flask","floor":6,"key":"SMITH"},{"data":"Dash","floor":11,"key":"SMITH"},{"data":"Blur","floor":15,"key":"SMITH"},{"data":"After Image","floor":23,"key":"SMITH"}],"neow_cost":"NONE","seed_source_timestamp":101675627277119,"circlet_count":0,"master_deck":["AscendersBane","Defend_G","Defend_G","Defend_G","Defend_G","Defend_G","Strike_G","Strike_G","Strike_G","Strike_G","Strike_G","Survivor","Neutralize+1","Clumsy","Bouncing Flask+1","Dodge and Roll","Acrobatics","Dash+1","Blur+1","Terror","After Image+1","Footwork"],"relics":["Calling Bell","Happy Flower","Letter Opener","Turnip","Oddly Smooth Stone","Busted Crown"],"potions_floor_usage":[8,12,16,22],"damage_taken":[{"damage":0,"enemies":"Small Slimes","floor":1,"turns":4},{"damage":0,"enemies":"2 Louse","floor":5,"turns":2},{"damage":0,"enemies":"Cultist","floor":7,"turns":5},{"damage":6,"enemies":"2 Fungi Beasts","floor":8,"turns":6},{"damage":25,"enemies":"3 Sentries","floor":12,"turns":12},{"damage":0,"enemies":"Red Slaver","floor":13,"turns":4},{"damage":9,"enemies":"Hexaghost","floor":16,"turns":9},{"damage":0,"enemies":"Spheric Guardian","floor":18,"turns":6},{"damage":0,"enemies":"Shell Parasite","floor":22,"turns":6},{"damage":65,"enemies":"Gremlin Leader","floor":24,"turns":4}],"seed_played":"-8669930075583206587","potions_obtained":[{"floor":1,"key":"Regen Potion"},{"floor":7,"key":"Dexterity Potion"},{"floor":13,"key":"AttackPotion"},{"floor":20,"key":"Energy Potion"}],"is_trial":false,"path_per_floor":["M","?","$","?","M","R","M","M","T","$","R","E","M","?","R","B",null,"M","?","?","$","M","R","E"],"character_chosen":"THE_SILENT","items_purchased":["Poison Potion"],"campfire_rested":0,"item_purchase_floors":[10],"current_hp_per_floor":[59,64,64,64,64,64,64,58,58,58,58,48,48,37,37,28,60,60,60,60,60,60,60,0],"gold":236,"neow_bonus":"BOSS_RELIC","is_prod":false,"is_daily":false,"chose_seed":false,"campfire_upgraded":4,"win_rate":0,"timestamp":1555123867,"path_taken":["M","?","$","?","M","R","?","M","T","$","R","E","M","?","R","BOSS","M","?","?","$","?","R","E"],"build_version":"2019-01-23","purchased_purges":2,"victory":false,"max_hp_per_floor":[66,71,71,71,71,71,71,71,71,71,71,71,71,71,71,71,71,71,71,71,71,71,71,71],"card_choices":[{"not_picked":["Dagger Throw","Sucker Punch"],"picked":"Bouncing Flask","floor":1},{"not_picked":["Poisoned Stab","Dagger Spray"],"picked":"Dodge and Roll","floor":5},{"not_picked":["Flechettes","Setup"],"picked":"Acrobatics","floor":7},{"not_picked":["Flying Knee","Bane"],"picked":"Dash","floor":8},{"not_picked":["Night Terror","Heel Hook"],"picked":"Blur","floor":12},{"not_picked":["Masterful Stab","Underhanded Strike"],"picked":"Terror","floor":13},{"not_picked":["Wraith Form v2","Envenom"],"picked":"After Image","floor":16},{"not_picked":["Tactician"],"picked":"SKIP","floor":18},{"not_picked":[],"picked":"Footwork","floor":22}],"player_experience":1829642,"relics_obtained":[{"floor":0,"key":"Happy Flower"},{"floor":0,"key":"Letter Opener"},{"floor":0,"key":"Turnip"},{"floor":12,"key":"Oddly Smooth Stone"}],"event_choices":[{"damage_healed":0,"gold_gain":0,"player_choice":"Donut","damage_taken":0,"max_hp_gain":5,"max_hp_loss":0,"event_name":"Big Fish","floor":2,"gold_loss":0},{"damage_healed":0,"gold_gain":0,"player_choice":"Upgraded","damage_taken":0,"max_hp_gain":0,"max_hp_loss":0,"event_name":"Upgrade Shrine","floor":4,"gold_loss":0,"cards_upgraded":["Neutralize"]},{"damage_healed":0,"gold_gain":75,"player_choice":"Gather Gold","damage_taken":11,"max_hp_gain":0,"max_hp_loss":0,"event_name":"World of Goop","floor":14,"gold_loss":0},{"damage_healed":0,"gold_gain":0,"player_choice":"Ignored","damage_taken":0,"max_hp_gain":0,"max_hp_loss":0,"event_name":"Ghosts","floor":19,"gold_loss":0},{"damage_healed":0,"gold_gain":0,"player_choice":"Got Potions","damage_taken":0,"max_hp_gain":0,"max_hp_loss":0,"event_name":"Lab","floor":20,"gold_loss":0}],"is_beta":false,"boss_relics":[{"not_picked":["Pandora\u0027s Box","Coffee Dripper"],"picked":"Busted Crown"}],"items_purged_floors":[3,10],"is_endless":false,"potions_floor_spawned":[1,7,13],"killed_by":"Gremlin Leader","ascension_level":20}