{"gold_per_floor":[111,25,25,39,189,216,228,228,228,228,262,273,273,308,308,308],"floor_reached":16,"playtime":619,"items_purged":[],"score":286,"play_id":"d46a2cce-ad62-473b-b36c-81f59d6ba759","local_time":"20190407132223","is_ascension_mode":true,"campfire_choices":[{"data":"Wild Strike","floor":8,"key":"SMITH"},{"data":"Bash","floor":13,"key":"SMITH"},{"data":"True Grit","floor":15,"key":"SMITH"}],"neow_cost":"NONE","seed_source_timestamp":529675594994968,"circlet_count":0,"master_deck":["AscendersBane","Strike_R","Strike_R","Strike_R","Strike_R","Strike_R","Defend_R","Defend_R","Defend_R","Defend_R","Bash+1","Wild Strike+1","Evolve","Rampage","Doubt","Metallicize","True Grit+1","Shrug It Off","Metallicize","Thunderclap+1"],"relics":["Burning Blood","NeowsBlessing","Shuriken","Kunai","Molten Egg 2","Pen Nib","Champion Belt"],"potions_floor_usage":[11,11,14,16],"damage_taken":[{"damage":0,"enemies":"Jaw Worm","floor":1,"turns":1},{"damage":0,"enemies":"Small Slimes","floor":4,"turns":1},{"damage":0,"enemies":"3 Sentries","floor":6,"turns":1},{"damage":3,"enemies":"2 Louse","floor":7,"turns":3},{"damage":24,"enemies":"Gremlin Nob","floor":11,"turns":4},{"damage":29,"enemies":"Large Slime","floor":12,"turns":7},{"damage":18,"enemies":"3 Sentries","floor":14,"turns":9},{"damage":22,"enemies":"Hexaghost","floor":16,"turns":11}],"seed_played":"-5834606240584197193","potions_obtained":[{"floor":1,"key":"Strength Potion"},{"floor":6,"key":"Ancient Potion"},{"floor":12,"key":"Explosive Potion"},{"floor":14,"key":"SpeedPotion"}],"is_trial":false,"path_per_floor":["M","$","?","M","?","E","M","R","T","?","E","M","R","E","R","B"],"character_chosen":"IRONCLAD","items_purchased":["Evolve"],"campfire_rested":0,"item_purchase_floors":[2],"current_hp_per_floor":[74,74,79,80,80,80,80,80,80,75,57,34,34,22,22,0],"gold":308,"neow_bonus":"THREE_ENEMY_KILL","is_prod":false,"is_daily":false,"chose_seed":false,"campfire_upgraded":3,"win_rate":0,"timestamp":1554657743,"path_taken":["M","$","?","M","?","E","M","R","T","?","E","M","R","E","R","BOSS"],"build_version":"2019-01-23","purchased_purges":0,"victory":false,"max_hp_per_floor":[75,75,80,80,80,80,80,80,80,80,80,80,80,80,80,80],"card_choices":[{"not_picked":["Infernal Blade","Havoc"],"picked":"Wild Strike","floor":1},{"not_picked":["Pommel Strike","Second Wind"],"picked":"Rampage","floor":4},{"not_picked":["Dropkick","True Grit"],"picked":"Metallicize","floor":6},{"not_picked":["Heavy Blade","Entrench"],"picked":"True Grit","floor":7},{"not_picked":["Inflame","Perfected Strike+1"],"picked":"Shrug It Off","floor":11},{"not_picked":["Clash+1","Headbutt+1"],"picked":"Metallicize","floor":12},{"not_picked":["Limit Break","Spot Weakness"],"picked":"Thunderclap+1","floor":14}],"player_experience":1696687,"relics_obtained":[{"floor":6,"key":"Shuriken"},{"floor":9,"key":"Kunai"},{"floor":11,"key":"Pen Nib"},{"floor":14,"key":"Champion Belt"}],"event_choices":[{"damage_healed":0,"gold_gain":0,"player_choice":"Donut","damage_taken":0,"max_hp_gain":5,"max_hp_loss":0,"event_name":"Big Fish","floor":3,"gold_loss":0},{"damage_healed":0,"gold_gain":150,"player_choice":"AGREE","damage_taken":0,"max_hp_gain":0,"max_hp_loss":0,"event_name":"Liars Game","floor":5,"gold_loss":0,"cards_obtained":["Doubt"]},{"damage_healed":0,"gold_gain":0,"player_choice":"Success","damage_taken":5,"relics_obtained":["Molten Egg 2"],"max_hp_gain":0,"max_hp_loss":0,"event_name":"Scrap Ooze","floor":10,"gold_loss":0}],"is_beta":false,"boss_relics":[],"items_purged_floors":[],"is_endless":false,"potions_floor_spawned":[1,6,7,12,14],"killed_by":"Hexaghost","ascension_level":20}