{"gold_per_floor":[131,143,168,16,34,34,48,48,98,125,125,125,146,246,246,344,344,367,390,411,411],"floor_reached":21,"playtime":447,"items_purged":[],"score":362,"play_id":"c36ffd4b-3070-43d9-96a5-ad1b9ff8de00","local_time":"20190227174708","is_ascension_mode":true,"campfire_choices":[{"data":"Zap","floor":6,"key":"SMITH"},{"data":"Electrodynamics","floor":8,"key":"SMITH"},{"data":"Genetic Algorithm","floor":11,"key":"SMITH"},{"floor":15,"key":"REST"}],"neow_cost":"NONE","seed_source_timestamp":258381351325553,"circlet_count":0,"master_deck":["AscendersBane","Strike_B","Strike_B","Strike_B","Defend_B","Defend_B","Defend_B","Defend_B","Zap+1","Dualcast","Genetic Algorithm+1","Ball Lightning","Electrodynamics+1","FTL","Echo Form","Ball Lightning","Fission","Auto Shields","Conserve Battery","Leap"],"relics":["Cracked Core","MawBank","Oddly Smooth Stone","Ancient Tea Set","Golden Idol","Busted Crown"],"potions_floor_usage":[20,21],"damage_taken":[{"damage":15,"enemies":"Small Slimes","floor":1,"turns":3},{"damage":1,"enemies":"2 Louse","floor":3,"turns":2},{"damage":0,"enemies":"Cultist","floor":5,"turns":3},{"damage":6,"enemies":"Blue Slaver","floor":7,"turns":3},{"damage":8,"enemies":"Gremlin Nob","floor":10,"turns":3},{"damage":6,"enemies":"Exordium Wildlife","floor":13,"turns":2},{"damage":22,"enemies":"Slime Boss","floor":16,"turns":6},{"damage":30,"enemies":"Shell Parasite","floor":18,"turns":5},{"damage":21,"enemies":"Chosen","floor":19,"turns":6},{"damage":0,"enemies":"Sentry and Sphere","floor":20,"turns":3},{"damage":7,"enemies":"Centurion and Healer","floor":21,"turns":1}],"seed_played":"-1963501942015226393","potions_obtained":[{"floor":3,"key":"Energy Potion"},{"floor":10,"key":"PowerPotion"},{"floor":16,"key":"Fire Potion"}],"is_trial":false,"path_per_floor":["M","?","M","$","M","R","M","R","T","E","R","?","M","?","R","B",null,"M","M","M","M"],"character_chosen":"DEFECT","items_purchased":["Electrodynamics"],"campfire_rested":1,"item_purchase_floors":[4],"current_hp_per_floor":[49,42,41,41,41,41,35,35,35,27,27,27,21,21,40,18,53,23,2,2,0],"gold":411,"neow_bonus":"RANDOM_COMMON_RELIC","is_prod":false,"is_daily":false,"chose_seed":false,"campfire_upgraded":3,"win_rate":0,"timestamp":1551314828,"path_taken":["M","?","M","$","M","R","M","R","T","E","R","?","M","?","R","BOSS","M","?","M","M"],"build_version":"2019-02-06","purchased_purges":0,"victory":false,"max_hp_per_floor":[71,71,71,71,71,71,71,71,71,71,71,64,64,64,64,64,64,64,64,64,64],"card_choices":[{"not_picked":["Redo","Compile Driver"],"picked":"Genetic Algorithm","floor":1},{"not_picked":["Doom and Gloom","Cold Snap"],"picked":"Ball Lightning","floor":3},{"not_picked":["Consume","Compile Driver"],"picked":"FTL","floor":5},{"not_picked":["Sweeping Beam","Steam"],"picked":"Echo Form","floor":7},{"not_picked":["Electrodynamics","Sweeping Beam","Barrage"],"picked":"SKIP","floor":10},{"not_picked":["Go for the Eyes","Rebound"],"picked":"Ball Lightning","floor":13},{"not_picked":["Buffer","Biased Cognition"],"picked":"Fission","floor":16},{"not_picked":[],"picked":"Auto Shields","floor":18},{"not_picked":[],"picked":"Conserve Battery","floor":19},{"not_picked":[],"picked":"Leap","floor":20}],"player_experience":1136616,"relics_obtained":[{"floor":9,"key":"Oddly Smooth Stone"},{"floor":10,"key":"Ancient Tea Set"}],"event_choices":[{"cards_removed":["Strike_B"],"damage_healed":0,"gold_gain":0,"player_choice":"Card Removal","damage_taken":7,"max_hp_gain":0,"max_hp_loss":0,"event_name":"Golden Wing","floor":2,"gold_loss":0},{"damage_healed":0,"gold_gain":0,"player_choice":"Lose Max HP","damage_taken":0,"relics_obtained":["Golden Idol"],"max_hp_gain":0,"max_hp_loss":7,"event_name":"Golden Idol","floor":12,"gold_loss":0},{"damage_healed":0,"gold_gain":100,"player_choice":"Gold","damage_taken":0,"max_hp_gain":0,"max_hp_loss":0,"event_name":"Wheel of Change","floor":14,"gold_loss":0}],"is_beta":true,"boss_relics":[{"not_picked":["Inserter","Calling Bell"],"picked":"Busted Crown"}],"items_purged_floors":[],"is_endless":false,"potions_floor_spawned":[3,10,13,16,19],"killed_by":"Centurion and Healer","ascension_level":20}