{"gold_per_floor":[115,127,127,52,52,52,81,81,81,94,94,107,107,139,139,210,210,228,245,265,278,51,51,51,51,51,85,95,95,122,140,140,214,214,228,243,255,39,52,79,0,0],"floor_reached":42,"playtime":3041,"items_purged":["Strike_R"],"score":1031,"play_id":"ba089e74-e842-4242-872c-2f12da5ffcb9","local_time":"20190412133647","is_ascension_mode":true,"campfire_choices":[{"data":"Armaments","floor":6.0,"key":"SMITH"},{"data":"Bludgeon","floor":8.0,"key":"SMITH"},{"data":"Anger","floor":13.0,"key":"SMITH"},{"floor":15.0,"key":"RECALL"},{"data":"Fiend Fire","floor":23.0,"key":"SMITH"},{"data":"Immolate","floor":25.0,"key":"SMITH"},{"floor":29.0,"key":"REST"},{"floor":32.0,"key":"REST"}],"neow_cost":"NONE","seed_source_timestamp":0,"circlet_count":0,"master_deck":["AscendersBane","Strike_R","Strike_R","Strike_R","Defend_R","Defend_R","Defend_R","Defend_R","Bash+1","Armaments+1","Anger+1","Bludgeon+1","Metallicize","Immolate+1","True Grit","Feel No Pain","Flame Barrier","Fiend Fire+1","Disarm","Shrug It Off","Battle Trance","Disarm+1","Barricade","Limit Break","Shrug It Off","Ghostly Armor+1","Inflame","Power Through+1","Metallicize"],"special_seed":0,"relics":["Burning Blood","Dream Catcher","Mango","Pocketwatch","Bag of Preparation","Velvet Choker","Potion Belt","Strawberry","Black Star","Regal Pillow","Calipers","Bag of Marbles","Red Mask"],"potions_floor_usage":[],"damage_taken":[{"damage":9.0,"enemies":"Small Slimes","floor":1.0,"turns":4.0},{"damage":9.0,"enemies":"Jaw Worm","floor":2.0,"turns":4.0},{"damage":30.0,"enemies":"Gremlin Nob","floor":7.0,"turns":4.0},{"damage":0.0,"enemies":"Cultist","floor":10.0,"turns":2.0},{"damage":20.0,"enemies":"Gremlin Gang","floor":12.0,"turns":4.0},{"damage":0.0,"enemies":"Lagavulin","floor":14.0,"turns":6.0},{"damage":14.0,"enemies":"The Guardian","floor":16.0,"turns":11.0},{"damage":18.0,"enemies":"Shell Parasite","floor":18.0,"turns":4.0},{"damage":1.0,"enemies":"Chosen","floor":19.0,"turns":4.0},{"damage":2.0,"enemies":"Centurion and Healer","floor":20.0,"turns":4.0},{"damage":32.0,"enemies":"Shelled Parasite and Fungi","floor":21.0,"turns":6.0},{"damage":16.0,"enemies":"Slavers","floor":27.0,"turns":3.0},{"damage":17.0,"enemies":"Snake Plant","floor":28.0,"turns":3.0},{"damage":25.0,"enemies":"Gremlin Leader","floor":30.0,"turns":4.0},{"damage":14.0,"enemies":"Cultist and Chosen","floor":31.0,"turns":6.0},{"damage":31.0,"enemies":"Automaton","floor":33.0,"turns":16.0},{"damage":0.0,"enemies":"3 Shapes","floor":35.0,"turns":5.0},{"damage":35.0,"enemies":"3 Darklings","floor":36.0,"turns":5.0},{"damage":20.0,"enemies":"Writhing Mass","floor":37.0,"turns":5.0},{"damage":25.0,"enemies":"Spire Growth","floor":39.0,"turns":6.0},{"damage":22.0,"enemies":"Reptomancer","floor":40.0,"turns":5.0},{"damage":25,"enemies":"Nemesis","floor":42,"turns":2}],"seed_played":"7824964072936698862","potions_obtained":[{"floor":2.0,"key":"FairyPotion"},{"floor":7.0,"key":"Fire Potion"},{"floor":12.0,"key":"EssenceOfSteel"},{"floor":18.0,"key":"Block Potion"},{"floor":19.0,"key":"Poison Potion"},{"floor":28.0,"key":"SpeedPotion"},{"floor":31.0,"key":"SteroidPotion"},{"floor":35.0,"key":"Poison Potion"},{"floor":37.0,"key":"BloodPotion"},{"floor":39.0,"key":"AttackPotion"}],"is_trial":false,"path_per_floor":["M","M","?","?","$","R","E","R","T","M","?","M","R","E","R","B",null,"M","M","M","M","$","R","?","R","T","E","M","R","E","M","R","B",null,"M","M","M","$","M","E","?","E"],"character_chosen":"IRONCLAD","items_purchased":["Flame Barrier","Fiend Fire","Inflame","Regal Pillow"],"campfire_rested":2,"item_purchase_floors":[22,22,38,38],"current_hp_per_floor":[65,62,62,62,62,62,38,38,52,58,58,44,44,50,50,42,77,65,70,74,48,48,48,48,48,48,38,27,53,41,33,61,36,81,87,58,44,44,25,18,18,0],"gold":0,"neow_bonus":"UPGRADE_CARD","is_prod":false,"is_daily":false,"chose_seed":false,"campfire_upgraded":5,"win_rate":0,"timestamp":1555101407,"path_taken":["M","M","?","?","$","R","E","R","T","M","?","?","R","E","R","BOSS","M","?","?","M","$","R","?","R","T","E","M","R","E","M","R","BOSS","M","M","M","$","M","E","?","E"],"build_version":"2019-04-04","purchased_purges":1,"victory":false,"max_hp_per_floor":[75,75,75,75,75,75,75,75,89,89,89,89,89,89,89,89,89,89,89,89,89,89,89,89,89,89,89,89,89,96,96,96,96,96,96,96,96,96,96,96,96,96],"card_choices":[{"not_picked":["Headbutt","Iron Wave"],"picked":"Armaments","floor":1.0},{"not_picked":["Hemokinesis","Dual Wield"],"picked":"Anger","floor":2.0},{"not_picked":["Clash","Carnage"],"picked":"Bludgeon","floor":7.0},{"not_picked":["Searing Blow","Pommel Strike","Iron Wave"],"picked":"SKIP","floor":10.0},{"not_picked":["Body Slam","Flex"],"picked":"Metallicize","floor":12.0},{"not_picked":["Armaments","Rupture","Headbutt"],"picked":"SKIP","floor":14.0},{"not_picked":["Exhume","Reaper"],"picked":"Immolate","floor":16.0},{"not_picked":["Hemokinesis","Carnage"],"picked":"True Grit","floor":18.0},{"not_picked":["Heavy Blade","Whirlwind","Sword Boomerang"],"picked":"SKIP","floor":19.0},{"not_picked":["Cleave","Second Wind","Clothesline"],"picked":"SKIP","floor":20.0},{"not_picked":["Fire Breathing","Heavy Blade"],"picked":"Feel No Pain","floor":21.0},{"not_picked":["Sword Boomerang","Thunderclap"],"picked":"Shrug It Off","floor":27.0},{"not_picked":["Pommel Strike","Cleave"],"picked":"Battle Trance","floor":28.0},{"not_picked":["Armaments","Dropkick"],"picked":"Disarm+1","floor":29.0},{"not_picked":["Sword Boomerang+1","Combust","Fire Breathing"],"picked":"SKIP","floor":30.0},{"not_picked":["Seeing Red","Anger"],"picked":"Barricade","floor":31.0},{"not_picked":["Offering","Berserk"],"picked":"Limit Break","floor":33.0},{"not_picked":["Thunderclap","Dual Wield","Heavy Blade+1"],"picked":"SKIP","floor":35.0},{"not_picked":["Hemokinesis+1","Wild Strike+1"],"picked":"Shrug It Off","floor":36.0},{"not_picked":["Cleave","Flex"],"picked":"Ghostly Armor+1","floor":37.0},{"not_picked":["Clash","Perfected Strike+1"],"picked":"Power Through+1","floor":39.0},{"not_picked":["Intimidate","Perfected Strike+1"],"picked":"Metallicize","floor":40.0}],"player_experience":1452515,"relics_obtained":[{"floor":7.0,"key":"Dream Catcher"},{"floor":9.0,"key":"Mango"},{"floor":14.0,"key":"Bag of Preparation"},{"floor":27.0,"key":"Potion Belt"},{"floor":30.0,"key":"Strawberry"},{"floor":40.0,"key":"Calipers"},{"floor":40.0,"key":"Bag of Marbles"}],"event_choices":[{"damage_healed":0.0,"max_hp_gain":0.0,"max_hp_loss":0.0,"gold_gain":0.0,"event_name":"Liars Game","player_choice":"Ignored","floor":3.0,"gold_loss":0.0,"damage_taken":0.0},{"cards_removed":["Strike_R"],"damage_healed":0.0,"max_hp_gain":0.0,"max_hp_loss":0.0,"gold_gain":0.0,"event_name":"The Cleric","player_choice":"Card Removal","floor":4.0,"gold_loss":75.0,"damage_taken":0.0},{"damage_healed":0.0,"max_hp_gain":0.0,"max_hp_loss":0.0,"gold_gain":0.0,"event_name":"WeMeetAgain","player_choice":"Gave Potion","floor":11.0,"gold_loss":0.0,"damage_taken":0.0,"relics_obtained":["Pocketwatch"]},{"damage_healed":0.0,"max_hp_gain":0.0,"max_hp_loss":0.0,"gold_gain":0.0,"event_name":"The Library","player_choice":"Read","floor":24.0,"gold_loss":0.0,"damage_taken":0.0,"cards_obtained":["Disarm"]},{"damage_healed":0.0,"max_hp_gain":0.0,"max_hp_loss":0.0,"gold_gain":0.0,"event_name":"Tomb of Lord Red Mask","player_choice":"Paid","floor":41.0,"gold_loss":79.0,"damage_taken":0.0,"relics_obtained":["Red Mask"]}],"is_beta":true,"boss_relics":[{"not_picked":["Busted Crown","Pandora\u0027s Box"],"picked":"Velvet Choker"},{"not_picked":["White Beast Statue","Black Blood"],"picked":"Black Star"}],"items_purged_floors":[22],"is_endless":false,"potions_floor_spawned":[2,7,12,18,19,28,31,35,37,39],"killed_by":"Nemesis","ascension_level":20}