{"gold_per_floor":[115,28,39,52,52,85,85,112,138,138,138,163,163,163],"floor_reached":14,"playtime":272,"items_purged":[],"score":212,"play_id":"25e7559d-47d3-4605-9d7b-cd3d27aeaadd","local_time":"20190207234155","is_ascension_mode":true,"campfire_choices":[{"floor":7,"key":"REST"},{"floor":10,"key":"REST"},{"data":"Creative AI","floor":13,"key":"SMITH"}],"neow_cost":"TEN_PERCENT_HP_LOSS","seed_source_timestamp":389806903165445,"circlet_count":0,"master_deck":["AscendersBane","Strike_B","Strike_B","Strike_B","Defend_B","Defend_B","Defend_B","Defend_B","Zap","Dualcast","Creative AI+1","Defragment","Ball Lightning","Conserve Battery","Leap","Ball Lightning","Stack"],"relics":["Cracked Core","Smiling Mask","Bag of Preparation","Juzu Bracelet","Letter Opener"],"potions_floor_usage":[8],"damage_taken":[{"damage":7,"enemies":"Jaw Worm","floor":1,"turns":3},{"damage":5,"enemies":"Small Slimes","floor":3,"turns":4},{"damage":0,"enemies":"Cultist","floor":4,"turns":3},{"damage":32,"enemies":"Gremlin Nob","floor":6,"turns":4},{"damage":23,"enemies":"3 Sentries","floor":8,"turns":7},{"damage":35,"enemies":"Gremlin Nob","floor":12,"turns":4},{"damage":22,"enemies":"Exordium Thugs","floor":14,"turns":2}],"seed_played":"-4661918488038826025","potions_obtained":[{"floor":4,"key":"Explosive Potion"}],"is_trial":false,"path_per_floor":["M","$","M","M","?","E","R","E","T","R","?","E","R","M"],"character_chosen":"DEFECT","items_purchased":["Defragment"],"campfire_rested":2,"item_purchase_floors":[2],"current_hp_per_floor":[57,57,52,52,45,13,32,9,9,28,49,14,14,0],"gold":163,"neow_bonus":"THREE_RARE_CARDS","is_prod":false,"is_daily":false,"chose_seed":false,"campfire_upgraded":1,"win_rate":0,"timestamp":1549608115,"path_taken":["M","$","M","M","?","E","R","E","T","R","?","E","R","M"],"build_version":"2019-02-06","purchased_purges":0,"victory":false,"max_hp_per_floor":[64,64,64,64,64,64,64,64,64,64,64,64,64,64],"card_choices":[{"not_picked":["Fission","Multi-Cast"],"picked":"Creative AI","floor":0},{"not_picked":["Go for the Eyes","Aggregate","Steam"],"picked":"SKIP","floor":1},{"not_picked":["Hologram","Static Discharge"],"picked":"Ball Lightning","floor":3},{"not_picked":["Leap","Beam Cell"],"picked":"Conserve Battery","floor":4},{"not_picked":["Barrage","Recycle"],"picked":"Leap","floor":6},{"not_picked":["Conserve Battery","Lockon"],"picked":"Ball Lightning","floor":8},{"not_picked":["Steam","Barrage"],"picked":"Stack","floor":12}],"player_experience":1077590,"relics_obtained":[{"floor":6,"key":"Smiling Mask"},{"floor":8,"key":"Bag of Preparation"},{"floor":9,"key":"Juzu Bracelet"},{"floor":12,"key":"Letter Opener"}],"event_choices":[{"cards_removed":["Strike_B"],"damage_healed":0,"gold_gain":0,"player_choice":"Card Removal","damage_taken":7,"max_hp_gain":0,"max_hp_loss":0,"event_name":"Golden Wing","floor":5,"gold_loss":0},{"damage_healed":21,"gold_gain":0,"player_choice":"Banana","damage_taken":0,"max_hp_gain":0,"max_hp_loss":0,"event_name":"Big Fish","floor":11,"gold_loss":0}],"is_beta":true,"boss_relics":[],"items_purged_floors":[],"is_endless":false,"potions_floor_spawned":[4],"killed_by":"Exordium Thugs","ascension_level":20}