{"gold_per_floor":[219,219,294,306,306,306,339,354,404,420,37,47,47,119,119,195,195,207,207,222,322,322,322,322,332,332,367,214,214,33,45,45,122,122,132,132,132,152,168,168,203,215,215,234,248,11,37,71,71,71,71,71,23,52,52],"floor_reached":56,"playtime":2265,"items_purged":["Strike_R"],"score":2019,"play_id":"994e647d-6a27-4d70-9e17-ef0eafc9ca29","local_time":"20190326131413","is_ascension_mode":true,"campfire_choices":[{"data":"Bash","floor":6,"key":"SMITH"},{"floor":13,"key":"REST"},{"floor":15,"key":"REST"},{"floor":23,"key":"REST"},{"data":"Whirlwind","floor":29,"key":"SMITH"},{"floor":32,"key":"REST"},{"floor":40,"key":"RECALL"},{"data":"Apotheosis","floor":49,"key":"SMITH"},{"data":"True Grit","floor":52,"key":"SMITH"}],"neow_cost":"NONE","seed_source_timestamp":1128957919497145,"circlet_count":0,"master_deck":["AscendersBane","Defend_R+1","Defend_R","Defend_R+1","Defend_R","Bash+1","Anger","Pommel Strike+1","Shrug It Off","Whirlwind+1","Inflame","Reaper","True Grit+1","Spot Weakness+1","Burning Pact","Apotheosis+1","Limit Break","Rage","Entrench","Sentinel","Flame Barrier","Sword Boomerang+1","Exhume","Feel No Pain"],"relics":["Burning Blood","Bronze Scales","Happy Flower","Pen Nib","Runic Pyramid","Turnip","Gremlin Horn","MutagenicStrength","Potion Belt","Kunai","Omamori","Empty Cage","Darkstone Periapt","Incense Burner","Art of War","Lantern","Frozen Egg 2","War Paint"],"potions_floor_usage":[10,25,27,27,41,45,55,55,55],"damage_taken":[{"damage":0,"enemies":"Small Slimes","floor":1,"turns":4},{"damage":8,"enemies":"2 Louse","floor":4,"turns":3},{"damage":34,"enemies":"3 Sentries","floor":7,"turns":11},{"damage":2,"enemies":"Jaw Worm","floor":8,"turns":3},{"damage":8,"enemies":"Gremlin Gang","floor":10,"turns":3},{"damage":8,"enemies":"Blue Slaver","floor":12,"turns":2},{"damage":9,"enemies":"Slime Boss","floor":16,"turns":7},{"damage":8,"enemies":"Shell Parasite","floor":18,"turns":5},{"damage":11,"enemies":"Spheric Guardian","floor":20,"turns":4},{"damage":36,"enemies":"Colosseum Slavers","floor":21,"turns":5},{"damage":15,"enemies":"Colosseum Nobs","floor":21,"turns":4},{"damage":26,"enemies":"Cultist and Chosen","floor":25,"turns":6},{"damage":46,"enemies":"Slavers","floor":27,"turns":6},{"damage":26,"enemies":"Shelled Parasite and Fungi","floor":31,"turns":7},{"damage":10,"enemies":"Champ","floor":33,"turns":13},{"damage":52,"enemies":"3 Darklings","floor":35,"turns":4},{"damage":15,"enemies":"3 Shapes","floor":38,"turns":7},{"damage":23,"enemies":"Writhing Mass","floor":39,"turns":6},{"damage":23,"enemies":"Reptomancer","floor":41,"turns":7},{"damage":11,"enemies":"Sphere and 2 Shapes","floor":42,"turns":3},{"damage":55,"enemies":"3 Darklings","floor":44,"turns":4},{"damage":13,"enemies":"Spire Growth","floor":45,"turns":6},{"damage":9,"enemies":"Nemesis","floor":48,"turns":7},{"damage":23,"enemies":"Donu and Deca","floor":50,"turns":8},{"damage":33,"enemies":"Shield and Spear","floor":54,"turns":6},{"damage":88,"enemies":"The Heart","floor":55,"turns":9}],"seed_played":"-9152723969633520565","potions_obtained":[{"floor":8,"key":"SkillPotion"},{"floor":10,"key":"Ancient Potion"},{"floor":18,"key":"GamblersBrew"},{"floor":25,"key":"Poison Potion"},{"floor":31,"key":"Explosive Potion"},{"floor":38,"key":"Strength Potion"},{"floor":39,"key":"Energy Potion"},{"floor":44,"key":"GamblersBrew"},{"floor":54,"key":"Block Potion"}],"is_trial":false,"path_per_floor":["M","?","?","M","?","R","E","M","T","M","$","M","R","?","R","B",null,"M","?","M","?","?","R","?","M","T","E","$","R","$","M","R","B",null,"M","?","$","M","M","R","E","M","T","M","M","$","T","E","R","B",null,"R","$","E","B",null],"character_chosen":"IRONCLAD","items_purchased":["Happy Flower","Pen Nib","Omamori","Apotheosis","Feel No Pain","Art of War","Dexterity Potion"],"campfire_rested":4,"item_purchase_floors":[11,11,28,30,46,46,53],"current_hp_per_floor":[74,74,63,61,38,38,10,14,14,12,12,10,32,32,54,51,69,75,54,49,25,25,49,49,65,65,47,47,47,47,27,51,47,72,80,80,80,80,65,65,80,75,75,66,72,72,72,69,69,80,80,80,80,80,80],"gold":52,"neow_bonus":"HUNDRED_GOLD","is_prod":false,"is_daily":false,"chose_seed":false,"campfire_upgraded":4,"win_rate":0,"timestamp":1553620453,"path_taken":["M","?","?","M","?","R","E","?","T","M","$","?","R","?","R","BOSS","M","?","M","?","?","R","?","M","T","E","$","R","$","M","R","BOSS","M","?","$","M","M","R","E","M","T","M","M","$","?","E","R","BOSS","R","$","E","BOSS"],"build_version":"2019-03-15","purchased_purges":1,"victory":true,"max_hp_per_floor":[75,75,75,75,75,75,75,75,75,75,75,75,75,75,75,75,75,75,80,80,80,80,80,80,80,80,80,80,80,80,80,80,80,80,80,80,80,80,80,80,80,80,80,80,80,80,80,80,80,80,80,80,80,80,80],"card_choices":[{"not_picked":["Iron Wave","Cleave"],"picked":"Anger","floor":1},{"not_picked":["Combust","Armaments"],"picked":"Pommel Strike","floor":4},{"not_picked":["Iron Wave","Corruption"],"picked":"Shrug It Off","floor":7},{"not_picked":["Metallicize","Battle Trance"],"picked":"Whirlwind","floor":8},{"not_picked":["Wild Strike","Body Slam"],"picked":"Inflame","floor":10},{"not_picked":["Juggernaut","Havoc","Heavy Blade"],"picked":"SKIP","floor":12},{"not_picked":["Juggernaut","Double Tap"],"picked":"Reaper","floor":16},{"not_picked":["Shrug It Off","Flex"],"picked":"True Grit","floor":18},{"not_picked":["Clash","True Grit"],"picked":"Spot Weakness","floor":20},{"not_picked":["Clash","Iron Wave","Havoc"],"picked":"SKIP","floor":25},{"not_picked":["Heavy Blade","Anger"],"picked":"Burning Pact","floor":27},{"not_picked":["Twin Strike","Armaments","Sentinel"],"picked":"SKIP","floor":31},{"not_picked":["Berserk","Juggernaut"],"picked":"Limit Break","floor":33},{"not_picked":["Power Through+1","Twin Strike"],"picked":"Rage","floor":35},{"not_picked":["Twin Strike+1","Wild Strike"],"picked":"Sentinel","floor":38},{"not_picked":["Cleave","Dropkick","Perfected Strike+1"],"picked":"SKIP","floor":39},{"not_picked":["Uppercut","Headbutt"],"picked":"Flame Barrier","floor":41},{"not_picked":["Clash","Headbutt","Inflame"],"picked":"SKIP","floor":42},{"not_picked":["Thunderclap","Intimidate"],"picked":"Sword Boomerang+1","floor":44},{"not_picked":["Combust+1","Second Wind"],"picked":"Exhume","floor":45},{"not_picked":["Pommel Strike","Inflame","Warcry"],"picked":"SKIP","floor":48},{"not_picked":["Thunderclap","Clash","Shrug It Off+1"],"picked":"SKIP","floor":54}],"player_experience":2291924,"relics_obtained":[{"floor":7,"key":"Bronze Scales"},{"floor":21,"key":"Turnip"},{"floor":21,"key":"Gremlin Horn"},{"floor":26,"key":"Potion Belt"},{"floor":27,"key":"Kunai"},{"floor":41,"key":"Darkstone Periapt"},{"floor":43,"key":"Incense Burner"},{"floor":47,"key":"Lantern"},{"floor":48,"key":"Frozen Egg 2"},{"floor":54,"key":"War Paint"}],"event_choices":[{"cards_removed":["Strike_R"],"damage_healed":0,"gold_gain":0,"player_choice":"Forget","damage_taken":0,"max_hp_gain":0,"max_hp_loss":0,"event_name":"Living Wall","floor":2,"gold_loss":0},{"damage_healed":0,"gold_gain":75,"player_choice":"Gather Gold","damage_taken":11,"max_hp_gain":0,"max_hp_loss":0,"event_name":"World of Goop","floor":3,"gold_loss":0},{"damage_healed":0,"gold_gain":0,"player_choice":"Entered Light","damage_taken":23,"max_hp_gain":0,"max_hp_loss":0,"event_name":"Shining Light","floor":5,"gold_loss":0,"cards_upgraded":["Pommel Strike","Defend_R"]},{"damage_healed":0,"gold_gain":72,"player_choice":"Gained Gold","damage_taken":0,"max_hp_gain":0,"max_hp_loss":0,"event_name":"Golden Wing","floor":14,"gold_loss":0},{"damage_healed":0,"gold_gain":0,"player_choice":"Shed Blood","damage_taken":26,"max_hp_gain":5,"max_hp_loss":0,"event_name":"Forgotten Altar","floor":19,"gold_loss":0},{"damage_healed":0,"gold_gain":0,"player_choice":"Fight","damage_taken":0,"max_hp_gain":0,"max_hp_loss":0,"event_name":"Colosseum","floor":21,"gold_loss":0},{"damage_healed":0,"gold_gain":0,"player_choice":"Fought Nobs","damage_taken":0,"max_hp_gain":0,"max_hp_loss":0,"event_name":"Colosseum","floor":21,"gold_loss":0},{"damage_healed":0,"gold_gain":0,"player_choice":"Ignored","damage_taken":0,"max_hp_gain":0,"max_hp_loss":0,"event_name":"Ghosts","floor":22,"gold_loss":0},{"damage_healed":0,"gold_gain":0,"player_choice":"Inject Mutagens","damage_taken":0,"relics_obtained":["MutagenicStrength"],"max_hp_gain":0,"max_hp_loss":0,"event_name":"Drug Dealer","floor":24,"gold_loss":0},{"damage_healed":0,"gold_gain":0,"cards_transformed":["Strike_R"],"player_choice":"Transformed","damage_taken":0,"max_hp_gain":0,"max_hp_loss":0,"event_name":"Transmorgrifier","floor":36,"gold_loss":0,"cards_obtained":["Entrench"]}],"is_beta":true,"boss_relics":[{"not_picked":["Velvet Choker","Coffee Dripper"],"picked":"Runic Pyramid"},{"not_picked":["Eternal Feather","Astrolabe"],"picked":"Empty Cage"}],"items_purged_floors":[11],"is_endless":false,"potions_floor_spawned":[8,10,18,21,25,31,38,39,44,54],"ascension_level":15}