{"gold_per_floor":[118,118,128,128,203,235,235,255,303,315,59,76,92,109,109,182,182,182,182,62,62,62,62,62,62,62,62,62,62,62,62,62,62],"floor_reached":33,"playtime":1233,"items_purged":[],"score":592,"play_id":"674add23-3f0c-4c6d-bdd8-4eb01cdeb803","local_time":"20181229113851","is_ascension_mode":true,"campfire_choices":[{"data":"Neutralize","floor":7.0,"key":"SMITH"},{"data":"Footwork","floor":15,"key":"SMITH"},{"data":"Malaise","floor":23,"key":"SMITH"},{"data":"Footwork","floor":25,"key":"SMITH"},{"floor":28,"key":"REST"},{"data":"Noxious Fumes","floor":30,"key":"SMITH"},{"floor":32,"key":"REST"}],"neow_cost":"NONE","seed_source_timestamp":0,"circlet_count":0,"master_deck":["AscendersBane","Defend_G","Defend_G","Defend_G","Defend_G","Defend_G","Strike_G","Strike_G","Strike_G+1","Strike_G","Survivor","Neutralize+1","Predator+1","Leg Sweep+1","Cloak And Dagger+1","Footwork+1","Dodge and Roll","Footwork+1","Leg Sweep","Malaise+1","Backflip","Neutralize","Decay","Poisoned Stab","Noxious Fumes+1","Blur"],"special_seed":0,"relics":["Ring of the Snake","NeowsBlessing","Orichalcum","Pen Nib","Bronze Scales","Ectoplasm","Singing Bowl","War Paint"],"potions_floor_usage":[10,31,33,33],"damage_taken":[{"damage":0.0,"enemies":"Small Slimes","floor":1.0,"turns":1.0},{"damage":0.0,"enemies":"Jaw Worm","floor":3.0,"turns":1.0},{"damage":0.0,"enemies":"Gremlin Nob","floor":6.0,"turns":1.0},{"damage":0.0,"enemies":"2 Louse","floor":8.0,"turns":3.0},{"damage":4,"enemies":"Exordium Wildlife","floor":10,"turns":6},{"damage":2,"enemies":"2 Fungi Beasts","floor":12,"turns":4},{"damage":0,"enemies":"Red Slaver","floor":13,"turns":4},{"damage":3,"enemies":"Exordium Wildlife","floor":14,"turns":4},{"damage":5,"enemies":"The Guardian","floor":16,"turns":14},{"damage":0,"enemies":"3 Byrds","floor":18,"turns":3},{"damage":9,"enemies":"2 Thieves","floor":20,"turns":5},{"damage":4,"enemies":"Sentry and Sphere","floor":22,"turns":12},{"damage":4,"enemies":"Snake Plant","floor":24,"turns":6},{"damage":10,"enemies":"Centurion and Healer","floor":27,"turns":13},{"damage":0,"enemies":"Shelled Parasite and Fungi","floor":29,"turns":7},{"damage":11,"enemies":"Book of Stabbing","floor":31,"turns":6},{"damage":56,"enemies":"Champ","floor":33,"turns":17}],"seed_played":"-8940922909278675408","potions_obtained":[{"floor":3.0,"key":"AttackPotion"},{"floor":8.0,"key":"SpeedPotion"},{"floor":10,"key":"LiquidBronze"},{"floor":31,"key":"AttackPotion"}],"is_trial":false,"path_per_floor":["M","?","M","?","?","E","R","M","M","$","M","M","M","R","B",null,"M","?","M","?","M","R","M","R","T","M","R","M","R","E","R","B"],"character_chosen":"THE_SILENT","items_purchased":["Footwork","Bronze Scales"],"campfire_rested":2,"item_purchase_floors":[11,11],"current_hp_per_floor":[59,39,39,39,28,28,28,28,28,24,24,22,22,19,19,14,53,53,53,44,44,40,40,36,36,36,26,45,45,45,36,56,0],"gold":62,"neow_bonus":"THREE_ENEMY_KILL","is_prod":false,"is_daily":false,"chose_seed":false,"campfire_upgraded":5,"win_rate":0,"timestamp":1546108731,"path_taken":["M","?","M","?","?","E","R","M","T","?","$","M","M","M","R","BOSS","M","?","?","?","M","R","M","R","T","?","R","M","R","E","R","BOSS"],"build_version":"2018-12-25","purchased_purges":0,"victory":false,"max_hp_per_floor":[66,66,66,66,66,66,66,66,66,66,66,66,66,66,66,66,66,66,66,66,66,66,66,66,66,66,66,66,66,66,68,68,68],"card_choices":[{"not_picked":["Blade Dance","Prepared"],"picked":"Predator","floor":1.0},{"not_picked":["Outmaneuver","Underhanded Strike","Prepared"],"picked":"SKIP","floor":3.0},{"not_picked":["Prepared","Underhanded Strike"],"picked":"Leg Sweep","floor":6.0},{"not_picked":["Deadly Poison","Concentrate","Quick Slash"],"picked":"SKIP","floor":8.0},{"not_picked":["Bouncing Flask","Backflip"],"picked":"Cloak And Dagger","floor":10},{"not_picked":["Cloak And Dagger","Tactician"],"picked":"Dodge and Roll","floor":12},{"not_picked":["Cloak And Dagger","Deadly Poison"],"picked":"Footwork","floor":13},{"not_picked":["Deflect","Wraith Form v2"],"picked":"Leg Sweep","floor":14},{"not_picked":["Glass Knife","Die Die Die"],"picked":"Malaise","floor":16},{"not_picked":["Concentrate+1","Skewer"],"picked":"Backflip","floor":18},{"not_picked":["Slice","Bane","Underhanded Strike"],"picked":"SKIP","floor":20},{"not_picked":["Flechettes","Dagger Spray"],"picked":"Poisoned Stab","floor":22},{"not_picked":["Slice","Underhanded Strike","Quick Slash"],"picked":"SKIP","floor":24},{"not_picked":["Acrobatics","Flying Knee"],"picked":"Noxious Fumes","floor":27},{"not_picked":["Outmaneuver+1","Slice"],"picked":"Blur","floor":29},{"not_picked":["Deflect+1","Endless Agony","Dagger Throw"],"picked":"Singing Bowl","floor":31}],"player_experience":1008540,"relics_obtained":[{"floor":6.0,"key":"Orichalcum"},{"floor":9,"key":"Pen Nib"},{"floor":26,"key":"Singing Bowl"},{"floor":31,"key":"War Paint"}],"event_choices":[{"damage_healed":0.0,"max_hp_gain":0.0,"max_hp_loss":0.0,"gold_gain":0.0,"event_name":"Shining Light","player_choice":"Entered Light","floor":2.0,"gold_loss":0.0,"damage_taken":20.0,"cards_upgraded":["Predator","Strike_G"]},{"cards_removed":["Strike_G"],"damage_healed":0.0,"max_hp_gain":0.0,"max_hp_loss":0.0,"gold_gain":0.0,"event_name":"Living Wall","player_choice":"Forget","floor":4.0,"gold_loss":0.0,"damage_taken":0.0},{"damage_healed":0.0,"max_hp_gain":0.0,"max_hp_loss":0.0,"gold_gain":75.0,"event_name":"World of Goop","player_choice":"Gather Gold","floor":5.0,"gold_loss":0.0,"damage_taken":11.0},{"damage_healed":0,"gold_gain":0,"player_choice":"1 cards matched","damage_taken":0,"max_hp_gain":0,"max_hp_loss":0,"event_name":"Match and Keep!","floor":19,"gold_loss":0,"cards_obtained":["Neutralize"]},{"damage_healed":0,"gold_gain":0,"player_choice":"Cursed","damage_taken":0,"max_hp_gain":0,"max_hp_loss":0,"event_name":"Wheel of Change","floor":21,"gold_loss":0,"cards_obtained":["Decay"]}],"is_beta":true,"boss_relics":[{"not_picked":["HoveringKite","Black Star"],"picked":"Ectoplasm"}],"items_purged_floors":[],"is_endless":false,"potions_floor_spawned":[3,8,10,12,13,20,31],"killed_by":"Champ","ascension_level":20}