{"gold_per_floor":[115,129,149,99,111,144,144,155,155,175,175,194,15,26,26,124,124,139,139,64,24,43,74,74,74,104,104,104,122,137,137,137,239,239,258,274,0,0,0,0,30,30,54,54],"floor_reached":44,"playtime":1658,"items_purged":[],"score":458,"play_id":"2bd7586f-90b1-44d1-8993-b7b4c5026c75","local_time":"20180908131405","is_ascension_mode":false,"campfire_choices":[{"data":"Bash","floor":7,"key":"SMITH"},{"data":"Armaments","floor":11,"key":"SMITH"},{"data":"Demon Form","floor":15,"key":"SMITH"},{"data":"Feel No Pain","floor":25,"key":"SMITH"},{"data":"Pummel","floor":27,"key":"SMITH"},{"data":"Heavy Blade","floor":32,"key":"SMITH"},{"data":"Demon Form","floor":40,"key":"SMITH"}],"neow_cost":"","seed_source_timestamp":498630498263504,"circlet_count":0,"master_deck":["Strike_R","Strike_R","Strike_R","Strike_R","Strike_R","Defend_R","Defend_R","Bash+1","Disarm","Twin Strike","Cleave","Thunderclap","Clash","Armaments+1","Clothesline","Feel No Pain+1","Demon Form+1","Offering","Pummel+1","Metallicize","Flex","Juggernaut","Seeing Red","Heavy Blade+1","Demon Form+1","Sadistic Nature","True Grit+1"],"relics":["Burning Blood","Bag of Preparation","Sundial","Juzu Bracelet","Sozu","Enchiridion","Lantern","Tiny Chest","Busted Crown","Red Mask","Champion Belt","Girya","CultistMask","Red Skull"],"potions_floor_usage":[12,14,16,16,23],"damage_taken":[{"damage":11,"enemies":"Jaw Worm","floor":1,"turns":2},{"damage":0,"enemies":"Small Slimes","floor":2,"turns":3},{"damage":0,"enemies":"2 Louse","floor":3,"turns":4},{"damage":6,"enemies":"Exordium Wildlife","floor":5,"turns":3},{"damage":24,"enemies":"Gremlin Nob","floor":6,"turns":4},{"damage":8,"enemies":"Looter","floor":8,"turns":3},{"damage":1,"enemies":"Lots of Slimes","floor":10,"turns":3},{"damage":0,"enemies":"2 Fungi Beasts","floor":12,"turns":3},{"damage":6,"enemies":"Gremlin Gang","floor":14,"turns":1},{"damage":10,"enemies":"Slime Boss","floor":16,"turns":8},{"damage":19,"enemies":"2 Thieves","floor":18,"turns":4},{"damage":7,"enemies":"Shell Parasite","floor":22,"turns":3},{"damage":17,"enemies":"Gremlin Leader","floor":23,"turns":5},{"damage":6,"enemies":"Cultist and Chosen","floor":29,"turns":4},{"damage":15,"enemies":"Centurion and Healer","floor":30,"turns":4},{"damage":21,"enemies":"Automaton","floor":33,"turns":6},{"damage":9,"enemies":"3 Shapes","floor":35,"turns":4},{"damage":19,"enemies":"3 Darklings","floor":36,"turns":4},{"damage":19,"enemies":"Mind Bloom Boss Battle","floor":38,"turns":4},{"damage":47,"enemies":"2 Orb Walkers","floor":41,"turns":3},{"damage":11,"enemies":"Mysterious Sphere","floor":44,"turns":1}],"seed_played":"-8886277351369580704","potions_obtained":[{"floor":5,"key":"SkillPotion"},{"floor":8,"key":"SpeedPotion"},{"floor":10,"key":"Poison Potion"},{"floor":14,"key":"SpeedPotion"},{"floor":16,"key":"SkillPotion"}],"is_trial":false,"path_per_floor":["M","M","M","?","M","E","R","M","T","M","R","M","$","M","R","B",null,"M","?","?","$","M","E","$","R","T","R","?","M","M","?","R","B",null,"M","M","?","?","?","R","E","?","T"],"character_chosen":"IRONCLAD","items_purchased":["Juzu Bracelet","Feel No Pain","Pummel"],"campfire_rested":0,"item_purchase_floors":[13,13,21],"current_hp_per_floor":[75,80,80,80,80,62,62,60,60,65,65,71,71,71,71,67,80,67,51,51,51,50,39,39,39,39,39,39,39,30,30,30,15,80,77,64,64,51,51,51,10,10,10,0],"gold":54,"neow_bonus":"","is_prod":false,"is_daily":false,"chose_seed":false,"campfire_upgraded":7,"win_rate":0,"timestamp":1536426845,"path_taken":["M","M","M","?","M","E","R","M","T","M","R","M","$","M","R","BOSS","M","?","?","$","M","E","$","R","T","R","?","M","M","?","R","BOSS","M","M","?","?","?","R","E","?","T","?"],"build_version":"2018-09-06","purchased_purges":0,"victory":false,"max_hp_per_floor":[80,80,80,80,80,80,80,80,80,80,80,80,80,80,80,80,80,80,80,80,80,80,80,80,80,80,80,80,80,80,80,80,80,80,80,80,80,80,80,80,80,80,80,80],"card_choices":[{"not_picked":["Twin Strike","Headbutt"],"picked":"Disarm","floor":1},{"not_picked":["Entrench","Headbutt"],"picked":"Twin Strike","floor":2},{"not_picked":["Spot Weakness","Rage"],"picked":"Cleave","floor":3},{"not_picked":["Pommel Strike","Havoc"],"picked":"Thunderclap","floor":5},{"not_picked":["Evolve","Corruption","Headbutt"],"picked":"SKIP","floor":6},{"not_picked":["Armaments","Thunderclap"],"picked":"Clash","floor":8},{"not_picked":["Body Slam","Headbutt"],"picked":"Armaments","floor":10},{"not_picked":["Sever Soul","Searing Blow"],"picked":"Clothesline","floor":12},{"not_picked":["Burning Pact","Ghostly Armor"],"picked":"Demon Form","floor":14},{"not_picked":["Barricade","Berserk"],"picked":"Offering","floor":16},{"not_picked":["Rampage","Infernal Blade","Clothesline"],"picked":"SKIP","floor":18},{"not_picked":["Entrench","Cleave+1"],"picked":"Metallicize","floor":22},{"not_picked":["Body Slam+1","Shockwave"],"picked":"Flex","floor":23},{"not_picked":["Havoc","Cleave+1"],"picked":"Seeing Red","floor":29},{"not_picked":["Battle Trance","Intimidate"],"picked":"Heavy Blade","floor":30},{"not_picked":["Barricade","Juggernaut"],"picked":"Demon Form","floor":33},{"not_picked":["Body Slam"],"picked":"SKIP","floor":35},{"not_picked":["Iron Wave+1"],"picked":"SKIP","floor":36},{"not_picked":[],"picked":"Sadistic Nature","floor":39},{"not_picked":[],"picked":"True Grit+1","floor":41}],"player_experience":982860,"relics_obtained":[{"floor":6,"key":"Bag of Preparation"},{"floor":9,"key":"Sundial"},{"floor":19,"key":"Enchiridion"},{"floor":23,"key":"Lantern"},{"floor":26,"key":"Tiny Chest"},{"floor":38,"key":"Champion Belt"},{"floor":41,"key":"Girya"},{"floor":43,"key":"Red Skull"}],"event_choices":[{"event_name":"The Cleric","player_choice":"Card Removal","floor":4,"damage_taken":0},{"event_name":"Cursed Tome","player_choice":"Obtained Book","floor":19,"damage_taken":0},{"event_name":"Beggar","player_choice":"Gave Gold","floor":20,"damage_taken":0},{"event_name":"Match and Keep!","player_choice":"1 cards matched","floor":28,"damage_taken":0},{"event_name":"N\u0027loth","player_choice":"Ignored","floor":31,"damage_taken":0},{"event_name":"Tomb of Lord Red Mask","player_choice":"Paid","floor":37,"damage_taken":0},{"event_name":"MindBloom","player_choice":"Fight","floor":38,"damage_taken":0},{"event_name":"SensoryStone","player_choice":"Memory 1","floor":39,"damage_taken":0},{"event_name":"FaceTrader","player_choice":"Trade","floor":42,"damage_taken":0},{"event_name":"Mysterious Sphere","player_choice":"Fight","floor":44,"damage_taken":0}],"is_beta":false,"boss_relics":[{"not_picked":["Runic Pyramid","Empty Cage"],"picked":"Sozu"},{"not_picked":["Lizard Tail","Runic Dome"],"picked":"Busted Crown"}],"items_purged_floors":[],"is_endless":false,"potions_floor_spawned":[5,8,10,14,16,29,30,33,36,38],"killed_by":"Mysterious Sphere","ascension_level":0}