{"path_per_floor":["M","?","M","?","M","R","M","M","T","R","M","M","R","M","R"],"character_chosen":"DEFECT","items_purchased":[],"gold_per_floor":[119,69,89,89,109,109,122,142,169,169,184,197,197,212,212,212],"floor_reached":16,"campfire_rested":0,"playtime":356,"item_purchase_floors":[],"current_hp_per_floor":[61,61,57,50,50,50,43,43,43,43,34,32,32,28,28,0],"items_purged":[],"gold":212,"score":158,"play_id":"46e90c2c-7c19-4483-8890-ca21dc761952","local_time":"20180613155045","is_prod":false,"is_daily":false,"chose_seed":false,"is_ascension_mode":true,"campfire_upgraded":4,"win_rate":0,"timestamp":1528930245,"campfire_choices":[{"data":"Zap","floor":6,"key":"SMITH"},{"data":"Redo","floor":10,"key":"SMITH"},{"data":"Redo","floor":13,"key":"SMITH"},{"data":"White Noise","floor":15,"key":"SMITH"}],"path_taken":["M","?","M","?","M","R","M","?","T","R","M","M","R","M","R","BOSS"],"build_version":"2018-06-13","seed_source_timestamp":281540799788312,"purchased_purges":0,"victory":false,"master_deck":["Strike_B","Strike_B","Strike_B","Defend_B","Defend_B","Defend_B","Defend_B","Zap+1","Dualcast","AscendersBane","Cold Snap","Redo+1","White Noise+1","Redo+1","Coolheaded","Stack","Steam"],"max_hp_per_floor":[75,75,75,75,75,75,75,75,75,75,75,75,75,75,75,75],"special_seed":0,"relics":["Cracked Core","Ancient Tea Set","Juzu Bracelet"],"card_choices":[{"not_picked":["Turbo","Self Repair"],"picked":"Cold Snap","floor":1},{"not_picked":["Compile Driver","Streamline"],"picked":"Redo","floor":3},{"not_picked":["Sweeping Beam","Chaos"],"picked":"White Noise","floor":5},{"not_picked":["Turbo","Storm","Streamline"],"picked":"SKIP","floor":7},{"not_picked":["Streamline","Stack"],"picked":"Redo","floor":8},{"not_picked":["Fusion","Rebound"],"picked":"Coolheaded","floor":11},{"not_picked":["Reinforced Body","Gash"],"picked":"Stack","floor":12},{"not_picked":["Sunder","Hyperbeam"],"picked":"Steam","floor":14}],"player_experience":650774,"potions_floor_usage":[8,16],"damage_taken":[{"damage":7,"enemies":"Jaw Worm","floor":1,"turns":4},{"damage":4,"enemies":"Cultist","floor":3,"turns":3},{"damage":0,"enemies":"2 Louse","floor":5,"turns":4},{"damage":7,"enemies":"2 Fungi Beasts","floor":7,"turns":3},{"damage":0,"enemies":"Lots of Slimes","floor":8,"turns":2},{"damage":9,"enemies":"Red Slaver","floor":11,"turns":3},{"damage":2,"enemies":"2 Fungi Beasts","floor":12,"turns":2},{"damage":4,"enemies":"Blue Slaver","floor":14,"turns":3},{"damage":31,"enemies":"The Guardian","floor":16,"turns":13}],"relics_obtained":[{"floor":9,"key":"Juzu Bracelet"}],"event_choices":[{"event_name":"The Cleric","player_choice":"Card Removal","floor":2,"damage_taken":0},{"event_name":"Scrap Ooze","player_choice":"success","floor":4,"damage_taken":7}],"boss_relics":[],"items_purged_floors":[],"potions_floor_spawned":[5,7,12,14],"seed_played":"-3634148970247306713","killed_by":"The Guardian","ascension_level":13,"potions_obtained":[{"floor":5,"key":"Explosive Potion"},{"floor":7,"key":"Explosive Potion"},{"floor":12,"key":"Ancient Potion"}],"is_trial":false}