{"gold_per_floor":[212,225,241,241,316,349,349,7,7,7,7,23,23,38,38,114,114,114,114,34,34,34,34,34,34,34,34,34,34,34],"floor_reached":30,"playtime":1171,"items_purged":[],"score":448,"play_id":"d6ef8ab4-2bff-4471-b2da-9e1931953e44","local_time":"20190419010731","is_ascension_mode":true,"campfire_choices":[{"data":"Bash","floor":7,"key":"SMITH"},{"data":"Disarm","floor":10,"key":"SMITH"},{"data":"True Grit","floor":13,"key":"SMITH"},{"data":"Feel No Pain","floor":15,"key":"SMITH"},{"data":"True Grit","floor":23,"key":"SMITH"},{"data":"Metallicize","floor":25,"key":"SMITH"},{"data":"Metallicize","floor":29,"key":"SMITH"}],"neow_cost":"NONE","seed_source_timestamp":628344353497099,"circlet_count":0,"master_deck":["AscendersBane","Strike_R+1","Strike_R+1","Strike_R+1","Strike_R+1","Strike_R+1","Defend_R+1","Defend_R+1","Defend_R+1","Defend_R+1","Bash+1","Heavy Blade","Sword Boomerang","Metallicize+1","Disarm+1","Metallicize+1","True Grit+1","Feel No Pain+1","Barricade","True Grit+1","RitualDagger","Infernal Blade","Spot Weakness"],"relics":["Burning Blood","Charon\u0027s Ashes","MealTicket","Matryoshka","Ectoplasm","Red Mask","MutagenicStrength","Toxic Egg 2","Pantograph"],"potions_floor_usage":[12,14,14,16,20,30],"damage_taken":[{"damage":14,"enemies":"2 Louse","floor":1,"turns":4},{"damage":7,"enemies":"Small Slimes","floor":2,"turns":3},{"damage":1,"enemies":"Cultist","floor":3,"turns":3},{"damage":46,"enemies":"Gremlin Nob","floor":6,"turns":5},{"damage":0,"enemies":"Blue Slaver","floor":12,"turns":5},{"damage":0,"enemies":"Large Slime","floor":14,"turns":6},{"damage":17,"enemies":"The Guardian","floor":16,"turns":17},{"damage":13,"enemies":"Spheric Guardian","floor":18,"turns":12},{"damage":19,"enemies":"2 Thieves","floor":20,"turns":5},{"damage":37,"enemies":"Masked Bandits","floor":22,"turns":7},{"damage":33,"enemies":"Slavers","floor":30,"turns":2}],"seed_played":"860991425748515139","potions_obtained":[{"floor":6,"key":"Weak Potion"},{"floor":11,"key":"EntropicBrew"},{"floor":14,"key":"BloodPotion"},{"floor":16,"key":"SpeedPotion"},{"floor":22,"key":"SneckoOil"}],"is_trial":false,"path_per_floor":["M","M","M","?","?","E","R","$","T","R","?","M","R","M","R","B",null,"M","?","M","$","?","R","?","R","T","?","?","R","E"],"character_chosen":"IRONCLAD","items_purchased":["Disarm","Metallicize","MealTicket"],"campfire_rested":0,"item_purchase_floors":[8,8,8],"current_hp_per_floor":[60,59,64,69,58,18,18,18,18,18,18,24,24,30,30,19,65,58,52,47,62,31,31,31,31,31,31,31,31,0],"gold":34,"neow_bonus":"HUNDRED_GOLD","is_prod":false,"is_daily":false,"chose_seed":false,"campfire_upgraded":7,"win_rate":0,"timestamp":1555650451,"path_taken":["M","M","M","?","?","E","R","$","T","R","?","M","R","M","R","BOSS","M","?","M","$","?","R","?","R","T","?","?","R","E"],"build_version":"2019-01-23","purchased_purges":0,"victory":false,"max_hp_per_floor":[75,75,75,80,80,80,80,80,80,80,80,80,80,80,80,80,80,80,80,80,80,80,80,80,80,80,80,80,80,80],"card_choices":[{"not_picked":["Havoc","Flex"],"picked":"Heavy Blade","floor":1},{"not_picked":["Twin Strike","Corruption"],"picked":"Sword Boomerang","floor":2},{"not_picked":["Pommel Strike","Exhume"],"picked":"Metallicize","floor":3},{"not_picked":["Body Slam","Twin Strike","Anger"],"picked":"SKIP","floor":6},{"not_picked":["Berserk","Sword Boomerang"],"picked":"True Grit","floor":12},{"not_picked":["Iron Wave","Corruption"],"picked":"Feel No Pain","floor":14},{"not_picked":["Impervious","Offering"],"picked":"Barricade","floor":16},{"not_picked":["Armaments+1","Combust+1"],"picked":"True Grit","floor":18},{"not_picked":["Clash","True Grit"],"picked":"Infernal Blade","floor":20},{"not_picked":["Bloodletting","Cleave"],"picked":"Spot Weakness","floor":22}],"player_experience":1858988,"relics_obtained":[{"floor":6,"key":"Charon\u0027s Ashes"},{"floor":9,"key":"Matryoshka"},{"floor":22,"key":"Red Mask"},{"floor":26,"key":"Toxic Egg 2"},{"floor":26,"key":"Pantograph"}],"event_choices":[{"damage_healed":0,"gold_gain":0,"player_choice":"Donut","damage_taken":0,"max_hp_gain":5,"max_hp_loss":0,"event_name":"Big Fish","floor":4,"gold_loss":0},{"damage_healed":0,"gold_gain":75,"player_choice":"Gather Gold","damage_taken":11,"max_hp_gain":0,"max_hp_loss":0,"event_name":"World of Goop","floor":5,"gold_loss":0},{"damage_healed":0,"gold_gain":0,"player_choice":"Got Potions","damage_taken":0,"max_hp_gain":0,"max_hp_loss":0,"event_name":"Lab","floor":11,"gold_loss":0},{"damage_healed":0,"gold_gain":0,"player_choice":"Joined the Cult","damage_taken":6,"max_hp_gain":0,"max_hp_loss":0,"event_name":"Nest","floor":19,"gold_loss":0,"cards_obtained":["RitualDagger"]},{"damage_healed":0,"gold_gain":0,"player_choice":"Fought Bandits","damage_taken":0,"max_hp_gain":0,"max_hp_loss":0,"event_name":"Masked Bandits","floor":22,"gold_loss":0},{"damage_healed":0,"gold_gain":0,"player_choice":"Inject Mutagens","damage_taken":0,"relics_obtained":["MutagenicStrength"],"max_hp_gain":0,"max_hp_loss":0,"event_name":"Drug Dealer","floor":24,"gold_loss":0},{"damage_healed":0,"gold_gain":0,"player_choice":"Simplicity","damage_taken":0,"max_hp_gain":0,"max_hp_loss":0,"event_name":"Back to Basics","floor":27,"gold_loss":0,"cards_upgraded":["Strike_R","Strike_R","Strike_R","Strike_R","Strike_R","Defend_R","Defend_R","Defend_R","Defend_R"]},{"damage_healed":0,"gold_gain":0,"player_choice":"Ignored","damage_taken":0,"max_hp_gain":0,"max_hp_loss":0,"event_name":"Beggar","floor":28,"gold_loss":0}],"is_beta":false,"boss_relics":[{"not_picked":["Black Blood","Tiny House"],"picked":"Ectoplasm"}],"items_purged_floors":[],"is_endless":false,"potions_floor_spawned":[6,14,16,18,22],"killed_by":"Slavers","ascension_level":20}