{"gold_per_floor":[115,135,153,228,248,248,279,279,304,304,333,349,360,360],"floor_reached":14,"playtime":701,"items_purged":[],"score":204,"play_id":"9ca12951-cbb7-4a7b-975a-679127df246a","local_time":"20190405034743","is_ascension_mode":true,"campfire_choices":[{"data":"Neutralize","floor":6,"key":"SMITH"},{"data":"Cloak And Dagger","floor":8,"key":"SMITH"}],"neow_cost":"NONE","seed_source_timestamp":322249647791337,"circlet_count":0,"master_deck":["AscendersBane","Defend_G","Defend_G","Defend_G","Defend_G","Defend_G","Strike_G","Strike_G","Strike_G","Strike_G","Strike_G","Survivor","Neutralize+1","Predator","Cloak And Dagger+1","Terror","Dash","Tools of the Trade","Dash","Skewer"],"relics":["White Beast Statue","Omamori","Bag of Preparation","Bag of Marbles","Girya"],"potions_floor_usage":[3,5,7,11,14,14],"damage_taken":[{"damage":4,"enemies":"Small Slimes","floor":1,"turns":5},{"damage":0,"enemies":"2 Louse","floor":2,"turns":2},{"damage":0,"enemies":"Cultist","floor":3,"turns":2},{"damage":0,"enemies":"2 Fungi Beasts","floor":5,"turns":5},{"damage":26,"enemies":"Gremlin Nob","floor":7,"turns":4},{"damage":25,"enemies":"3 Sentries","floor":11,"turns":10},{"damage":0,"enemies":"Red Slaver","floor":12,"turns":3},{"damage":0,"enemies":"Blue Slaver","floor":13,"turns":3},{"damage":20,"enemies":"Lagavulin","floor":14,"turns":4}],"seed_played":"-171453932287326291","potions_obtained":[{"floor":1,"key":"LiquidBronze"},{"floor":2,"key":"AttackPotion"},{"floor":3,"key":"Swift Potion"},{"floor":5,"key":"SpeedPotion"},{"floor":7,"key":"PowerPotion"},{"floor":11,"key":"Block Potion"},{"floor":12,"key":"Explosive Potion"},{"floor":13,"key":"Poison Potion"}],"is_trial":false,"path_per_floor":["M","M","M","?","M","R","E","R","T","?","E","M","M","E"],"character_chosen":"THE_SILENT","items_purchased":[],"campfire_rested":0,"item_purchase_floors":[],"current_hp_per_floor":[55,55,55,55,55,55,29,29,29,29,4,4,4,0],"gold":360,"neow_bonus":"BOSS_RELIC","is_prod":false,"is_daily":false,"chose_seed":false,"campfire_upgraded":2,"win_rate":0,"timestamp":1554450463,"path_taken":["M","M","M","?","M","R","E","R","T","?","E","M","M","E"],"build_version":"2019-01-23","purchased_purges":0,"victory":false,"max_hp_per_floor":[66,66,66,66,66,66,66,66,66,66,66,66,66,66],"card_choices":[{"not_picked":["Dagger Spray","Terror"],"picked":"Predator","floor":1},{"not_picked":["Dodge and Roll","Endless Agony"],"picked":"Cloak And Dagger","floor":2},{"not_picked":["Backflip","Flechettes"],"picked":"Terror","floor":3},{"not_picked":["Dagger Spray","Leg Sweep"],"picked":"Dash","floor":5},{"not_picked":["Flechettes","Sucker Punch"],"picked":"Tools of the Trade","floor":7},{"not_picked":["Backflip","Tactician"],"picked":"Dash","floor":11},{"not_picked":["Dagger Throw","Blade Dance","Heel Hook"],"picked":"SKIP","floor":12},{"not_picked":["Deadly Poison","Calculated Gamble"],"picked":"Skewer","floor":13}],"player_experience":1612541,"relics_obtained":[{"floor":7,"key":"Omamori"},{"floor":9,"key":"Bag of Preparation"},{"floor":10,"key":"Bag of Marbles"},{"floor":11,"key":"Girya"}],"event_choices":[{"damage_healed":0,"gold_gain":75,"player_choice":"Gained Gold","damage_taken":0,"max_hp_gain":0,"max_hp_loss":0,"event_name":"Golden Wing","floor":4,"gold_loss":0},{"damage_healed":0,"gold_gain":0,"player_choice":"Relic","damage_taken":0,"max_hp_gain":0,"max_hp_loss":0,"event_name":"Wheel of Change","floor":10,"gold_loss":0}],"is_beta":false,"boss_relics":[],"items_purged_floors":[],"is_endless":false,"potions_floor_spawned":[1,2,3,5,7,11,12,13],"killed_by":"Lagavulin","ascension_level":20}