{"gold_per_floor":[211,221,221,186,202,229,240,240,263,137,137,167,167,200,200,276,276,291,303,320,370,383,383,383,399,453,453,473,423,423,450,450,523,523,542,555,573,207,219,247,259,284,296,319,342,354,397,409,421,433,445,457,51,84,84],"floor_reached":55,"playtime":2288,"items_purged":["Strike_R","Strike_R","Pain"],"score":1333,"play_id":"0633bad6-b607-468d-bdd0-8f6899f35d5c","local_time":"20190421213433","is_ascension_mode":true,"campfire_choices":[{"data":"Uppercut","floor":8,"key":"SMITH"},{"data":"Rage","floor":11,"key":"SMITH"},{"data":"Carnage","floor":15,"key":"SMITH"},{"data":"Feed","floor":23,"key":"SMITH"},{"data":"Double Tap","floor":27,"key":"SMITH"},{"data":"Anger","floor":30,"key":"SMITH"},{"data":"Feel No Pain","floor":32,"key":"SMITH"},{"floor":41,"key":"RECALL"},{"floor":46,"key":"REST"},{"data":"Corruption","floor":49,"key":"SMITH"},{"data":"Impervious","floor":52,"key":"SMITH"}],"neow_cost":"NONE","seed_source_timestamp":973385371356999,"circlet_count":0,"master_deck":["AscendersBane","Strike_R","Strike_R+1","Defend_R","Defend_R","Defend_R+1","Defend_R+1","Bash+1","Uppercut+1","Carnage+1","Rage+1","Anger+1","Shrug It Off","Feed+1","Flex+1","Shrug It Off","Inflame+1","Double Tap+1","Feel No Pain+1","Impervious+1","Corruption+1","Parasite","True Grit+1","Second Wind"],"relics":["Burning Blood","War Paint","Happy Flower","Vajra","Blue Candle","Bottled Flame","Runic Pyramid","Strawberry","Nunchaku","Cursed Key","OrangePellets","MawBank","Sundial","Pantograph","Bird Faced Urn"],"potions_floor_usage":[6,25,28,33,33,47,50,50,50,55,55],"damage_taken":[{"damage":2,"enemies":"2 Louse","floor":1,"turns":4},{"damage":10,"enemies":"Jaw Worm","floor":2,"turns":4},{"damage":1,"enemies":"Cultist","floor":5,"turns":3},{"damage":16,"enemies":"Gremlin Nob","floor":6,"turns":3},{"damage":5,"enemies":"Looter","floor":7,"turns":3},{"damage":15,"enemies":"Lagavulin","floor":12,"turns":7},{"damage":11,"enemies":"Gremlin Nob","floor":14,"turns":4},{"damage":14,"enemies":"Hexaghost","floor":16,"turns":7},{"damage":14,"enemies":"3 Byrds","floor":18,"turns":6},{"damage":0,"enemies":"Chosen","floor":19,"turns":3},{"damage":10,"enemies":"Snake Plant","floor":20,"turns":4},{"damage":20,"enemies":"Centurion and Healer","floor":22,"turns":4},{"damage":7,"enemies":"Cultist and Chosen","floor":25,"turns":4},{"damage":2,"enemies":"3 Cultists","floor":28,"turns":5},{"damage":11,"enemies":"Gremlin Leader","floor":31,"turns":6},{"damage":58,"enemies":"Champ","floor":33,"turns":10},{"damage":0,"enemies":"3 Shapes","floor":35,"turns":3},{"damage":3,"enemies":"Orb Walker","floor":36,"turns":2},{"damage":0,"enemies":"Transient","floor":37,"turns":5},{"damage":1,"enemies":"Writhing Mass","floor":39,"turns":6},{"damage":3,"enemies":"Nemesis","floor":40,"turns":7},{"damage":14,"enemies":"3 Darklings","floor":42,"turns":6},{"damage":5,"enemies":"Jaw Worm Horde","floor":44,"turns":5},{"damage":37,"enemies":"Transient","floor":45,"turns":5},{"damage":30,"enemies":"Reptomancer","floor":47,"turns":7},{"damage":82,"enemies":"Awakened One","floor":50,"turns":9},{"damage":55,"enemies":"Shield and Spear","floor":54,"turns":8},{"damage":97,"enemies":"The Heart","floor":55,"turns":9}],"seed_played":"1026294146139602847","potions_obtained":[{"floor":2,"key":"BloodPotion"},{"floor":5,"key":"FearPotion"},{"floor":12,"key":"FearPotion"},{"floor":25,"key":"BloodPotion"},{"floor":28,"key":"SkillPotion"},{"floor":33,"key":"GamblersBrew"},{"floor":35,"key":"SpeedPotion"},{"floor":36,"key":"PowerPotion"},{"floor":47,"key":"EntropicBrew"}],"is_trial":false,"path_per_floor":["M","M","?","?","M","E","M","R","T","$","R","E","?","E","R","B",null,"M","M","M","?","M","R","?","M","T","R","M","?","R","E","R","B",null,"M","M","M","$","M","E","R","M","T","M","M","R","E","?","R","B",null,"R","$","E","B"],"character_chosen":"IRONCLAD","items_purchased":["Shrug It Off","OrangePellets","Corruption","Pantograph","SpeedPotion"],"campfire_rested":1,"item_purchase_floors":[10,38,38,53,53],"current_hp_per_floor":[72,68,45,63,68,58,59,59,59,59,59,50,39,34,34,26,63,58,67,66,66,55,55,55,66,73,73,81,81,81,80,80,42,93,103,106,112,112,114,118,118,114,114,119,88,125,105,105,105,33,109,109,109,64,0],"gold":84,"neow_bonus":"HUNDRED_GOLD","is_prod":false,"is_daily":false,"chose_seed":false,"campfire_upgraded":9,"win_rate":0,"timestamp":1555896873,"path_taken":["M","M","?","?","M","E","M","R","T","$","R","E","?","E","R","BOSS","M","M","M","?","M","R","?","?","T","R","M","?","R","E","R","BOSS","M","M","M","$","M","E","R","M","T","?","M","R","E","?","R","BOSS","R","$","E","BOSS"],"build_version":"2019-04-21","purchased_purges":3,"victory":false,"max_hp_per_floor":[75,75,75,75,75,75,75,75,75,75,75,75,75,75,75,75,75,78,81,84,84,87,87,87,91,98,98,102,102,102,106,106,110,110,114,114,114,114,114,118,118,122,122,126,126,126,130,130,130,134,134,134,134,138,138],"card_choices":[{"not_picked":["Havoc","Cleave"],"picked":"Uppercut","floor":1},{"not_picked":["Perfected Strike","True Grit","Thunderclap"],"picked":"SKIP","floor":2},{"not_picked":["Armaments","Sword Boomerang"],"picked":"Carnage","floor":5},{"not_picked":["Dark Embrace","Feel No Pain"],"picked":"Rage","floor":6},{"not_picked":["Fire Breathing","Shockwave"],"picked":"Anger","floor":7},{"not_picked":["Perfected Strike","Fire Breathing","Exhume"],"picked":"SKIP","floor":12},{"not_picked":["Rupture","Cleave","Uppercut"],"picked":"SKIP","floor":14},{"not_picked":["Limit Break","Dark Embrace"],"picked":"Feed","floor":16},{"not_picked":["Headbutt","Warcry","Iron Wave"],"picked":"SKIP","floor":18},{"not_picked":["Thunderclap","Clothesline"],"picked":"Flex+1","floor":19},{"not_picked":["Double Tap","Inflame"],"picked":"Shrug It Off","floor":20},{"not_picked":["Body Slam+1","Armaments"],"picked":"Inflame+1","floor":22},{"not_picked":["Clothesline","Armaments"],"picked":"Double Tap","floor":25},{"not_picked":["Carnage","Headbutt","Shrug It Off"],"picked":"SKIP","floor":28},{"not_picked":["Cleave+1","Iron Wave"],"picked":"Feel No Pain","floor":31},{"not_picked":["Berserk","Bludgeon"],"picked":"Impervious","floor":33},{"not_picked":["Feel No Pain","Flex","Inflame"],"picked":"SKIP","floor":35},{"not_picked":["Armaments","Havoc","Hemokinesis"],"picked":"SKIP","floor":36},{"not_picked":["Iron Wave+1","Anger+1","Infernal Blade"],"picked":"SKIP","floor":37},{"not_picked":["Twin Strike","Dual Wield","Headbutt"],"picked":"SKIP","floor":39},{"not_picked":["Anger+1","Thunderclap","Pummel+1"],"picked":"SKIP","floor":40},{"not_picked":["Demon Form","Rage"],"picked":"True Grit+1","floor":42},{"not_picked":["Perfected Strike","Wild Strike+1","Evolve"],"picked":"SKIP","floor":44},{"not_picked":["Intimidate","Pommel Strike"],"picked":"Second Wind","floor":45},{"not_picked":["Warcry","Entrench","Infernal Blade"],"picked":"SKIP","floor":47},{"not_picked":["Rupture","Pommel Strike","Perfected Strike"],"picked":"SKIP","floor":54}],"player_experience":2439308,"relics_obtained":[{"floor":6,"key":"War Paint"},{"floor":9,"key":"Happy Flower"},{"floor":12,"key":"Vajra"},{"floor":14,"key":"Bottled Flame"},{"floor":26,"key":"Strawberry"},{"floor":31,"key":"Nunchaku"},{"floor":40,"key":"MawBank"},{"floor":47,"key":"Sundial"},{"floor":54,"key":"Bird Faced Urn"}],"event_choices":[{"damage_healed":0,"gold_gain":0,"player_choice":"Entered Light","damage_taken":23,"max_hp_gain":0,"max_hp_loss":0,"event_name":"Shining Light","floor":3,"gold_loss":0,"cards_upgraded":["Strike_R","Bash"]},{"damage_healed":18,"gold_gain":0,"player_choice":"Healed","damage_taken":0,"max_hp_gain":0,"max_hp_loss":0,"event_name":"The Cleric","floor":4,"gold_loss":35},{"damage_healed":0,"gold_gain":0,"player_choice":"Success","damage_taken":11,"relics_obtained":["Blue Candle"],"max_hp_gain":0,"max_hp_loss":0,"event_name":"Scrap Ooze","floor":13,"gold_loss":0},{"damage_healed":0,"gold_gain":50,"player_choice":"Stole From Cult","damage_taken":0,"max_hp_gain":0,"max_hp_loss":0,"event_name":"Nest","floor":21,"gold_loss":0},{"damage_healed":0,"gold_gain":0,"player_choice":"Got Potions","damage_taken":0,"max_hp_gain":0,"max_hp_loss":0,"event_name":"Lab","floor":24,"gold_loss":0},{"damage_healed":0,"gold_gain":0,"player_choice":"Bet on Murderer","damage_taken":0,"max_hp_gain":0,"max_hp_loss":0,"event_name":"The Joust","floor":29,"gold_loss":50},{"cards_removed":["Strike_R"],"damage_healed":0,"gold_gain":0,"player_choice":"Removed Attack","damage_taken":0,"max_hp_gain":0,"max_hp_loss":0,"event_name":"Falling","floor":48,"gold_loss":0}],"is_beta":true,"boss_relics":[{"not_picked":["Black Blood","Philosopher\u0027s Stone"],"picked":"Runic Pyramid"},{"not_picked":["Sozu","Busted Crown"],"picked":"Cursed Key"}],"items_purged_floors":[10,38,53],"is_endless":false,"potions_floor_spawned":[2,5,12,14,16,22,25,28,33,35,36,39,42,47,54],"killed_by":"The Heart","ascension_level":15}