{"gold_per_floor":[109,124,26,176,176,176,195,220,301,301,311,331,331],"floor_reached":13,"playtime":367,"items_purged":[],"score":169,"play_id":"165d421c-3597-4f48-b318-da29fb056690","local_time":"20190328180727","is_ascension_mode":true,"campfire_choices":[{"data":"Loop","floor":6,"key":"SMITH"},{"data":"Zap","floor":10,"key":"SMITH"}],"neow_cost":"PERCENT_DAMAGE","seed_source_timestamp":1010265885827514,"circlet_count":0,"master_deck":["AscendersBane","Strike_B","Strike_B","Strike_B","Strike_B","Defend_B","Defend_B","Defend_B","Defend_B","Zap+1","Dualcast","Barrage","Ball Lightning","Loop+1","Cold Snap","White Noise","Hologram","Cold Snap","FTL"],"relics":["Cracked Core","Mango","Spirit Poop","PreservedInsect","Letter Opener"],"potions_floor_usage":[8,11,12],"damage_taken":[{"damage":1,"enemies":"Small Slimes","floor":1,"turns":3},{"damage":7,"enemies":"Cultist","floor":2,"turns":4},{"damage":12,"enemies":"Jaw Worm","floor":7,"turns":4},{"damage":22,"enemies":"3 Sentries","floor":8,"turns":6},{"damage":7,"enemies":"2 Fungi Beasts","floor":11,"turns":3},{"damage":15,"enemies":"3 Louse","floor":12,"turns":4},{"damage":12,"enemies":"Exordium Wildlife","floor":13,"turns":1}],"seed_played":"-5878833403623713604","potions_obtained":[{"floor":2,"key":"FocusPotion"},{"floor":8,"key":"Weak Potion"},{"floor":11,"key":"Regen Potion"}],"is_trial":false,"path_per_floor":["M","M","$","?","?","R","M","E","T","R","M","M","M"],"character_chosen":"DEFECT","items_purchased":["Loop","Cold Snap"],"campfire_rested":0,"item_purchase_floors":[3,3],"current_hp_per_floor":[59,52,52,52,52,52,40,18,18,18,11,8,0],"gold":331,"neow_bonus":"ONE_RARE_RELIC","is_prod":false,"is_daily":false,"chose_seed":false,"campfire_upgraded":2,"win_rate":0,"timestamp":1553810847,"path_taken":["M","M","$","?","?","R","M","E","T","R","?","M","M"],"build_version":"2019-01-23","purchased_purges":0,"victory":false,"max_hp_per_floor":[85,85,85,85,85,85,85,85,85,85,85,85,85],"card_choices":[{"not_picked":["Rebound","Redo"],"picked":"Barrage","floor":1},{"not_picked":["Fusion","Self Repair"],"picked":"Ball Lightning","floor":2},{"not_picked":["Chill","Turbo"],"picked":"White Noise","floor":7},{"not_picked":["Leap","Steam Power"],"picked":"Hologram","floor":8},{"not_picked":["Redo","Turbo"],"picked":"Cold Snap","floor":11},{"not_picked":["Rebound","Blizzard"],"picked":"FTL","floor":12}],"player_experience":1478210,"relics_obtained":[{"floor":8,"key":"PreservedInsect"},{"floor":9,"key":"Letter Opener"}],"event_choices":[{"damage_healed":0,"gold_gain":150,"player_choice":"AGREE","damage_taken":0,"max_hp_gain":0,"max_hp_loss":0,"event_name":"Liars Game","floor":4,"gold_loss":0,"cards_obtained":["Doubt"]},{"cards_removed":["Doubt"],"damage_healed":0,"gold_gain":0,"player_choice":"Offered Curse","damage_taken":0,"relics_obtained":["Spirit Poop"],"max_hp_gain":0,"max_hp_loss":0,"event_name":"Bonfire Elementals","floor":5,"gold_loss":0}],"is_beta":false,"boss_relics":[],"items_purged_floors":[],"is_endless":false,"potions_floor_spawned":[2,8,11],"killed_by":"Exordium Wildlife","ascension_level":20}