{"gold_per_floor":[115,130,52,127,205,205,267,267,338,358,377,410,424,440,440,517,517,531,446,446,446],"floor_reached":21,"playtime":709,"items_purged":[],"score":428,"play_id":"9ef281a0-ce22-41e6-b271-cf94957ff6bc","local_time":"20190404214917","is_ascension_mode":true,"campfire_choices":[{"data":"Whirlwind","floor":6,"key":"SMITH"},{"data":"Combust","floor":15,"key":"SMITH"}],"neow_cost":"NONE","seed_source_timestamp":300735536780267,"circlet_count":0,"master_deck":["AscendersBane","Strike_R","Strike_R","Strike_R","Strike_R","Strike_R","Defend_R","Defend_R","Defend_R","Defend_R","Bash","Rampage","Uppercut","Whirlwind+1","Shockwave","Juggernaut","Combust+1","Limit Break","Armaments"],"relics":["Burning Blood","NeowsBlessing","Mercury Hourglass","Tiny Chest","Kunai","Incense Burner","Fusion Hammer","Art of War"],"potions_floor_usage":[8,11,13,16],"damage_taken":[{"damage":0,"enemies":"Cultist","floor":1,"turns":1},{"damage":0,"enemies":"Jaw Worm","floor":2,"turns":1},{"damage":0,"enemies":"Lagavulin","floor":7,"turns":1},{"damage":0,"enemies":"Small Slimes","floor":10,"turns":2},{"damage":3,"enemies":"Exordium Thugs","floor":11,"turns":4},{"damage":30,"enemies":"3 Sentries","floor":12,"turns":6},{"damage":0,"enemies":"Large Slime","floor":13,"turns":3},{"damage":11,"enemies":"Looter","floor":14,"turns":2},{"damage":56,"enemies":"Slime Boss","floor":16,"turns":9},{"damage":31,"enemies":"2 Thieves","floor":18,"turns":4},{"damage":25,"enemies":"Chosen","floor":21,"turns":4}],"seed_played":"-6011921645446121901","potions_obtained":[{"floor":1,"key":"Block Potion"},{"floor":2,"key":"Poison Potion"},{"floor":8,"key":"Fruit Juice"},{"floor":8,"key":"AttackPotion"},{"floor":12,"key":"Dexterity Potion"},{"floor":14,"key":"FairyPotion"},{"floor":16,"key":"LiquidBronze"}],"is_trial":false,"path_per_floor":["M","M","$","?","T","R","E","?","T","M","M","E","M","M","R","B",null,"M","?","?","M"],"character_chosen":"IRONCLAD","items_purchased":["Whirlwind"],"campfire_rested":0,"item_purchase_floors":[3],"current_hp_per_floor":[74,75,75,64,64,64,70,75,75,80,80,56,62,57,57,7,62,37,37,14,0],"gold":446,"neow_bonus":"THREE_ENEMY_KILL","is_prod":false,"is_daily":false,"chose_seed":false,"campfire_upgraded":2,"win_rate":0,"timestamp":1554428957,"path_taken":["M","M","$","?","?","R","E","?","T","?","M","E","M","M","R","BOSS","M","?","?","M"],"build_version":"2019-01-23","purchased_purges":0,"victory":false,"max_hp_per_floor":[75,75,75,75,75,75,75,80,80,80,80,80,80,80,80,80,80,80,80,85,85],"card_choices":[{"not_picked":["Hemokinesis","Sword Boomerang"],"picked":"Rampage","floor":1},{"not_picked":["Warcry","Body Slam"],"picked":"Uppercut","floor":2},{"not_picked":["Dual Wield","Dropkick","Hemokinesis"],"picked":"SKIP","floor":7},{"not_picked":["Burning Pact","Shrug It Off"],"picked":"Shockwave","floor":10},{"not_picked":["Pummel","Cleave","Uppercut"],"picked":"SKIP","floor":11},{"not_picked":["Havoc","Infernal Blade"],"picked":"Juggernaut","floor":12},{"not_picked":["Sword Boomerang","Carnage","Pommel Strike"],"picked":"SKIP","floor":13},{"not_picked":["Wild Strike","Clash"],"picked":"Combust","floor":14},{"not_picked":["Double Tap","Bludgeon"],"picked":"Limit Break","floor":16},{"not_picked":["Thunderclap","Pommel Strike"],"picked":"Armaments","floor":18}],"player_experience":1596204,"relics_obtained":[{"floor":5,"key":"Mercury Hourglass"},{"floor":7,"key":"Tiny Chest"},{"floor":9,"key":"Kunai"},{"floor":12,"key":"Incense Burner"}],"event_choices":[{"damage_healed":0,"gold_gain":75,"player_choice":"Gather Gold","damage_taken":11,"max_hp_gain":0,"max_hp_loss":0,"event_name":"World of Goop","floor":4,"gold_loss":0},{"damage_healed":0,"gold_gain":0,"player_choice":"Got Potions","damage_taken":0,"max_hp_gain":0,"max_hp_loss":0,"event_name":"Lab","floor":8,"gold_loss":0},{"damage_healed":0,"gold_gain":0,"player_choice":"Obtained Relic","damage_taken":0,"relics_obtained":["Art of War"],"max_hp_gain":0,"max_hp_loss":0,"event_name":"Addict","floor":19,"gold_loss":85},{"damage_healed":0,"gold_gain":0,"player_choice":"Shed Blood","damage_taken":28,"max_hp_gain":5,"max_hp_loss":0,"event_name":"Forgotten Altar","floor":20,"gold_loss":0}],"is_beta":false,"boss_relics":[{"not_picked":["Mark of Pain","Astrolabe"],"picked":"Fusion Hammer"}],"items_purged_floors":[],"is_endless":false,"potions_floor_spawned":[1,2,12,14,16],"killed_by":"Chosen","ascension_level":20}