{"gold_per_floor":[13,88,108,108,119,119,119,144,169,194,210,221,221,248,248,346,346,363,380,134,134,146,172,172],"floor_reached":24,"playtime":2122,"items_purged":[],"score":283,"play_id":"4659ca51-9b1d-4123-a5da-31eef2b69b55","local_time":"20190420132913","is_ascension_mode":true,"campfire_choices":[{"data":"Go for the Eyes","floor":6,"key":"SMITH"},{"floor":15,"key":"REST"}],"neow_cost":"NO_GOLD","seed_source_timestamp":760810915742286,"circlet_count":0,"master_deck":["Strike_B+1","Strike_B","Strike_B+1","Defend_B","Defend_B","Defend_B","Defend_B+1","Zap","Dualcast","Finesse","Metamorphosis","Coolheaded","Go for the Eyes+1","Consume+1","Sweeping Beam","Cold Snap","Recycle","Reprogram","Echo Form","Core Surge","Hello World+1","Aggregate","HandOfGreed","Self Repair","Capacitor"],"relics":["Cracked Core","Whetstone","Oddly Smooth Stone","Letter Opener","War Paint","Ancient Tea Set","Busted Crown","Regal Pillow","Singing Bowl"],"potions_floor_usage":[10,11,14,14,18],"damage_taken":[{"damage":7,"enemies":"Jaw Worm","floor":1,"turns":3},{"damage":1,"enemies":"2 Louse","floor":3,"turns":3},{"damage":0,"enemies":"Cultist","floor":5,"turns":3},{"damage":15,"enemies":"Gremlin Nob","floor":8,"turns":4},{"damage":6,"enemies":"Lagavulin","floor":10,"turns":6},{"damage":2,"enemies":"2 Fungi Beasts","floor":11,"turns":3},{"damage":0,"enemies":"Red Slaver","floor":12,"turns":3},{"damage":10,"enemies":"Gremlin Nob","floor":14,"turns":3},{"damage":1,"enemies":"Slime Boss","floor":16,"turns":15},{"damage":15,"enemies":"Shell Parasite","floor":18,"turns":3},{"damage":3,"enemies":"Spheric Guardian","floor":19,"turns":3},{"damage":0,"enemies":"Snecko","floor":22,"turns":5},{"damage":58,"enemies":"Gremlin Leader","floor":23,"turns":8},{"damage":16,"enemies":"Snake Plant","floor":24,"turns":1}],"seed_played":"-8899280898186890271","potions_obtained":[{"floor":1,"key":"Fire Potion"},{"floor":3,"key":"PowerPotion"},{"floor":4,"key":"Block Potion"},{"floor":10,"key":"Weak Potion"},{"floor":12,"key":"SteroidPotion"},{"floor":19,"key":"Weak Potion"}],"is_trial":false,"path_per_floor":["M","?","M","?","M","R","?","E","T","E","M","M","?","E","R","B",null,"M","M","$","?","M","E","M"],"character_chosen":"DEFECT","items_purchased":["HandOfGreed","Self Repair"],"campfire_rested":1,"item_purchase_floors":[20,20],"current_hp_per_floor":[68,57,56,56,56,56,56,41,41,35,33,33,15,5,27,26,75,60,57,57,57,64,13,0],"gold":172,"neow_bonus":"RANDOM_COLORLESS_2","is_prod":false,"is_daily":false,"chose_seed":false,"campfire_upgraded":1,"win_rate":0,"timestamp":1555763353,"path_taken":["M","?","M","?","?","R","?","E","T","E","M","?","?","E","R","BOSS","M","M","$","?","M","E","M"],"build_version":"2019-01-23","purchased_purges":0,"victory":false,"max_hp_per_floor":[75,75,75,75,75,75,75,75,75,75,75,75,75,75,75,75,75,75,75,75,75,75,75,75],"card_choices":[{"not_picked":["Rip and Tear","Cold Snap"],"picked":"Coolheaded","floor":1},{"not_picked":["Steam","Coolheaded"],"picked":"Go for the Eyes","floor":3},{"not_picked":["Glacier","Rebound"],"picked":"Consume","floor":5},{"not_picked":["Chaos","Compile Driver"],"picked":"Sweeping Beam","floor":8},{"not_picked":["Hello World","Tempest"],"picked":"Cold Snap","floor":10},{"not_picked":["Tempest","Barrage"],"picked":"Recycle","floor":11},{"not_picked":["Turbo","Darkness"],"picked":"Reprogram","floor":12},{"not_picked":["Redo","BootSequence"],"picked":"Echo Form","floor":14},{"not_picked":["Meteor Strike","Rainbow"],"picked":"Core Surge","floor":16},{"not_picked":[],"picked":"Hello World+1","floor":18},{"not_picked":[],"picked":"Aggregate","floor":19},{"not_picked":["Compile Driver"],"picked":"SKIP","floor":22},{"not_picked":[],"picked":"Capacitor","floor":23}],"player_experience":169813,"relics_obtained":[{"floor":8,"key":"Whetstone"},{"floor":9,"key":"Oddly Smooth Stone"},{"floor":10,"key":"Letter Opener"},{"floor":14,"key":"Ancient Tea Set"},{"floor":23,"key":"Singing Bowl"}],"event_choices":[{"damage_healed":0,"gold_gain":75,"player_choice":"Gather Gold","damage_taken":11,"max_hp_gain":0,"max_hp_loss":0,"event_name":"World of Goop","floor":2,"gold_loss":0},{"damage_healed":0,"gold_gain":0,"player_choice":"Got Potions","damage_taken":0,"max_hp_gain":0,"max_hp_loss":0,"event_name":"Lab","floor":4,"gold_loss":0},{"cards_removed":["Strike_B"],"damage_healed":0,"gold_gain":0,"player_choice":"Offered Basic","damage_taken":0,"max_hp_gain":0,"max_hp_loss":0,"event_name":"Bonfire Elementals","floor":7,"gold_loss":0},{"damage_healed":0,"gold_gain":0,"player_choice":"Success","damage_taken":18,"relics_obtained":["War Paint"],"max_hp_gain":0,"max_hp_loss":0,"event_name":"Scrap Ooze","floor":13,"gold_loss":0},{"damage_healed":0,"gold_gain":0,"player_choice":"Gave Potion","damage_taken":0,"relics_obtained":["Regal Pillow"],"max_hp_gain":0,"max_hp_loss":0,"event_name":"WeMeetAgain","floor":21,"gold_loss":0}],"is_beta":false,"boss_relics":[{"not_picked":["Cursed Key","Coffee Dripper"],"picked":"Busted Crown"}],"items_purged_floors":[],"is_endless":false,"potions_floor_spawned":[1,3,10,12,19],"killed_by":"Snake Plant","ascension_level":4}