{"gold_per_floor":[112,130,145,145,157,157,176,190,269,269],"floor_reached":10,"playtime":535,"items_purged":[],"score":124,"play_id":"c45854b7-50ae-4da9-b0c1-4ab5ba1379ee","local_time":"20190506060707","is_ascension_mode":true,"campfire_choices":[{"data":"Bash","floor":6,"key":"SMITH"}],"neow_cost":"PERCENT_DAMAGE","seed_source_timestamp":1166952446547425,"circlet_count":0,"master_deck":["AscendersBane","Strike_R+1","Strike_R+1","Strike_R","Defend_R","Defend_R","Defend_R","Defend_R","Bash+1","Headbutt","Shockwave","Demon Form","Shrug It Off"],"relics":["Burning Blood","Blue Candle"],"potions_floor_usage":[5,7,7],"damage_taken":[{"damage":2,"enemies":"Cultist","floor":1,"turns":4},{"damage":6,"enemies":"Jaw Worm","floor":2,"turns":6},{"damage":9,"enemies":"2 Louse","floor":3,"turns":4},{"damage":0,"enemies":"2 Fungi Beasts","floor":5,"turns":4},{"damage":25,"enemies":"Gremlin Gang","floor":7,"turns":6},{"damage":1,"enemies":"Blue Slaver","floor":8,"turns":4},{"damage":50,"enemies":"Gremlin Nob","floor":10,"turns":4}],"seed_played":"-5916262691318484032","potions_obtained":[{"floor":1,"key":"Energy Potion"},{"floor":3,"key":"Block Potion"},{"floor":5,"key":"Regen Potion"}],"is_trial":false,"path_per_floor":["M","M","M","?","M","R","M","M","T","E"],"character_chosen":"IRONCLAD","items_purchased":[],"campfire_rested":0,"item_purchase_floors":[],"current_hp_per_floor":[54,54,51,28,34,34,30,35,35,0],"gold":269,"neow_bonus":"REMOVE_TWO","is_prod":false,"is_daily":false,"chose_seed":false,"campfire_upgraded":1,"win_rate":0,"timestamp":1557137227,"path_taken":["M","?","M","?","M","R","M","M","T","E"],"build_version":"2019-01-23","purchased_purges":0,"victory":false,"max_hp_per_floor":[75,75,75,75,75,75,75,75,75,75],"card_choices":[{"not_picked":["Evolve","Burning Pact"],"picked":"Headbutt","floor":1},{"not_picked":["Cleave","Warcry"],"picked":"Shockwave","floor":2},{"not_picked":["Perfected Strike","Intimidate","Entrench"],"picked":"SKIP","floor":3},{"not_picked":["Armaments","Clash"],"picked":"Demon Form","floor":5},{"not_picked":["Sword Boomerang","Armaments"],"picked":"Shrug It Off","floor":7},{"not_picked":["Ghostly Armor","Body Slam","Bloodletting"],"picked":"SKIP","floor":8}],"player_experience":2383988,"relics_obtained":[{"floor":9,"key":"Blue Candle"}],"event_choices":[{"damage_healed":0,"gold_gain":0,"player_choice":"Entered Light","damage_taken":23,"max_hp_gain":0,"max_hp_loss":0,"event_name":"Shining Light","floor":4,"gold_loss":0,"cards_upgraded":["Strike_R","Strike_R"]}],"is_beta":false,"boss_relics":[],"items_purged_floors":[],"is_endless":false,"potions_floor_spawned":[1,3,5],"killed_by":"Gremlin Nob","ascension_level":20}