{"gold_per_floor":[114,114,125,140,140,140,169,6,53,53,53,65,94,94,94,171,171,125,173,184,184,184],"floor_reached":22,"playtime":742,"items_purged":[],"score":384,"play_id":"88ce567a-3a3a-4d8a-9c35-033cfd021d2c","local_time":"20190406235243","is_ascension_mode":true,"campfire_choices":[{"data":"Neutralize","floor":6,"key":"SMITH"},{"floor":11,"key":"REST"},{"floor":15,"key":"REST"}],"neow_cost":"NONE","seed_source_timestamp":2119278073750690,"circlet_count":0,"master_deck":["AscendersBane","Defend_G","Defend_G","Defend_G","Defend_G","Defend_G","Strike_G","Strike_G","Strike_G","Strike_G","Strike_G","Survivor","Neutralize+1","Envenom","PiercingWail","All Out Attack","Deadly Poison","Glass Knife","Crippling Poison","Malaise","Dodge and Roll","Dash"],"relics":["Ring of the Snake","Dream Catcher","Lantern","Bag of Marbles","Juzu Bracelet","Snecko Eye","Anchor"],"potions_floor_usage":[7,16,16],"damage_taken":[{"damage":1,"enemies":"Small Slimes","floor":1,"turns":4},{"damage":2,"enemies":"2 Louse","floor":3,"turns":5},{"damage":1,"enemies":"Cultist","floor":4,"turns":5},{"damage":35,"enemies":"Gremlin Nob","floor":7,"turns":5},{"damage":0,"enemies":"Lots of Slimes","floor":12,"turns":4},{"damage":21,"enemies":"3 Sentries","floor":13,"turns":9},{"damage":34,"enemies":"The Guardian","floor":16,"turns":14},{"damage":17,"enemies":"2 Thieves","floor":18,"turns":5},{"damage":27,"enemies":"Spheric Guardian","floor":20,"turns":6},{"damage":12,"enemies":"Centurion and Healer","floor":22,"turns":3}],"seed_played":"1175948647889111535","potions_obtained":[{"floor":4,"key":"PowerPotion"},{"floor":7,"key":"Weak Potion"},{"floor":12,"key":"Dexterity Potion"},{"floor":20,"key":"Explosive Potion"}],"is_trial":false,"path_per_floor":["M","?","M","M","?","R","E","$","T","$","R","M","E","?","R","B",null,"M","T","M","?","M"],"character_chosen":"THE_SILENT","items_purchased":["Lantern"],"campfire_rested":2,"item_purchase_floors":[8],"current_hp_per_floor":[58,58,56,55,55,55,20,20,20,20,39,39,18,18,37,3,50,33,33,6,6,0],"gold":184,"neow_bonus":"ONE_RANDOM_RARE_CARD","is_prod":false,"is_daily":false,"chose_seed":false,"campfire_upgraded":1,"win_rate":0,"timestamp":1554609163,"path_taken":["M","?","M","M","?","R","E","$","T","$","R","M","E","?","R","BOSS","M","?","M","?","M"],"build_version":"2019-04-04","purchased_purges":0,"victory":false,"max_hp_per_floor":[66,66,66,66,66,66,66,66,66,66,66,66,66,66,66,66,66,66,66,66,66,66],"card_choices":[{"not_picked":["Expertise","Backflip"],"picked":"PiercingWail","floor":1},{"not_picked":["Tactician","Outmaneuver"],"picked":"All Out Attack","floor":3},{"not_picked":["Crippling Poison","Deflect"],"picked":"Deadly Poison","floor":4},{"not_picked":["PiercingWail","Blade Dance"],"picked":"Glass Knife","floor":7},{"not_picked":["Deflect","Expertise","Deadly Poison"],"picked":"SKIP","floor":12},{"not_picked":["Deflect","Poisoned Stab","Bouncing Flask"],"picked":"SKIP","floor":13},{"not_picked":["Poisoned Stab","Deadly Poison"],"picked":"Crippling Poison","floor":15},{"not_picked":["Glass Knife","Burst"],"picked":"Malaise","floor":16},{"not_picked":["Sucker Punch","Blade Dance","Deadly Poison"],"picked":"SKIP","floor":18},{"not_picked":["Prepared","Dagger Spray"],"picked":"Dodge and Roll","floor":20}],"player_experience":2370977,"relics_obtained":[{"floor":7,"key":"Dream Catcher"},{"floor":9,"key":"Bag of Marbles"},{"floor":13,"key":"Juzu Bracelet"},{"floor":19,"key":"Anchor"}],"event_choices":[{"damage_healed":0,"gold_gain":0,"player_choice":"Leave","damage_taken":0,"max_hp_gain":0,"max_hp_loss":0,"event_name":"The Cleric","floor":2,"gold_loss":0},{"damage_healed":0,"gold_gain":0,"player_choice":"Ignored","damage_taken":0,"max_hp_gain":0,"max_hp_loss":0,"event_name":"Liars Game","floor":5,"gold_loss":0},{"damage_healed":0,"gold_gain":0,"player_choice":"Got Potions","damage_taken":0,"max_hp_gain":0,"max_hp_loss":0,"event_name":"Lab","floor":14,"gold_loss":0},{"damage_healed":0,"gold_gain":0,"player_choice":"Read","damage_taken":0,"max_hp_gain":0,"max_hp_loss":0,"event_name":"The Library","floor":21,"gold_loss":0,"cards_obtained":["Dash"]}],"is_beta":true,"boss_relics":[{"not_picked":["Philosopher\u0027s Stone","WristBlade"],"picked":"Snecko Eye"}],"items_purged_floors":[],"is_endless":false,"potions_floor_spawned":[4,7,12,13,20],"killed_by":"Centurion and Healer","ascension_level":20}