{"path_per_floor":["M","M","M","?","?","R","E","R","T","M","M","M","E","M","R","B",null,"M","?","?","?","M","E","M","M","T","R","E","R","T","M","R"],"character_chosen":"IRONCLAD","items_purchased":[],"gold_per_floor":[118,128,140,140,140,140,166,166,190,210,222,236,269,281,281,380,380,400,300,300,250,270,297,316,336,336,336,370,370,418,428,428],"floor_reached":33,"campfire_rested":0,"playtime":2578,"current_hp_per_floor":[40,45,37,37,37,37,35,35,35,40,58,68,74,83,83,54,96,96,96,96,96,89,88,72,31,31,31,16,16,16,30,30],"items_purged":[],"gold":428,"score":324,"play_id":"5686572e-1c36-45ed-a773-909c0da52d8d","is_prod":false,"is_daily":false,"is_ascension_mode":false,"campfire_upgraded":6,"path_taken":["M","M","?","?","?","R","E","R","T","?","M","M","E","M","R","BOSS","M","?","?","?","M","E","M","M","T","R","E","R","?","M","R","BOSS"],"build_version":"2018-02-08-PROD1","purchased_purges":0,"victory":false,"master_deck":["Strike_R","Strike_R+1","Strike_R+1","Strike_R","Defend_R","Defend_R","Defend_R+1","Defend_R","Bash+1","Inflame+1","Dual Wield+1","Sentinel+1","Reaper+1","Heavy Blade","Heavy Blade+1","Headbutt","Clothesline+1","Bludgeon","J.A.X.+1","Rage+1","Metallicize+1","Flex+1","Parasite","Flex+1","Regret","Uppercut"],"max_hp_per_floor":[96,96,96,96,96,96,96,96,96,96,96,96,96,96,96,96,96,96,96,96,96,96,96,96,96,96,96,103,103,103,103,103],"relics":["Burning Blood","Whetstone","Bag of Preparation","Dodecahedron","Cursed Key","Paper Frog","Champion Belt","Strawberry","War Paint"],"card_choices":[{"not_picked":["Clash","Cleave"],"picked":"Inflame"},{"not_picked":["Havoc","Armaments"],"picked":"Dual Wield"},{"not_picked":["Twin Strike","Intimidate"],"picked":"Sentinel"},{"not_picked":["Sever Soul","Iron Wave"],"picked":"Reaper"},{"not_picked":["Iron Wave","Battle Trance"],"picked":"Heavy Blade"},{"not_picked":["Seeing Red","Twin Strike"],"picked":"Heavy Blade"},{"not_picked":["Rupture","Combust"],"picked":"Headbutt"},{"not_picked":["Rampage","Second Wind"],"picked":"Clothesline"},{"not_picked":["Berserk","Dark Embrace"],"picked":"Bludgeon"},{"not_picked":["Clash","Anger"],"picked":"Rage"},{"not_picked":["Sentinel","Rage"],"picked":"Metallicize"},{"not_picked":["Hemokinesis","Rupture"],"picked":"Flex"},{"not_picked":["Disarm","Barricade"],"picked":"Flex"},{"not_picked":["Metallicize","Shrug It Off"],"picked":"Uppercut"}],"player_experience":128876,"potions_floor_usage":[7,11,23,23,23,28,33],"damage_taken":[{"damage":14,"enemies":"Blue Slaver","floor":1,"turns":3},{"damage":1,"enemies":"Jaw Worm","floor":2,"turns":3},{"damage":14,"enemies":"2 Louse","floor":3,"turns":5},{"damage":8,"enemies":"Lagavulin","floor":7,"turns":5},{"damage":9,"enemies":"Red Slaver","floor":10,"turns":5},{"damage":11,"enemies":"Gremlin Gang","floor":11,"turns":4},{"damage":4,"enemies":"Exordium Wildlife","floor":12,"turns":5},{"damage":24,"enemies":"3 Sentries","floor":13,"turns":5},{"damage":12,"enemies":"3 Louse","floor":14,"turns":3},{"damage":43,"enemies":"The Guardian","floor":16,"turns":8},{"damage":0,"enemies":"Spheric Guardian","floor":18,"turns":2},{"damage":13,"enemies":"2 Thieves","floor":22,"turns":3},{"damage":21,"enemies":"Slavers","floor":23,"turns":4},{"damage":22,"enemies":"Snake Plant","floor":24,"turns":5},{"damage":61,"enemies":"Slaver and Parasite","floor":25,"turns":5},{"damage":51,"enemies":"Gremlin Leader","floor":28,"turns":6},{"damage":6,"enemies":"Centurion and Healer","floor":31,"turns":4},{"damage":72,"enemies":"Collector","floor":33,"turns":5}],"event_choices":[{"event_name":"Purifier","player_choice":"One Purge","floor":4,"damage_taken":0},{"event_name":"Accursed Blacksmith","player_choice":"Forge","floor":5,"damage_taken":0},{"event_name":"Drug Dealer","player_choice":"Got JAXXED","floor":19,"damage_taken":0},{"event_name":"Back to Basics","player_choice":"Elegance","floor":20,"damage_taken":0},{"event_name":"The Joust","player_choice":"Bet on Murderer","floor":21,"damage_taken":0}],"boss_relics":[{"not_picked":["Ectoplasm","Calling Bell"],"picked":"Cursed Key"}],"potions_floor_spawned":[1,10,12,13,18,24,31],"seed_played":"-1382585616760885685","killed_by":"Collector","ascension_level":0,"is_trial":false}