{"gold_per_floor":[363,377,377,377,390,390,406,406,406,435,126,126,136,162,162,239,239,239,239,239,54,54,54,54,54,54,54,54,54,54,54,54,54,54,54,54,54,54,54,54,54,54,54,54,54,54,54,54,54,54],"floor_reached":51,"playtime":2488,"items_purged":[],"score":1470,"play_id":"e5b0e505-c864-40d9-a748-312ca2cdde69","local_time":"20180815104300","is_ascension_mode":true,"campfire_choices":[{"data":"Neutralize","floor":6,"key":"SMITH"},{"data":"Cloak And Dagger","floor":8,"key":"SMITH"},{"data":"Defend_G","floor":15,"key":"SMITH"},{"data":"Noxious Fumes","floor":23,"key":"SMITH"},{"data":"PiercingWail","floor":25,"key":"SMITH"},{"data":"Defend_G","floor":30,"key":"SMITH"},{"data":"Defend_G","floor":32,"key":"SMITH"},{"data":"Footwork","floor":40,"key":"SMITH"},{"data":"After Image","floor":44,"key":"SMITH"},{"data":"Defend_G","floor":46,"key":"SMITH"},{"data":"Defend_G","floor":49,"key":"SMITH"}],"neow_cost":"TEN_PERCENT_HP_LOSS","seed_source_timestamp":1263370811779,"circlet_count":0,"master_deck":["Defend_G+1","Defend_G+1","Defend_G+1","Defend_G+1","Defend_G+1","Strike_G","Strike_G+1","Strike_G","Survivor","Neutralize+1","AscendersBane","Cloak And Dagger+1","Poisoned Stab+1","Flying Knee","PiercingWail+1","Burst+1","Leg Sweep+1","Adrenaline+1","Escape Plan+1","Adrenaline+1","Venomology+1","Backflip+1","Noxious Fumes+1","Blur+1","Dodge and Roll+1","Sucker Punch","Cloak And Dagger+1","Leg Sweep+1","Bouncing Flask+1","After Image+1","Crippling Poison+1","Footwork+1","Backflip+1","Deflect+1","Writhe"],"relics":["Ring of the Snake","Ornamental Fan","Toxic Egg 2","Pear","Matryoshka","Ectoplasm","Nilry\u0027s Codex","Regal Pillow","Bottled Lightning","Bird Faced Urn","Whetstone","Philosopher\u0027s Stone","Tough Bandages","Snake Skull","Dodecahedron","Bronze Scales"],"potions_floor_usage":[10,14,14,18,19,22,28,29,31,36,39,39,50,50,50],"damage_taken":[{"damage":1,"enemies":"Small Slimes","floor":1,"turns":5},{"damage":3,"enemies":"Cultist","floor":2,"turns":5},{"damage":0,"enemies":"2 Louse","floor":5,"turns":4},{"damage":4,"enemies":"Large Slime","floor":7,"turns":8},{"damage":12,"enemies":"Gremlin Nob","floor":10,"turns":5},{"damage":9,"enemies":"Gremlin Gang","floor":13,"turns":9},{"damage":10,"enemies":"Lagavulin","floor":14,"turns":7},{"damage":5,"enemies":"The Guardian","floor":16,"turns":22},{"damage":7,"enemies":"Shell Parasite","floor":18,"turns":6},{"damage":0,"enemies":"3 Byrds","floor":19,"turns":9},{"damage":0,"enemies":"Shelled Parasite and Fungi","floor":22,"turns":7},{"damage":0,"enemies":"Centurion and Healer","floor":24,"turns":9},{"damage":0,"enemies":"Snecko","floor":27,"turns":8},{"damage":0,"enemies":"Book of Stabbing","floor":28,"turns":8},{"damage":0,"enemies":"Cultist and Chosen","floor":29,"turns":1},{"damage":0,"enemies":"Slavers","floor":31,"turns":7},{"damage":20,"enemies":"Collector","floor":33,"turns":11},{"damage":0,"enemies":"Orb Walker","floor":35,"turns":3},{"damage":7,"enemies":"Flame Bruiser 1 Orb","floor":36,"turns":6},{"damage":23,"enemies":"Spire Growth","floor":37,"turns":7},{"damage":0,"floor":38,"turns":6},{"damage":17,"enemies":"Maw","floor":39,"turns":9},{"damage":0,"enemies":"Transient","floor":41,"turns":6},{"damage":0,"enemies":"Jaw Worm Horde","floor":42,"turns":5},{"damage":0,"enemies":"2 Orb Walkers","floor":47,"turns":6},{"damage":9,"enemies":"Donu and Deca","floor":50,"turns":11}],"seed_played":"5700561657217321996","potions_obtained":[{"floor":5,"key":"Fire Potion"},{"floor":10,"key":"Poison Potion"},{"floor":16,"key":"Regen Potion"},{"floor":18,"key":"Regen Potion"},{"floor":22,"key":"Fire Potion"},{"floor":35,"key":"Explosive Potion"},{"floor":36,"key":"GhostInAJar"},{"floor":37,"key":"Dexterity Potion"},{"floor":39,"key":"EssenceOfSteel"}],"is_trial":false,"path_per_floor":["M","M","?","?","M","R","M","R","T","E","$","T","M","E","R","B",null,"M","M","?","$","M","R","M","R","T","M","E","M","R","E","R","B",null,"M","M","M","?","M","R","M","M","T","R","?","R","E","$","R","B"],"character_chosen":"THE_SILENT","items_purchased":["Leg Sweep+1","Adrenaline+1","Regen Potion","Noxious Fumes","Blur+1"],"campfire_rested":0,"item_purchase_floors":[11,11,11,21,21],"current_hp_per_floor":[58,55,55,55,55,55,51,51,51,39,39,49,40,45,45,40,63,56,70,49,49,64,64,64,64,64,64,64,66,66,70,70,52,66,70,69,47,53,42,42,48,54,54,54,68,68,70,70,70,61],"gold":54,"neow_bonus":"TWO_FIFTY_GOLD","is_prod":false,"is_daily":false,"chose_seed":false,"campfire_upgraded":11,"win_rate":0,"timestamp":1534354980,"path_taken":["M","M","?","?","?","R","M","R","T","E","$","?","M","E","R","BOSS","M","M","?","$","M","R","M","R","T","?","E","M","R","E","R","BOSS","M","M","M","?","M","R","M","M","T","R","?","R","E","$","R","BOSS"],"build_version":"2018-08-14","purchased_purges":0,"victory":true,"max_hp_per_floor":[60,60,60,60,60,60,60,60,60,60,60,70,70,70,70,70,70,70,70,70,70,70,70,70,70,70,70,70,70,70,70,70,70,70,70,70,70,70,70,70,70,70,70,70,70,70,70,70,70,70],"card_choices":[{"not_picked":["Bane","Slice"],"picked":"Cloak And Dagger","floor":1},{"not_picked":["Calculated Gamble","Choke"],"picked":"Poisoned Stab","floor":2},{"not_picked":["Bane","Wraith Form v2"],"picked":"Flying Knee","floor":5},{"not_picked":["Poisoned Stab","Flying Knee"],"picked":"PiercingWail","floor":7},{"not_picked":["Acrobatics","PiercingWail"],"picked":"Burst","floor":10},{"not_picked":["Blade Dance+1","Endless Agony"],"picked":"Escape Plan+1","floor":13},{"not_picked":["All Out Attack","Skewer"],"picked":"Adrenaline+1","floor":14},{"not_picked":["Night Terror+1","Storm of Steel+1"],"picked":"Venomology+1","floor":16},{"not_picked":["Flechettes+1","Eviscerate","Expertise+1"],"picked":"SKIP","floor":18},{"not_picked":["Quick Slash","Masterful Stab"],"picked":"Backflip+1","floor":19},{"not_picked":["Heel Hook","Slice"],"picked":"Dodge and Roll+1","floor":22},{"not_picked":["Caltrops","Riddle With Holes"],"picked":"Sucker Punch","floor":24},{"not_picked":["Sucker Punch","Dagger Throw"],"picked":"Cloak And Dagger+1","floor":27},{"not_picked":["Envenom","Prepared+1"],"picked":"Leg Sweep+1","floor":28},{"not_picked":["Backstab","Escape Plan+1"],"picked":"Bouncing Flask+1","floor":31},{"not_picked":["Venomology+1","Wraith Form v2"],"picked":"After Image","floor":33},{"not_picked":["All Out Attack","Bane"],"picked":"Crippling Poison+1","floor":35},{"not_picked":["PiercingWail+1","Dagger Throw","Endless Agony"],"picked":"SKIP","floor":36},{"not_picked":["Escape Plan+1","Catalyst+1"],"picked":"Footwork","floor":37},{"not_picked":["Outmaneuver+1","Leg Sweep+1"],"picked":"Backflip+1","floor":38},{"not_picked":["Flying Knee+1","Acrobatics+1","Quick Slash"],"picked":"SKIP","floor":39},{"not_picked":["PiercingWail+1","Bane","Prepared+1"],"picked":"SKIP","floor":41},{"not_picked":["Prepared+1","Dagger Spray"],"picked":"Deflect+1","floor":42},{"not_picked":["Dagger Throw","Outmaneuver+1","PiercingWail+1"],"picked":"SKIP","floor":47}],"player_experience":884155,"relics_obtained":[{"floor":9,"key":"Ornamental Fan"},{"floor":10,"key":"Toxic Egg 2"},{"floor":12,"key":"Pear"},{"floor":14,"key":"Matryoshka"},{"floor":20,"key":"Nilry\u0027s Codex"},{"floor":26,"key":"Regal Pillow"},{"floor":26,"key":"Bottled Lightning"},{"floor":28,"key":"Bird Faced Urn"},{"floor":31,"key":"Whetstone"},{"floor":38,"key":"Tough Bandages"},{"floor":43,"key":"Snake Skull"},{"floor":43,"key":"Dodecahedron"},{"floor":47,"key":"Bronze Scales"}],"event_choices":[{"event_name":"Purifier","player_choice":"One Purge","floor":3,"damage_taken":0},{"event_name":"Living Wall","player_choice":"Forget","floor":4,"damage_taken":0},{"event_name":"Cursed Tome","player_choice":"Obtained Book","floor":20,"damage_taken":0},{"event_name":"Mysterious Sphere","player_choice":"Fight","floor":38,"damage_taken":0},{"event_name":"Winding Halls","player_choice":"Writhe","floor":45,"damage_taken":0}],"is_beta":true,"boss_relics":[{"not_picked":["WristBlade","Lizard Tail"],"picked":"Ectoplasm"},{"not_picked":["Velvet Choker","Calling Bell"],"picked":"Philosopher\u0027s Stone"}],"items_purged_floors":[],"is_endless":false,"potions_floor_spawned":[5,10,13,16,18,19,22,29,33,35,36,37,39,42],"ascension_level":17}