{"gold_per_floor":[110,128,144,14,29,61,61,95,95,120,120,150,150,150],"floor_reached":14,"playtime":1013,"items_purged":[],"score":236,"play_id":"31b571b9-d353-4895-9ca0-f095a867b13c","local_time":"20190509235309","is_ascension_mode":true,"campfire_choices":[{"data":"Bash","floor":7,"key":"SMITH"},{"data":"Carnage","floor":13,"key":"SMITH"}],"neow_cost":"NONE","seed_source_timestamp":1489672987224808,"circlet_count":0,"master_deck":["AscendersBane","Strike_R","Strike_R","Strike_R","Strike_R","Strike_R","Defend_R","Defend_R","Defend_R","Defend_R","Bash+1","Pommel Strike","Flame Barrier","Armaments","Carnage+1","Evolve+1","Feel No Pain","Wild Strike","Shrug It Off"],"relics":["Burning Blood","Calipers","Vajra","Bottled Tornado","Pocketwatch"],"potions_floor_usage":[10,12],"damage_taken":[{"damage":6,"enemies":"Cultist","floor":1,"turns":3},{"damage":6,"enemies":"2 Louse","floor":2,"turns":3},{"damage":9,"enemies":"Jaw Worm","floor":3,"turns":6},{"damage":1,"enemies":"2 Fungi Beasts","floor":5,"turns":4},{"damage":33,"enemies":"3 Sentries","floor":6,"turns":8},{"damage":32,"enemies":"Gremlin Nob","floor":8,"turns":4},{"damage":5,"enemies":"3 Sentries","floor":10,"turns":4},{"damage":16,"enemies":"Lagavulin","floor":12,"turns":6},{"damage":15,"enemies":"Gremlin Gang","floor":14,"turns":3}],"seed_played":"-6248474547839217485","potions_obtained":[{"floor":6,"key":"EssenceOfSteel"},{"floor":10,"key":"SpeedPotion"}],"is_trial":false,"path_per_floor":["M","M","M","$","M","E","R","E","T","E","?","E","R","M"],"character_chosen":"IRONCLAD","items_purchased":["Carnage","AttackPotion"],"campfire_rested":0,"item_purchase_floors":[4,4],"current_hp_per_floor":[75,75,72,72,77,50,50,24,24,25,25,15,15,0],"gold":150,"neow_bonus":"TEN_PERCENT_HP_BONUS","is_prod":false,"is_daily":false,"chose_seed":false,"campfire_upgraded":2,"win_rate":0,"timestamp":1557460389,"path_taken":["M","M","M","$","?","E","R","E","T","E","?","E","R","M"],"build_version":"2019-01-23","purchased_purges":0,"victory":false,"max_hp_per_floor":[82,82,82,82,82,82,82,82,82,82,82,82,82,82],"card_choices":[{"not_picked":["Warcry","Blood for Blood"],"picked":"Pommel Strike","floor":1},{"not_picked":["Sword Boomerang","Armaments"],"picked":"Flame Barrier","floor":2},{"not_picked":["Havoc","Heavy Blade"],"picked":"Armaments","floor":3},{"not_picked":["Armaments","Body Slam"],"picked":"Evolve","floor":5},{"not_picked":["Offering","Searing Blow"],"picked":"Feel No Pain","floor":6},{"not_picked":["Pummel","Clash","Sword Boomerang"],"picked":"SKIP","floor":8},{"not_picked":["Thunderclap","Ghostly Armor"],"picked":"Wild Strike","floor":10},{"not_picked":["Berserk","Havoc"],"picked":"Shrug It Off","floor":12}],"player_experience":2531806,"relics_obtained":[{"floor":6,"key":"Calipers"},{"floor":8,"key":"Vajra"},{"floor":10,"key":"Bottled Tornado"},{"floor":12,"key":"Pocketwatch"}],"event_choices":[{"damage_healed":0,"gold_gain":0,"player_choice":"Forge","damage_taken":0,"max_hp_gain":0,"max_hp_loss":0,"event_name":"Accursed Blacksmith","floor":11,"gold_loss":0,"cards_upgraded":["Evolve"]}],"is_beta":false,"boss_relics":[],"items_purged_floors":[],"is_endless":false,"potions_floor_spawned":[6,8,10],"killed_by":"Gremlin Gang","ascension_level":20}