{"gold_per_floor":[114,129,129,54,10,41,41,76,76,76,76,1,19,29,29,29],"floor_reached":16,"playtime":282,"items_purged":["Strike_B"],"score":266,"play_id":"d489e756-43f1-43f7-a3c6-d4ce0cbfcd5d","local_time":"20190403194833","is_ascension_mode":true,"campfire_choices":[{"data":"Streamline","floor":7,"key":"SMITH"},{"data":"Consume","floor":11,"key":"SMITH"},{"data":"Zap","floor":15,"key":"SMITH"}],"neow_cost":"NONE","seed_source_timestamp":207511438206298,"circlet_count":0,"master_deck":["AscendersBane","Strike_B","Defend_B","Defend_B+1","Defend_B","Defend_B","Zap+1","Dualcast+1","Capacitor","Cold Snap","BootSequence","Streamline+1","Consume+1","FTL"],"relics":["Cracked Core","NeowsBlessing","Darkstone Periapt","Torii"],"potions_floor_usage":[8,14,16],"damage_taken":[{"damage":0,"enemies":"2 Louse","floor":1,"turns":1},{"damage":0,"enemies":"Small Slimes","floor":2,"turns":1},{"damage":0,"enemies":"Lagavulin","floor":6,"turns":1},{"damage":21,"enemies":"Gremlin Nob","floor":8,"turns":4},{"damage":0,"enemies":"Cultist","floor":13,"turns":3},{"damage":0,"enemies":"Gremlin Gang","floor":14,"turns":3},{"damage":19,"enemies":"Slime Boss","floor":16,"turns":3}],"seed_played":"-7613416054006163969","potions_obtained":[{"floor":2,"key":"PowerPotion"},{"floor":6,"key":"Dexterity Potion"},{"floor":8,"key":"Explosive Potion"}],"is_trial":false,"path_per_floor":["M","M","?","?","$","E","R","E","T","?","R","$","M","M","R","B"],"character_chosen":"DEFECT","items_purchased":["BootSequence"],"campfire_rested":0,"item_purchase_floors":[5],"current_hp_per_floor":[64,64,57,57,57,57,57,36,36,15,15,15,15,15,15,0],"gold":29,"neow_bonus":"THREE_ENEMY_KILL","is_prod":false,"is_daily":false,"chose_seed":false,"campfire_upgraded":3,"win_rate":0,"timestamp":1554335313,"path_taken":["M","M","?","?","$","E","R","E","T","?","R","$","M","M","R","BOSS"],"build_version":"2019-01-23","purchased_purges":1,"victory":false,"max_hp_per_floor":[71,71,71,71,71,71,71,71,71,71,71,71,71,71,71,71],"card_choices":[{"not_picked":["Sweeping Beam","Reinforced Body"],"picked":"Capacitor","floor":1},{"not_picked":["Leap","Hologram"],"picked":"Cold Snap","floor":2},{"not_picked":["Leap","Beam Cell"],"picked":"Streamline","floor":6},{"not_picked":["Redo","Auto Shields"],"picked":"Consume","floor":8},{"not_picked":["Steam Power","Compile Driver","Auto Shields"],"picked":"SKIP","floor":13},{"not_picked":["Steam Power","Compile Driver","Auto Shields"],"picked":"SKIP","floor":13},{"not_picked":["Sunder","Redo"],"picked":"FTL","floor":14}],"player_experience":1577554,"relics_obtained":[{"floor":6,"key":"Darkstone Periapt"},{"floor":8,"key":"Torii"}],"event_choices":[{"cards_removed":["Strike_B"],"damage_healed":0,"gold_gain":0,"player_choice":"Card Removal","damage_taken":7,"max_hp_gain":0,"max_hp_loss":0,"event_name":"Golden Wing","floor":3,"gold_loss":0},{"cards_removed":["Strike_B"],"damage_healed":0,"gold_gain":0,"player_choice":"Card Removal","damage_taken":0,"max_hp_gain":0,"max_hp_loss":0,"event_name":"The Cleric","floor":4,"gold_loss":75},{"damage_healed":0,"gold_gain":0,"player_choice":"Entered Light","damage_taken":21,"max_hp_gain":0,"max_hp_loss":0,"event_name":"Shining Light","floor":10,"gold_loss":0,"cards_upgraded":["Dualcast","Defend_B"]}],"is_beta":false,"boss_relics":[],"items_purged_floors":[12],"is_endless":false,"potions_floor_spawned":[2,6,8],"killed_by":"Slime Boss","ascension_level":20}