{"gold_per_floor":[118,118,43,60,78,104,104,120,120,120,151,151,151,151,151,224,224,243,243,93,105,155,155,190,190,214,214,31,31,66,41,41,115,115,126,126,138,104,104,137,137,150,150,150],"floor_reached":44,"playtime":1434,"items_purged":["Regret","Doubt"],"score":905,"play_id":"937f5910-025f-467b-8d31-40ee6e17ab16","local_time":"20190307190122","is_ascension_mode":true,"campfire_choices":[{"data":"Bash","floor":7,"key":"SMITH"},{"data":"Bludgeon","floor":12,"key":"SMITH"},{"floor":15,"key":"REST"},{"data":"Havoc","floor":23,"key":"SMITH"},{"floor":32,"key":"REST"}],"neow_cost":"NONE","seed_source_timestamp":1576094566386439,"circlet_count":0,"master_deck":["AscendersBane","Defend_R","Defend_R","Defend_R","Bash+1","Headbutt","Twin Strike","Shrug It Off","Feel No Pain","Bludgeon+1","Battle Trance","Immolate","Spot Weakness","Bite","Bite","Bite","Bite","Bite","Havoc+1","Shrug It Off","Injury","Apotheosis","True Grit","Impervious","Corruption","Disarm","True Grit+1","Normality"],"relics":["Calling Bell","Red Skull","Dodecahedron","Champion Belt","Mercury Hourglass","Blue Candle","NlothsMask","Juzu Bracelet","Cursed Key","Pen Nib","Blood Vial","Sozu","Frozen Egg 2","The Courier"],"potions_floor_usage":[6,11,16,30,44],"damage_taken":[{"damage":16,"enemies":"2 Louse","floor":1,"turns":4},{"damage":7,"enemies":"Small Slimes","floor":4,"turns":4},{"damage":4,"enemies":"Cultist","floor":5,"turns":3},{"damage":17,"enemies":"3 Sentries","floor":6,"turns":7},{"damage":14,"enemies":"Exordium Wildlife","floor":8,"turns":3},{"damage":0,"enemies":"Gremlin Nob","floor":11,"turns":1},{"damage":19,"enemies":"The Guardian","floor":16,"turns":11},{"damage":9,"enemies":"3 Byrds","floor":18,"turns":4},{"damage":9,"enemies":"Shell Parasite","floor":21,"turns":2},{"damage":27,"enemies":"Slavers","floor":24,"turns":5},{"damage":13,"enemies":"Book of Stabbing","floor":30,"turns":3},{"damage":30,"enemies":"Automaton","floor":33,"turns":12},{"damage":3,"enemies":"3 Darklings","floor":35,"turns":5},{"damage":2,"enemies":"3 Shapes","floor":37,"turns":3},{"damage":39,"enemies":"Reptomancer","floor":40,"turns":8},{"damage":18,"enemies":"Writhing Mass","floor":42,"turns":5},{"damage":41,"enemies":"Nemesis","floor":44,"turns":6}],"seed_played":"-622605059500459542","potions_obtained":[{"floor":1,"key":"SpeedPotion"},{"floor":4,"key":"PowerPotion"},{"floor":6,"key":"PowerPotion"},{"floor":8,"key":"AttackPotion"},{"floor":24,"key":"SkillPotion"},{"floor":30,"key":"GamblersBrew"},{"floor":33,"key":"SpeedPotion"}],"is_trial":false,"path_per_floor":["M","?","$","M","M","E","R","M","T","?","E","R","?","T","R","B",null,"M","?","$","M","?","R","E","?","T","?","$","?","E","$","R","B",null,"M","?","M","$","?","E","?","M","T","E"],"character_chosen":"IRONCLAD","items_purchased":["Havoc","Apotheosis","True Grit","Disarm"],"campfire_rested":2,"item_purchase_floors":[20,28,31,38],"current_hp_per_floor":[52,52,52,45,41,24,24,10,10,10,10,10,3,3,25,6,58,49,49,49,42,42,42,25,25,25,18,18,18,7,7,22,30,47,49,49,49,49,49,21,21,13,13,0],"gold":150,"neow_bonus":"BOSS_RELIC","is_prod":false,"is_daily":false,"chose_seed":false,"campfire_upgraded":3,"win_rate":0,"timestamp":1552003282,"path_taken":["M","?","$","M","M","E","R","M","T","?","E","R","?","?","R","BOSS","M","?","$","M","?","R","E","?","T","?","$","?","E","?","R","BOSS","M","?","M","$","?","E","?","M","T","E"],"build_version":"2019-02-06","purchased_purges":2,"victory":false,"max_hp_per_floor":[75,75,75,75,75,75,75,75,75,75,75,75,75,75,75,75,75,75,52,52,52,52,52,52,52,52,52,52,52,52,52,52,52,52,52,49,49,49,49,49,49,49,49,49],"card_choices":[{"not_picked":["Body Slam","Burning Pact"],"picked":"Headbutt","floor":1},{"not_picked":["Reckless Charge","Fire Breathing"],"picked":"Twin Strike","floor":4},{"not_picked":["Perfected Strike","Pommel Strike"],"picked":"Shrug It Off","floor":5},{"not_picked":["Combust","Entrench"],"picked":"Feel No Pain","floor":6},{"not_picked":["Iron Wave","Havoc"],"picked":"Bludgeon","floor":8},{"not_picked":["Clothesline","Searing Blow"],"picked":"Battle Trance","floor":11},{"not_picked":["Juggernaut","Berserk"],"picked":"Immolate","floor":16},{"not_picked":["Headbutt","Sword Boomerang+1"],"picked":"Spot Weakness","floor":18},{"not_picked":["Dropkick","Entrench"],"picked":"Shrug It Off","floor":21},{"not_picked":["Power Through","Thunderclap","Wild Strike"],"picked":"SKIP","floor":24},{"not_picked":["Havoc","Rupture","Seeing Red"],"picked":"SKIP","floor":30},{"not_picked":["Feed","Juggernaut"],"picked":"Impervious","floor":33},{"not_picked":["Headbutt+1","Carnage","Infernal Blade"],"picked":"SKIP","floor":35},{"not_picked":["Warcry","Thunderclap"],"picked":"Corruption","floor":37},{"not_picked":["Rupture","Metallicize"],"picked":"True Grit+1","floor":40},{"not_picked":["Combust+1","Rage","Pommel Strike"],"picked":"SKIP","floor":42}],"player_experience":2122059,"relics_obtained":[{"floor":0,"key":"Red Skull"},{"floor":0,"key":"Dodecahedron"},{"floor":0,"key":"Champion Belt"},{"floor":6,"key":"Mercury Hourglass"},{"floor":9,"key":"Blue Candle"},{"floor":11,"key":"Juzu Bracelet"},{"floor":24,"key":"Pen Nib"},{"floor":30,"key":"Blood Vial"},{"floor":40,"key":"Frozen Egg 2"},{"floor":43,"key":"The Courier"}],"event_choices":[{"damage_healed":0,"gold_gain":0,"player_choice":"Ignored","damage_taken":0,"max_hp_gain":0,"max_hp_loss":0,"event_name":"Liars Game","floor":2,"gold_loss":0},{"damage_healed":0,"gold_gain":0,"player_choice":"Trade","damage_taken":0,"relics_obtained":["NlothsMask"],"max_hp_gain":0,"max_hp_loss":0,"event_name":"FaceTrader","floor":10,"gold_loss":0},{"cards_removed":["Shame"],"damage_healed":0,"gold_gain":0,"player_choice":"Card Removal","damage_taken":7,"max_hp_gain":0,"max_hp_loss":0,"event_name":"Golden Wing","floor":13,"gold_loss":0},{"damage_healed":0,"gold_gain":0,"player_choice":"Became a vampire","damage_taken":0,"max_hp_gain":0,"max_hp_loss":23,"event_name":"Vampires","floor":19,"gold_loss":0,"cards_obtained":["Bite","Bite","Bite","Bite","Bite"]},{"damage_healed":0,"gold_gain":50,"player_choice":"Stole From Cult","damage_taken":0,"max_hp_gain":0,"max_hp_loss":0,"event_name":"Nest","floor":22,"gold_loss":0},{"damage_healed":0,"gold_gain":0,"player_choice":"Ignored","damage_taken":0,"max_hp_gain":0,"max_hp_loss":0,"event_name":"The Mausoleum","floor":25,"gold_loss":0},{"damage_healed":0,"gold_gain":0,"player_choice":"Damaged","damage_taken":7,"max_hp_gain":0,"max_hp_loss":0,"event_name":"Wheel of Change","floor":27,"gold_loss":0},{"damage_healed":0,"gold_gain":0,"player_choice":"Ignored","damage_taken":0,"max_hp_gain":0,"max_hp_loss":0,"event_name":"Beggar","floor":29,"gold_loss":0},{"damage_healed":0,"gold_gain":0,"player_choice":"Max HP","damage_taken":0,"max_hp_gain":0,"max_hp_loss":3,"event_name":"Winding Halls","floor":36,"gold_loss":0},{"cards_removed":["Defend_R"],"damage_healed":0,"gold_gain":0,"player_choice":"Removed Skill","damage_taken":0,"max_hp_gain":0,"max_hp_loss":0,"event_name":"Falling","floor":39,"gold_loss":0},{"damage_healed":0,"gold_gain":0,"player_choice":"Ignored","damage_taken":0,"max_hp_gain":0,"max_hp_loss":0,"event_name":"Mysterious Sphere","floor":41,"gold_loss":0}],"is_beta":true,"boss_relics":[{"not_picked":["Astrolabe","Lizard Tail"],"picked":"Cursed Key"},{"not_picked":["Philosopher\u0027s Stone","White Beast Statue"],"picked":"Sozu"}],"items_purged_floors":[3,20],"is_endless":false,"potions_floor_spawned":[1,4,6,8,24,30,33,37,40],"killed_by":"Nemesis","ascension_level":15}