{"gold_per_floor":[165,16,31,31,44,44,69,69,149,149,183,197,197,214,214,288,288,300,400,0,0,0,0,73,108,108,127,140,140,140,65,65,140,140,159,1158,1158,546,421,421,421,434,489,489],"floor_reached":44,"playtime":1198,"items_purged":["Strike_B+1","Normality","Normality"],"score":803,"play_id":"d4e7c134-33b5-419a-9f08-82d45732f61d","local_time":"20190401204502","is_ascension_mode":true,"campfire_choices":[{"data":"Zap","floor":6,"key":"SMITH"},{"data":"Sweeping Beam","floor":8,"key":"SMITH"},{"floor":13,"key":"REST"},{"data":"Ball Lightning","floor":15,"key":"SMITH"},{"floor":23,"key":"REST"},{"data":"Coolheaded","floor":29,"key":"SMITH"},{"floor":32,"key":"REST"},{"floor":40,"key":"RECALL"}],"neow_cost":"NONE","seed_source_timestamp":1675529623277780,"circlet_count":0,"master_deck":["AscendersBane","Strike_B+1","Strike_B+1","Defend_B+1","Defend_B+1","Defend_B+1","Defend_B+1","Zap+1","Dualcast","Sweeping Beam+1","Gash","Genetic Algorithm","Genetic Algorithm","Gash","Electrodynamics","BootSequence","Leap","Coolheaded+1","Hologram","Capacitor","Hologram+1","Biased Cognition","Parasite","Pain","Static Discharge+1","Coolheaded"],"relics":["Tiny House","Happy Flower","Lantern","Question Card","Gambling Chip","Philosopher\u0027s Stone","Turnip","Pantograph","Symbiotic Virus","Meat on the Bone","Singing Bowl","Omamori","Calling Bell","Boot","Mercury Hourglass","Dead Branch","Medical Kit","Frozen Egg 2","Kunai"],"potions_floor_usage":[7,7,11,11,11,16,19,33,33],"damage_taken":[{"damage":0,"enemies":"Small Slimes","floor":1,"turns":3},{"damage":1,"enemies":"Cultist","floor":3,"turns":3},{"damage":8,"enemies":"Jaw Worm","floor":5,"turns":4},{"damage":22,"enemies":"Gremlin Nob","floor":7,"turns":4},{"damage":13,"enemies":"3 Sentries","floor":11,"turns":6},{"damage":12,"enemies":"Red Slaver","floor":12,"turns":4},{"damage":3,"enemies":"Blue Slaver","floor":14,"turns":3},{"damage":17,"enemies":"Hexaghost","floor":16,"turns":8},{"damage":0,"enemies":"Spheric Guardian","floor":18,"turns":3},{"damage":14,"enemies":"Colosseum Slavers","floor":19,"turns":3},{"damage":32,"enemies":"Colosseum Nobs","floor":19,"turns":4},{"damage":7,"enemies":"Slavers","floor":25,"turns":4},{"damage":0,"enemies":"Chosen","floor":27,"turns":5},{"damage":19,"enemies":"Snake Plant","floor":28,"turns":4},{"damage":54,"enemies":"Automaton","floor":33,"turns":8},{"damage":4,"enemies":"Orb Walker","floor":35,"turns":4},{"damage":0,"enemies":"3 Shapes","floor":42,"turns":4},{"damage":109,"enemies":"Giant Head","floor":44,"turns":9}],"seed_played":"3348746827171368254","potions_obtained":[{"floor":0,"key":"FearPotion"},{"floor":5,"key":"Weak Potion"},{"floor":10,"key":"EntropicBrew"},{"floor":10,"key":"Swift Potion"},{"floor":11,"key":"AttackPotion"},{"floor":25,"key":"Strength Potion"},{"floor":27,"key":"Strength Potion"}],"is_trial":false,"path_per_floor":["M","$","M","?","M","R","E","R","T","?","E","M","R","M","R","B",null,"M","?","$","?","$","R","T","E","T","M","M","R","?","$","R","B",null,"M","?","?","$","$","R","T","M","T","E"],"character_chosen":"DEFECT","items_purchased":["Happy Flower","Coolheaded","Hologram","Symbiotic Virus","Capacitor","Medical Kit","Frozen Egg 2","Static Discharge+1"],"campfire_rested":3,"item_purchase_floors":[2,20,20,20,20,38,38,38],"current_hp_per_floor":[69,69,68,68,60,60,38,38,38,38,25,13,35,32,32,15,61,61,15,15,15,15,37,37,42,42,44,39,39,39,39,63,38,70,68,68,68,68,68,68,68,68,68,0],"gold":489,"neow_bonus":"BOSS_RELIC","is_prod":false,"is_daily":false,"chose_seed":false,"campfire_upgraded":4,"win_rate":0,"timestamp":1554165902,"path_taken":["M","$","M","?","?","R","E","R","T","?","E","?","R","M","R","BOSS","M","?","?","?","?","R","?","E","T","M","?","R","?","$","R","BOSS","M","?","?","?","$","R","?","M","T","E"],"build_version":"2019-03-15","purchased_purges":3,"victory":false,"max_hp_per_floor":[76,76,76,76,76,76,76,76,76,76,76,76,76,76,76,76,76,76,76,76,76,76,76,76,76,76,78,80,80,80,80,80,80,80,82,82,82,82,82,82,82,82,82,82],"card_choices":[{"not_picked":["Coolheaded","Compile Driver"],"picked":"Sweeping Beam","floor":0},{"not_picked":["Melter","Redo","Hello World"],"picked":"SKIP","floor":1},{"not_picked":["Streamline","Stack","Compile Driver"],"picked":"SKIP","floor":3},{"not_picked":["Machine Learning","Steam"],"picked":"Gash","floor":5},{"not_picked":["Gash","Go for the Eyes"],"picked":"Genetic Algorithm","floor":7},{"not_picked":["Turbo","Lockon","Heatsinks"],"picked":"Genetic Algorithm","floor":11},{"not_picked":["Leap","Recycle","Steam"],"picked":"Ball Lightning","floor":12},{"not_picked":["Go for the Eyes","Heatsinks","Sweeping Beam"],"picked":"Gash","floor":14},{"not_picked":["Core Surge","Rainbow","Fission"],"picked":"Electrodynamics","floor":16},{"not_picked":["Beam Cell","Loop","Turbo"],"picked":"BootSequence","floor":18},{"not_picked":["Rebound","Conserve Battery","Steam"],"picked":"Leap","floor":19},{"not_picked":["Fusion","Stack","Compile Driver"],"picked":"Hologram+1","floor":25},{"not_picked":["Hyperbeam","Beam Cell","FTL","Rebound"],"picked":"Singing Bowl","floor":27},{"not_picked":["Sweeping Beam","Stack","Cold Snap","Barrage"],"picked":"Singing Bowl","floor":28},{"not_picked":["Reboot","Fission","Amplify"],"picked":"Biased Cognition","floor":33},{"not_picked":["Sweeping Beam","Chill+1","Hologram","Doom and Gloom+1"],"picked":"Singing Bowl","floor":35},{"not_picked":["FTL","Rebound","Chill+1"],"picked":"Coolheaded","floor":42}],"player_experience":2337985,"relics_obtained":[{"floor":7,"key":"Lantern"},{"floor":9,"key":"Question Card"},{"floor":11,"key":"Gambling Chip"},{"floor":19,"key":"Turnip"},{"floor":19,"key":"Pantograph"},{"floor":24,"key":"Meat on the Bone"},{"floor":25,"key":"Singing Bowl"},{"floor":26,"key":"Omamori"},{"floor":34,"key":"Boot"},{"floor":34,"key":"Mercury Hourglass"},{"floor":34,"key":"Dead Branch"},{"floor":41,"key":"Kunai"}],"event_choices":[{"cards_removed":["Strike_B"],"damage_healed":0,"gold_gain":0,"player_choice":"Purged","damage_taken":0,"max_hp_gain":0,"max_hp_loss":0,"event_name":"Purifier","floor":4,"gold_loss":0},{"damage_healed":0,"gold_gain":0,"player_choice":"Got Potions","damage_taken":0,"max_hp_gain":0,"max_hp_loss":0,"event_name":"Lab","floor":10,"gold_loss":0},{"damage_healed":0,"gold_gain":0,"player_choice":"Fight","damage_taken":0,"max_hp_gain":0,"max_hp_loss":0,"event_name":"Colosseum","floor":19,"gold_loss":0},{"damage_healed":0,"gold_gain":0,"player_choice":"Fought Nobs","damage_taken":0,"max_hp_gain":0,"max_hp_loss":0,"event_name":"Colosseum","floor":19,"gold_loss":0},{"damage_healed":0,"gold_gain":0,"player_choice":"Simplicity","damage_taken":0,"max_hp_gain":0,"max_hp_loss":0,"event_name":"Back to Basics","floor":21,"gold_loss":0,"cards_upgraded":["Strike_B","Strike_B","Defend_B","Defend_B","Defend_B","Defend_B"]},{"damage_healed":0,"gold_gain":0,"player_choice":"Smashed Altar","damage_taken":0,"max_hp_gain":0,"max_hp_loss":0,"event_name":"Forgotten Altar","floor":30,"gold_loss":0,"cards_obtained":["Decay"]},{"damage_healed":0,"gold_gain":999,"player_choice":"Gold","damage_taken":0,"max_hp_gain":0,"max_hp_loss":0,"event_name":"MindBloom","floor":36,"gold_loss":0,"cards_obtained":["Normality","Normality"]},{"cards_removed":["Ball Lightning"],"damage_healed":0,"gold_gain":0,"player_choice":"Removed Attack","damage_taken":0,"max_hp_gain":0,"max_hp_loss":0,"event_name":"Falling","floor":37,"gold_loss":0}],"is_beta":true,"boss_relics":[{"not_picked":["Eternal Feather","Velvet Choker"],"picked":"Philosopher\u0027s Stone"},{"not_picked":["Runic Dome","Black Star"],"picked":"Calling Bell"}],"items_purged_floors":[31,38,39],"is_endless":false,"potions_floor_spawned":[5,11,25,27],"killed_by":"Giant Head","ascension_level":15}