{"gold_per_floor":[116,134,145,160,2,2,35,310,310,6,31,31,49,49,49,120,120,133,104,150,150,163,163,41,41],"floor_reached":25,"playtime":1149,"items_purged":["Regret"],"score":522,"play_id":"0c419bf6-87c0-4003-b06d-5d9f21604697","local_time":"20190318144557","is_ascension_mode":true,"campfire_choices":[{"data":"Armaments","floor":6,"key":"SMITH"},{"data":"Bash","floor":15,"key":"SMITH"},{"data":"True Grit","floor":23,"key":"SMITH"}],"neow_cost":"PERCENT_DAMAGE","seed_source_timestamp":133277246598089,"circlet_count":0,"master_deck":["AscendersBane","Strike_R","Strike_R","Strike_R","Strike_R","Defend_R","Defend_R","Defend_R","Defend_R","Bash+1","Offering+1","Evolve","Armaments+1","Spot Weakness","Cleave","True Grit+1","Clothesline","Metallicize","Limit Break","Metallicize+1","Feel No Pain","Disarm","Uppercut"],"relics":["Burning Blood","Blood Vial","Potion Belt","Gremlin Horn","Sling","StoneCalendar","Mark of Pain","Regal Pillow"],"potions_floor_usage":[4,7,11,16,19,25],"damage_taken":[{"damage":12,"enemies":"2 Louse","floor":1,"turns":2},{"damage":7,"enemies":"Cultist","floor":2,"turns":4},{"damage":2,"enemies":"Small Slimes","floor":3,"turns":5},{"damage":14,"enemies":"Exordium Thugs","floor":4,"turns":4},{"damage":14,"enemies":"3 Sentries","floor":7,"turns":5},{"damage":33,"enemies":"Gremlin Nob","floor":11,"turns":4},{"damage":5,"enemies":"Blue Slaver","floor":13,"turns":4},{"damage":6,"enemies":"Slime Boss","floor":16,"turns":9},{"damage":28,"enemies":"Shell Parasite","floor":18,"turns":5},{"damage":25,"enemies":"2 Thieves","floor":19,"turns":4},{"damage":6,"enemies":"Snecko","floor":22,"turns":7},{"damage":27,"enemies":"Slavers","floor":25,"turns":1}],"seed_played":"-795462940209722487","potions_obtained":[{"floor":2,"key":"Energy Potion"},{"floor":3,"key":"Poison Potion"},{"floor":4,"key":"Block Potion"},{"floor":11,"key":"FearPotion"},{"floor":16,"key":"Poison Potion"},{"floor":22,"key":"PowerPotion"}],"is_trial":false,"path_per_floor":["M","M","M","M","$","R","E","?","T","$","E","$","M","?","R","B",null,"M","M","T","?","M","R","$","E"],"character_chosen":"IRONCLAD","items_purchased":["Blood Vial","Sling","Disarm","Uppercut"],"campfire_rested":0,"item_purchase_floors":[5,10,24,24],"current_hp_per_floor":[44,43,47,39,39,39,33,33,33,33,8,8,11,11,11,13,60,40,23,23,23,25,25,25,0],"gold":41,"neow_bonus":"THREE_RARE_CARDS","is_prod":false,"is_daily":false,"chose_seed":false,"campfire_upgraded":3,"win_rate":0,"timestamp":1552934757,"path_taken":["M","M","M","M","$","R","E","?","T","$","E","?","M","?","R","BOSS","M","M","?","?","?","R","?","E"],"build_version":"2019-01-23","purchased_purges":1,"victory":false,"max_hp_per_floor":[75,75,75,75,75,75,75,75,75,75,75,75,75,75,75,75,75,75,75,75,75,75,75,75,75],"card_choices":[{"not_picked":["Brutality","Dark Embrace"],"picked":"Offering","floor":0},{"not_picked":["Anger","Cleave"],"picked":"Evolve","floor":1},{"not_picked":["Iron Wave","Anger"],"picked":"Armaments","floor":2},{"not_picked":["Twin Strike","Sword Boomerang"],"picked":"Spot Weakness","floor":3},{"not_picked":["Perfected Strike","True Grit"],"picked":"Cleave","floor":4},{"not_picked":["Berserk","Iron Wave"],"picked":"True Grit","floor":7},{"not_picked":["Wild Strike","Pummel"],"picked":"Clothesline","floor":11},{"not_picked":["Spot Weakness","Wild Strike"],"picked":"Metallicize","floor":13},{"not_picked":["Juggernaut","Double Tap"],"picked":"Limit Break","floor":16},{"not_picked":["Warcry","Sword Boomerang","Sever Soul"],"picked":"SKIP","floor":18},{"not_picked":["Iron Wave","Shrug It Off"],"picked":"Metallicize+1","floor":19},{"not_picked":["Anger","Entrench"],"picked":"Feel No Pain","floor":22}],"player_experience":1213720,"relics_obtained":[{"floor":7,"key":"Potion Belt"},{"floor":9,"key":"Gremlin Horn"},{"floor":11,"key":"StoneCalendar"},{"floor":20,"key":"Regal Pillow"}],"event_choices":[{"damage_healed":0,"gold_gain":275,"player_choice":"Desecrate","damage_taken":0,"max_hp_gain":0,"max_hp_loss":0,"event_name":"Golden Shrine","floor":8,"gold_loss":0,"cards_obtained":["Regret"]},{"damage_healed":0,"gold_gain":0,"player_choice":"Upgraded","damage_taken":0,"max_hp_gain":0,"max_hp_loss":0,"event_name":"Upgrade Shrine","floor":14,"gold_loss":0,"cards_upgraded":["Offering"]},{"cards_removed":["Strike_R"],"damage_healed":0,"gold_gain":0,"player_choice":"Purged","damage_taken":0,"max_hp_gain":0,"max_hp_loss":0,"event_name":"Purifier","floor":21,"gold_loss":0}],"is_beta":false,"boss_relics":[{"not_picked":["Fusion Hammer","Black Star"],"picked":"Mark of Pain"}],"items_purged_floors":[10],"is_endless":false,"potions_floor_spawned":[2,3,4,11,16,22],"killed_by":"Slavers","ascension_level":20}