{"gold_per_floor":[219,219,219,231,43,59,75,75,120,149,149,159,159,88,88,88],"floor_reached":16,"playtime":960,"items_purged":[],"score":100,"play_id":"5ee6a4b8-1193-41f9-a4be-8970767e4aef","local_time":"20190223105529","is_ascension_mode":false,"campfire_choices":[{"data":"Blade Dance","floor":11,"key":"SMITH"},{"floor":13,"key":"REST"},{"data":"Infinite Blades","floor":15,"key":"SMITH"}],"neow_cost":"NONE","seed_source_timestamp":1405232210092,"circlet_count":0,"master_deck":["Defend_G","Defend_G","Defend_G","Defend_G","Strike_G","Strike_G","Strike_G","Strike_G","Strike_G","Survivor","Neutralize","Catalyst","Blade Dance+1","Caltrops+1","Endless Agony","Noxious Fumes","Underhanded Strike","Dagger Spray","Infinite Blades+1"],"relics":["Ring of the Snake","Centennial Puzzle","Bag of Marbles","Juzu Bracelet","Pen Nib"],"potions_floor_usage":[10,10,16],"damage_taken":[{"damage":0,"enemies":"Cultist","floor":1,"turns":4},{"damage":0,"enemies":"2 Louse","floor":4,"turns":3},{"damage":1,"enemies":"Jaw Worm","floor":6,"turns":4},{"damage":7,"enemies":"Blue Slaver","floor":7,"turns":4},{"damage":6,"enemies":"Gremlin Nob","floor":10,"turns":3},{"damage":0,"enemies":"Large Slime","floor":12,"turns":4},{"damage":68,"enemies":"The Guardian","floor":16,"turns":9}],"seed_played":"1497122706492028272","potions_obtained":[{"floor":1,"key":"Swift Potion"},{"floor":4,"key":"FearPotion"},{"floor":7,"key":"Fire Potion"},{"floor":12,"key":"Weak Potion"}],"is_trial":false,"path_per_floor":["M","?","?","M","$","M","M","?","T","E","R","M","R","$","R","B"],"character_chosen":"THE_SILENT","items_purchased":["Caltrops","Bag of Marbles","Infinite Blades"],"campfire_rested":1,"item_purchase_floors":[5,5,14],"current_hp_per_floor":[70,63,56,56,56,55,48,48,48,42,42,42,63,63,63,0],"gold":88,"neow_bonus":"HUNDRED_GOLD","is_prod":false,"is_daily":false,"chose_seed":false,"campfire_upgraded":2,"win_rate":0,"timestamp":1550937329,"path_taken":["M","?","?","M","$","M","M","?","T","E","R","M","R","$","R","BOSS"],"build_version":"2019-01-23","purchased_purges":0,"victory":false,"max_hp_per_floor":[70,70,70,70,70,70,70,70,70,70,70,70,70,70,70,70],"card_choices":[{"not_picked":["Heel Hook","Poisoned Stab"],"picked":"Catalyst","floor":1},{"not_picked":["Dagger Spray","Acrobatics"],"picked":"Blade Dance","floor":4},{"not_picked":["PiercingWail","Eviscerate"],"picked":"Endless Agony","floor":6},{"not_picked":["Flying Knee","Slice"],"picked":"Noxious Fumes","floor":7},{"not_picked":["Sucker Punch","Bullet Time"],"picked":"Underhanded Strike","floor":10},{"not_picked":["Acrobatics","Heel Hook"],"picked":"Dagger Spray","floor":12}],"player_experience":602134,"relics_obtained":[{"floor":9,"key":"Juzu Bracelet"},{"floor":10,"key":"Pen Nib"}],"event_choices":[{"damage_healed":0,"gold_gain":0,"player_choice":"Success","damage_taken":7,"relics_obtained":["Centennial Puzzle"],"max_hp_gain":0,"max_hp_loss":0,"event_name":"Scrap Ooze","floor":2,"gold_loss":0},{"cards_removed":["Defend_G"],"damage_healed":0,"gold_gain":0,"player_choice":"Card Removal","damage_taken":7,"max_hp_gain":0,"max_hp_loss":0,"event_name":"Golden Wing","floor":3,"gold_loss":0},{"damage_healed":0,"gold_gain":0,"player_choice":"Grow","damage_taken":0,"max_hp_gain":0,"max_hp_loss":0,"event_name":"Living Wall","floor":8,"gold_loss":0,"cards_upgraded":["Caltrops"]}],"is_beta":false,"boss_relics":[],"items_purged_floors":[],"is_endless":false,"potions_floor_spawned":[1,4,7,12],"killed_by":"The Guardian","ascension_level":0}