{"path_per_floor":["M","?","?","M","?","R","?","R","T","M","$","?","M","E","R","B",null,"M","M","?","?","M","M","R","M","T","M","R","M","?","M","R","B",null,"M","?","?","M","M","R","M","R","T","R","M","?","M","$","R"],"character_chosen":"IRONCLAD","items_purchased":["True Grit","Shuriken","Combust"],"gold_per_floor":[16,16,16,29,29,29,29,29,29,48,2,2,20,58,58,154,154,168,187,187,187,206,216,216,233,233,246,246,261,261,278,278,349,349,366,366,366,379,397,397,407,407,407,407,423,423,442,41,41,41],"floor_reached":50,"campfire_rested":2,"playtime":2946,"current_hp_per_floor":[60,60,60,64,69,69,69,69,69,75,75,75,80,61,61,8,62,68,67,67,56,56,45,45,40,40,43,43,50,50,52,52,36,51,56,53,53,41,38,38,26,26,26,42,50,40,25,25,41,0],"items_purged":["Writhe"],"gold":41,"score":832,"play_id":"4266fb41-a151-4071-8c5a-fcbbbba86a90","local_time":"20180410124243","is_prod":false,"is_daily":false,"is_ascension_mode":true,"campfire_upgraded":8,"timestamp":1523378563,"path_taken":["M","?","?","M","?","R","?","R","T","?","?","?","M","E","R","BOSS","M","M","?","?","?","M","R","?","T","M","R","?","?","?","R","BOSS","M","?","?","?","M","R","M","R","T","R","M","?","M","$","R","BOSS"],"build_version":"2018-04-05v2","purchased_purges":2,"victory":false,"master_deck":["Defend_R+1","Defend_R","Defend_R+1","Defend_R","Bash+1","AscendersBane","Sever Soul+1","Battle Trance+1","Havoc","True Grit","Sentinel+1","Armaments+1","Fiend Fire+1","Evolve+1","Bite","Bite","Bite","Bite","Bite","Rupture+1","Armaments+1","Flex+1","Bludgeon+1","Metallicize+1","Brutality+1","Sword Boomerang+1","Body Slam+1","Thinking Ahead","Master of Strategy","Dark Shackles","Combust+1"],"max_hp_per_floor":[75,75,75,75,80,80,80,80,80,80,80,80,80,80,80,80,80,80,80,80,56,56,56,56,56,56,56,56,56,56,56,56,56,56,56,56,56,56,56,56,56,56,56,56,56,56,56,56,56,56],"relics":["Burning Blood","Torii","Bloody Idol","Dead Branch","Frozen Egg 2","Velvet Choker","Red Skull","Bronze Scales","Sozu","War Paint","Shuriken"],"card_choices":[{"not_picked":["Berserk","True Grit"],"picked":"Sever Soul","floor":1},{"not_picked":["Thunderclap","Perfected Strike"],"picked":"Battle Trance","floor":4},{"not_picked":["Flex","Shrug It Off"],"picked":"Havoc","floor":10},{"not_picked":["True Grit","Clash"],"picked":"Sentinel","floor":13},{"not_picked":["Sword Boomerang","Havoc"],"picked":"Armaments","floor":14},{"not_picked":["Impervious","Offering"],"picked":"Fiend Fire","floor":16},{"not_picked":["Fire Breathing","Body Slam"],"picked":"Evolve","floor":19},{"not_picked":["Flex","Dual Wield"],"picked":"Rupture","floor":22},{"not_picked":["Flex","Clothesline"],"picked":"Armaments","floor":23},{"not_picked":["Armaments","Rampage"],"picked":"Flex","floor":25},{"not_picked":["Warcry","Shrug It Off"],"picked":"Bludgeon","floor":29},{"not_picked":["Dual Wield","True Grit"],"picked":"Metallicize","floor":31},{"not_picked":["Limit Break","Feed"],"picked":"Brutality","floor":33},{"not_picked":["Pommel Strike","Intimidate"],"picked":"Sword Boomerang","floor":38},{"not_picked":["True Grit","Sword Boomerang"],"picked":"Body Slam","floor":45},{"not_picked":["Madness","Swift Strike"],"picked":"Thinking Ahead","floor":46},{"not_picked":["Deep Breath","Good Instincts"],"picked":"Master of Strategy","floor":46},{"not_picked":["Secret Weapon","Good Instincts"],"picked":"Dark Shackles","floor":46}],"player_experience":809020,"potions_floor_usage":[16,22,23,27,33,35],"damage_taken":[{"damage":14,"enemies":"Jaw Worm","floor":1,"turns":6},{"damage":2,"enemies":"Cultist","floor":4,"turns":4},{"damage":0,"enemies":"2 Louse","floor":10,"turns":3},{"damage":0,"enemies":"2 Fungi Beasts","floor":13,"turns":5},{"damage":25,"enemies":"Lagavulin","floor":14,"turns":6},{"damage":67,"enemies":"Slime Boss","floor":16,"turns":12},{"damage":0,"enemies":"Chosen","floor":18,"turns":2},{"damage":7,"enemies":"3 Byrds","floor":19,"turns":5},{"damage":8,"enemies":"Cultist and Chosen","floor":22,"turns":6},{"damage":29,"enemies":"Centurion and Healer","floor":23,"turns":5},{"damage":24,"enemies":"Snake Plant","floor":25,"turns":4},{"damage":18,"enemies":"Cultist and Chosen","floor":27,"turns":5},{"damage":13,"enemies":"Sentry and Sphere","floor":29,"turns":4},{"damage":9,"enemies":"Snake Plant","floor":31,"turns":2},{"damage":51,"enemies":"Collector","floor":33,"turns":11},{"damage":0,"enemies":"Orb Walker","floor":35,"turns":1},{"damage":38,"enemies":"3 Shapes","floor":38,"turns":3},{"damage":14,"enemies":"Sphere and 2 Shapes","floor":39,"turns":3},{"damage":37,"enemies":"3 Darklings","floor":41,"turns":6},{"damage":16,"enemies":"4 Shapes","floor":45,"turns":7},{"damage":40,"enemies":"Maw","floor":47,"turns":8},{"damage":52,"enemies":"Donu and Deca","floor":50,"turns":3}],"event_choices":[{"event_name":"Golden Idol","player_choice":"Take Wound","floor":2,"damage_taken":0},{"event_name":"Liars Game","player_choice":"disagreed","floor":3,"damage_taken":0},{"event_name":"Big Fish","player_choice":"Donut","floor":5,"damage_taken":0},{"event_name":"The Cleric","player_choice":"Leave","floor":7,"damage_taken":0},{"event_name":"Fountain of Cleansing","player_choice":"Removed Curse","floor":12,"damage_taken":0},{"event_name":"Forgotten Altar","player_choice":"Gave Idol","floor":20,"damage_taken":0},{"event_name":"Vampires","player_choice":"Became a vampire","floor":21,"damage_taken":0},{"event_name":"The Mausoleum","player_choice":"Yes","floor":30,"damage_taken":0},{"event_name":"The Woman in Blue","player_choice":"Bought 0 Potions","floor":36,"damage_taken":0},{"event_name":"The Lab","player_choice":"Got Potions","floor":37,"damage_taken":0},{"event_name":"SensoryStone","player_choice":"Memory 3","floor":46,"damage_taken":0}],"boss_relics":[{"not_picked":["Philosopher\u0027s Stone","Ectoplasm"],"picked":"Velvet Choker"},{"not_picked":["Runic Dome","Eternal Feather"],"picked":"Sozu"}],"potions_floor_spawned":[1,16,22,25,31,33,38,41],"seed_played":"4112480752175639008","killed_by":"Donu and Deca","ascension_level":15,"is_trial":false}