{"gold_per_floor":[118,193,205,217,217,217,72,99,179,105,115,125,125,141,141,237,237,248,238,238,238,153,153,168,195,218,232,232,11,24,38,38,38],"floor_reached":33,"playtime":1815,"items_purged":[],"score":269,"play_id":"815818b3-6a39-4aeb-a611-212a8f261591","local_time":"20190209174840","is_ascension_mode":false,"campfire_choices":[{"floor":6,"key":"REST"},{"data":"Accuracy","floor":13,"key":"SMITH"},{"floor":15,"key":"REST"},{"data":"Blade Dance","floor":23,"key":"SMITH"},{"floor":28,"key":"REST"},{"floor":32,"key":"REST"}],"neow_cost":"TEN_PERCENT_HP_LOSS","seed_source_timestamp":344941051772283,"circlet_count":0,"master_deck":["Defend_G+1","Defend_G","Defend_G","Defend_G","Defend_G","Strike_G","Strike_G","Strike_G","Strike_G","Strike_G","Survivor","Neutralize+1","Blade Dance","Cloak And Dagger","Backflip","Accuracy+1","Blur","Terror","Blur","Blade Dance+1","Skewer","After Image","Cloak And Dagger+1","Distraction+1","Terror","Bandage Up","Noxious Fumes","Cloak And Dagger"],"relics":["Ring of the Snake","Incense Burner","Lantern","Bottled Lightning","WristBlade","The Courier","Ornamental Fan","Ancient Tea Set"],"potions_floor_usage":[8,16,25,25,30,33],"damage_taken":[{"damage":1,"enemies":"Jaw Worm","floor":1,"turns":8},{"damage":0,"enemies":"2 Louse","floor":3,"turns":3},{"damage":3,"enemies":"Small Slimes","floor":4,"turns":3},{"damage":5,"enemies":"Lagavulin","floor":8,"turns":11},{"damage":0,"enemies":"Blue Slaver","floor":11,"turns":4},{"damage":8,"enemies":"Red Slaver","floor":12,"turns":5},{"damage":2,"enemies":"Large Slime","floor":14,"turns":4},{"damage":4,"enemies":"The Guardian","floor":16,"turns":9},{"damage":20,"enemies":"3 Byrds","floor":18,"turns":7},{"damage":19,"enemies":"2 Thieves","floor":19,"turns":4},{"damage":2,"enemies":"3 Cultists","floor":24,"turns":6},{"damage":38,"enemies":"Gremlin Leader","floor":25,"turns":6},{"damage":0,"enemies":"Snake Plant","floor":27,"turns":3},{"damage":13,"enemies":"Centurion and Healer","floor":30,"turns":6},{"damage":4,"enemies":"Snecko","floor":31,"turns":4},{"damage":56,"enemies":"Champ","floor":33,"turns":8}],"seed_played":"1420841469094650130","potions_obtained":[{"floor":3,"key":"EssenceOfSteel"},{"floor":4,"key":"SkillPotion"},{"floor":11,"key":"FearPotion"},{"floor":16,"key":"SkillPotion"},{"floor":24,"key":"SkillPotion"},{"floor":27,"key":"Weak Potion"},{"floor":30,"key":"SteroidPotion"},{"floor":31,"key":"AttackPotion"}],"is_trial":false,"path_per_floor":["M","?","M","M","?","R","$","E","T","$","M","M","R","M","R","B",null,"M","M","?","?","?","R","M","E","T","M","R","$","M","M","R","B"],"character_chosen":"THE_SILENT","items_purchased":["Accuracy","Blur","Blur","Bandage Up","Noxious Fumes","Ancient Tea Set"],"campfire_rested":4,"item_purchase_floors":[7,7,10,29,29,29],"current_hp_per_floor":[62,51,51,48,35,53,53,48,48,48,48,40,40,38,56,52,63,43,24,45,45,45,45,43,5,5,5,23,23,14,14,32,0],"gold":38,"neow_bonus":"ONE_RARE_RELIC","is_prod":false,"is_daily":false,"chose_seed":false,"campfire_upgraded":2,"win_rate":0,"timestamp":1549752520,"path_taken":["M","?","M","M","?","R","$","E","T","?","M","M","R","?","R","BOSS","M","M","?","?","?","R","M","E","T","M","R","?","M","M","R","BOSS"],"build_version":"2019-01-23","purchased_purges":0,"victory":false,"max_hp_per_floor":[63,63,63,63,63,63,63,63,63,63,63,63,63,63,63,63,63,63,63,63,63,63,63,63,63,63,63,63,63,63,63,63,63],"card_choices":[{"not_picked":["PiercingWail","Deflect"],"picked":"Blade Dance","floor":1},{"not_picked":["Dodge and Roll","Slice"],"picked":"Cloak And Dagger","floor":3},{"not_picked":["Prepared","Underhanded Strike"],"picked":"Backflip","floor":4},{"not_picked":["Dagger Throw","Doppelganger"],"picked":"Terror","floor":8},{"not_picked":["Cloak And Dagger","Reflex"],"picked":"Blade Dance","floor":11},{"not_picked":["Sucker Punch","Setup"],"picked":"Skewer","floor":12},{"not_picked":["Riddle With Holes","Distraction","Underhanded Strike"],"picked":"SKIP","floor":14},{"not_picked":["Wraith Form v2","Venomology"],"picked":"After Image","floor":16},{"not_picked":["Heel Hook","Dagger Throw+1"],"picked":"Cloak And Dagger+1","floor":18},{"not_picked":["Dagger Throw","Bane"],"picked":"Distraction+1","floor":19},{"not_picked":["Catalyst","Prepared"],"picked":"Terror","floor":24},{"not_picked":["Reflex+1","Deadly Poison+1","Flying Knee"],"picked":"SKIP","floor":25},{"not_picked":["Outmaneuver","Prepared","Quick Slash+1"],"picked":"SKIP","floor":27},{"not_picked":["Blur+1","Grand Finale"],"picked":"Cloak And Dagger","floor":30},{"not_picked":["Prepared","Deflect","Dagger Throw+1"],"picked":"SKIP","floor":31}],"player_experience":558536,"relics_obtained":[{"floor":8,"key":"Lantern"},{"floor":9,"key":"Bottled Lightning"},{"floor":25,"key":"Ornamental Fan"}],"event_choices":[{"damage_healed":0,"gold_gain":75,"player_choice":"Gather Gold","damage_taken":11,"max_hp_gain":0,"max_hp_loss":0,"event_name":"World of Goop","floor":2,"gold_loss":0},{"damage_healed":0,"gold_gain":0,"player_choice":"Entered Light","damage_taken":13,"max_hp_gain":0,"max_hp_loss":0,"event_name":"Shining Light","floor":5,"gold_loss":0,"cards_upgraded":["Neutralize","Defend_G"]},{"damage_healed":21,"gold_gain":0,"player_choice":"Heal","damage_taken":0,"max_hp_gain":0,"max_hp_loss":0,"event_name":"The Library","floor":20,"gold_loss":0},{"damage_healed":0,"gold_gain":0,"player_choice":"Ignored","damage_taken":0,"max_hp_gain":0,"max_hp_loss":0,"event_name":"Cursed Tome","floor":21,"gold_loss":0},{"damage_healed":0,"gold_gain":0,"player_choice":"Obtained Relic","damage_taken":0,"relics_obtained":["The Courier"],"max_hp_gain":0,"max_hp_loss":0,"event_name":"Addict","floor":22,"gold_loss":85}],"is_beta":false,"boss_relics":[{"not_picked":["Fusion Hammer","Black Star"],"picked":"WristBlade"}],"items_purged_floors":[],"is_endless":false,"potions_floor_spawned":[3,4,11,16,24,27,30,31],"killed_by":"Champ","ascension_level":0}