{"path_per_floor":["M","?","?","M","$","R","E","R","T","?","E","M","R","M","R","B",null,"M","M","M","M","M","R","M","R","T","M","?","$","M","$","R","B",null,"M","?","?","M","M","R","E","M","T","R","?","M","M","?","R","B"],"character_chosen":"IRONCLAD","items_purchased":["Apotheosis","Sadistic Nature"],"gold_per_floor":[118,118,118,128,53,53,88,88,88,188,220,238,238,254,254,329,329,349,369,382,399,412,412,426,426,476,489,489,180,194,18,18,90,90,107,107,107,126,140,140,166,185,185,185,239,254,270,270,270,270],"floor_reached":51,"campfire_rested":2,"playtime":2170,"current_hp_per_floor":[66,66,59,59,59,59,25,25,25,25,14,20,41,50,50,24,60,60,66,75,78,69,69,61,61,61,63,63,63,71,71,71,73,77,78,68,78,78,78,78,71,70,70,70,59,52,60,60,84,68],"items_purged":["Strike_R","Strike_R"],"gold":270,"score":1257,"play_id":"2b23c7fd-edff-40fc-abaa-acb91bb8ae3c","local_time":"20180412171239","is_prod":false,"is_daily":false,"is_ascension_mode":true,"campfire_upgraded":8,"timestamp":1523578359,"path_taken":["M","?","?","M","$","R","E","R","T","?","E","M","R","M","R","BOSS","M","?","M","M","M","R","?","R","T","M","?","$","M","$","R","BOSS","M","?","?","M","M","R","E","M","T","R","?","M","M","?","R","BOSS"],"build_version":"2018-04-05v2","purchased_purges":2,"victory":true,"master_deck":["Strike_R","Defend_R","Defend_R","Defend_R","Bash+1","AscendersBane","Sword Boomerang+1","Rampage+1","Battle Trance+1","Corruption+1","Shrug It Off","Havoc","Immolate","Pummel+1","Shrug It Off","Pommel Strike","Searing Blow+4","Shrug It Off+1","Feel No Pain+1","Apotheosis+1","Uppercut+1","Sadistic Nature","Impervious","Battle Trance","Madness","Body Slam+1","Havoc+1","Warcry","Shrug It Off"],"max_hp_per_floor":[72,72,72,72,72,72,72,72,72,72,72,72,72,72,72,72,72,72,75,75,78,78,78,78,78,78,78,78,78,78,78,78,78,78,78,78,78,78,78,78,78,78,78,78,80,82,84,84,84,87],"relics":["Burning Blood","Letter Opener","Self Forming Clay","Dead Branch","Sozu","War Paint","Mark of Pain","Singing Bowl","Whetstone","Girya"],"card_choices":[{"not_picked":["Anger","Clothesline"],"picked":"Sword Boomerang","floor":1},{"not_picked":["Reaper","Armaments"],"picked":"Rampage","floor":4},{"not_picked":["Seeing Red","Headbutt"],"picked":"Battle Trance","floor":7},{"not_picked":["Metallicize","Infernal Blade"],"picked":"Corruption","floor":11},{"not_picked":["Cleave","Uppercut"],"picked":"Shrug It Off","floor":12},{"not_picked":["Clothesline","Perfected Strike"],"picked":"Havoc","floor":14},{"not_picked":["Reaper","Demon Form"],"picked":"Immolate","floor":16},{"not_picked":["Evolve","Armaments"],"picked":"Pummel","floor":19},{"not_picked":["Anger","Flex"],"picked":"Shrug It Off","floor":20},{"not_picked":["Combust","Heavy Blade"],"picked":"Pommel Strike","floor":21},{"not_picked":["True Grit","Second Wind"],"picked":"Searing Blow","floor":22},{"not_picked":["Perfected Strike","Sever Soul"],"picked":"Shrug It Off","floor":24},{"not_picked":["Inflame","Clothesline"],"picked":"Feel No Pain","floor":27},{"not_picked":["Blood for Blood","Havoc"],"picked":"Uppercut","floor":30},{"not_picked":["Brutality","Exhume"],"picked":"Impervious","floor":33},{"not_picked":["Body Slam","Cleave"],"picked":"Battle Trance","floor":35},{"not_picked":["Wild Strike","Pommel Strike"],"picked":"Body Slam","floor":38},{"not_picked":["Rupture","Perfected Strike"],"picked":"Havoc","floor":39},{"not_picked":["Combust","Fire Breathing"],"picked":"Warcry","floor":41},{"not_picked":["Dropkick","Exhume"],"picked":"Shrug It Off","floor":42}],"player_experience":440024,"potions_floor_usage":[18,21,22],"damage_taken":[{"damage":12,"enemies":"Jaw Worm","floor":1,"turns":2},{"damage":6,"enemies":"Cultist","floor":4,"turns":3},{"damage":40,"enemies":"Lagavulin","floor":7,"turns":5},{"damage":17,"enemies":"3 Sentries","floor":11,"turns":7},{"damage":0,"enemies":"2 Louse","floor":12,"turns":2},{"damage":6,"enemies":"Large Slime","floor":14,"turns":3},{"damage":32,"enemies":"Hexaghost","floor":16,"turns":6},{"damage":6,"enemies":"Chosen","floor":18,"turns":4},{"damage":3,"enemies":"3 Byrds","floor":19,"turns":2},{"damage":3,"enemies":"Sentry and Sphere","floor":20,"turns":3},{"damage":0,"enemies":"Chosen and Byrds","floor":21,"turns":3},{"damage":15,"enemies":"Snake Plant","floor":22,"turns":3},{"damage":14,"enemies":"Centurion and Healer","floor":24,"turns":3},{"damage":4,"enemies":"Sentry and Sphere","floor":27,"turns":2},{"damage":6,"enemies":"3 Cultists","floor":30,"turns":5},{"damage":4,"enemies":"Automaton","floor":33,"turns":8},{"damage":0,"enemies":"3 Darklings","floor":35,"turns":5},{"damage":3,"enemies":"Orb Walker","floor":38,"turns":3},{"damage":5,"enemies":"Maw","floor":39,"turns":4},{"damage":13,"enemies":"2 Orb Walkers","floor":41,"turns":3},{"damage":7,"enemies":"4 Shapes","floor":42,"turns":4},{"damage":19,"enemies":"Mysterious Sphere","floor":45,"turns":3},{"damage":15,"enemies":"Sphere and 2 Shapes","floor":46,"turns":3},{"damage":0,"enemies":"3 Darklings","floor":47,"turns":2},{"damage":25,"enemies":"Donu and Deca","floor":50,"turns":7}],"event_choices":[{"event_name":"Accursed Blacksmith","player_choice":"Forge","floor":2,"damage_taken":0},{"event_name":"Golden Wing","player_choice":"Card Removal","floor":3,"damage_taken":0},{"event_name":"Golden Shrine","player_choice":"Pray","floor":10,"damage_taken":0},{"event_name":"The Mausoleum","player_choice":"No","floor":28,"damage_taken":0},{"event_name":"Winding Halls","player_choice":"Embrace Madness","floor":36,"damage_taken":0},{"event_name":"Bonfire Elementals","player_choice":"UNCOMMON","floor":37,"damage_taken":0},{"event_name":"Mysterious Sphere","player_choice":"Fight","floor":45,"damage_taken":0}],"boss_relics":[{"not_picked":["Black Blood","Calling Bell"],"picked":"Sozu"},{"not_picked":["White Beast Statue","Black Star"],"picked":"Mark of Pain"}],"potions_floor_spawned":[4,11,12,16,19,21,22,38,39,45,46],"seed_played":"-4400920861954039210","ascension_level":13,"is_trial":false}