{"gold_per_floor":[119,119,137,62,137,164,164,164,217,217,230,230,263,280,280,351,351,365,365,415,433,633,633,649,166,166,191,191,211,211,244,244,318,318,330,430,430,441,6,6,20,20,20,20,39,39,59,78,78,78,78],"floor_reached":51,"playtime":3714,"items_purged":["Strike_G"],"score":1461,"play_id":"139ebcdb-dfdb-4a11-b1f4-345019cded6b","local_time":"20190429224753","is_ascension_mode":true,"campfire_choices":[{"data":"Deadly Poison","floor":7,"key":"SMITH"},{"data":"Infinite Blades","floor":10,"key":"SMITH"},{"data":"Skewer","floor":15,"key":"SMITH"},{"data":"Burst","floor":23,"key":"SMITH"},{"data":"Choke","floor":28,"key":"SMITH"},{"data":"Well Laid Plans","floor":30,"key":"SMITH"},{"data":"Ghostly","floor":32,"key":"SMITH"},{"data":"Noxious Fumes","floor":40,"key":"SMITH"},{"data":"After Image","floor":49,"key":"SMITH"}],"neow_cost":"NONE","seed_source_timestamp":618941053178018,"circlet_count":0,"master_deck":["AscendersBane","Defend_G+1","Defend_G","Defend_G","Defend_G","Defend_G","Strike_G","Strike_G","Survivor","Neutralize+1","Infinite Blades+1","Deadly Poison+1","Well Laid Plans+1","A Thousand Cuts+1","Skewer+1","PiercingWail","Burst+1","Backstab","Ghostly+1","Ghostly","Ghostly","Choke+1","PiercingWail+1","Terror","Noxious Fumes+1","Concentrate+1","Deadly Poison+1","After Image+1"],"relics":["Ring of the Snake","NeowsBlessing","Potion Belt","Omamori","Meat on the Bone","Busted Crown","ClockworkSouvenir","Anchor","Ice Cream","Orrery","Nunchaku","Toxic Egg 2","Question Card","Oddly Smooth Stone"],"potions_floor_usage":[13,24,27,27,31,31,36,50,51,51,51],"damage_taken":[{"damage":0,"enemies":"Small Slimes","floor":1,"turns":1},{"damage":0,"enemies":"Cultist","floor":3,"turns":1},{"damage":0,"enemies":"Gremlin Nob","floor":6,"turns":1},{"damage":4,"enemies":"Jaw Worm","floor":11,"turns":3},{"damage":14,"enemies":"3 Sentries","floor":13,"turns":5},{"damage":0,"enemies":"Large Slime","floor":14,"turns":6},{"damage":15,"enemies":"The Guardian","floor":16,"turns":10},{"damage":0,"enemies":"3 Byrds","floor":18,"turns":5},{"damage":1,"enemies":"Spheric Guardian","floor":21,"turns":4},{"damage":0,"enemies":"Shelled Parasite and Fungi","floor":24,"turns":6},{"damage":12,"enemies":"Gremlin Leader","floor":27,"turns":7},{"damage":7,"enemies":"Sentry and Sphere","floor":29,"turns":6},{"damage":2,"enemies":"Slavers","floor":31,"turns":7},{"damage":16,"enemies":"Collector","floor":33,"turns":10},{"damage":0,"enemies":"3 Shapes","floor":35,"turns":5},{"damage":2,"enemies":"Mind Bloom Boss Battle","floor":36,"turns":7},{"damage":0,"enemies":"3 Darklings","floor":38,"turns":5},{"damage":1,"enemies":"Sphere and 2 Shapes","floor":41,"turns":6},{"damage":3,"enemies":"4 Shapes","floor":45,"turns":4},{"damage":9,"enemies":"Jaw Worm Horde","floor":47,"turns":7},{"damage":0,"enemies":"Writhing Mass","floor":48,"turns":6},{"damage":0,"enemies":"Time Eater","floor":50,"turns":9},{"damage":63,"enemies":"Awakened One","floor":51,"turns":11}],"seed_played":"-3597992549651167484","potions_obtained":[{"floor":3,"key":"SneckoOil"},{"floor":6,"key":"AttackPotion"},{"floor":11,"key":"GhostInAJar"},{"floor":14,"key":"Energy Potion"},{"floor":21,"key":"Weak Potion"},{"floor":33,"key":"Swift Potion"},{"floor":41,"key":"SpeedPotion"},{"floor":45,"key":"Swift Potion"}],"is_trial":false,"path_per_floor":["M","?","M","?","?","E","R","?","T","R","M","?","E","M","R","B",null,"M","?","?","M","?","R","M","$","T","E","R","M","R","E","R","B",null,"M","?","?","M","$","R","M","T","T","$","M","$","M","M","R","B","B"],"character_chosen":"THE_SILENT","items_purchased":["EntropicBrew","ClockworkSouvenir","Choke","Toxic Egg 2","Noxious Fumes","Concentrate+1"],"campfire_rested":0,"item_purchase_floors":[25,25,25,39,39,39],"current_hp_per_floor":[59,59,59,59,48,48,48,28,28,28,24,24,10,22,22,19,54,54,33,33,32,32,32,32,32,32,20,20,25,25,23,23,19,30,30,28,28,28,28,28,27,27,27,27,24,24,27,27,27,27,0],"gold":78,"neow_bonus":"THREE_ENEMY_KILL","is_prod":false,"is_daily":false,"chose_seed":false,"campfire_upgraded":9,"win_rate":0,"timestamp":1556592473,"path_taken":["M","?","?","?","?","E","R","?","T","R","M","?","E","M","R","BOSS","M","?","?","M","?","R","?","$","T","E","R","M","R","E","R","BOSS","M","?","?","?","$","R","M","?","T","?","M","$","?","M","R","BOSS","BOSS"],"build_version":"2019-01-23","purchased_purges":1,"victory":false,"max_hp_per_floor":[66,66,66,66,66,66,66,66,66,66,66,66,66,66,66,66,66,66,33,33,33,33,33,33,33,33,33,33,33,33,33,33,33,33,33,33,33,33,33,33,33,33,33,33,33,33,33,33,33,33,33],"card_choices":[{"not_picked":["Prepared","Outmaneuver"],"picked":"Infinite Blades","floor":1},{"not_picked":["Distraction","Slice"],"picked":"Deadly Poison","floor":3},{"not_picked":["Deadly Poison","Predator"],"picked":"Well Laid Plans","floor":6},{"not_picked":["Dodge and Roll","Calculated Gamble"],"picked":"A Thousand Cuts","floor":11},{"not_picked":["Grand Finale","Acrobatics"],"picked":"Skewer","floor":13},{"not_picked":["Outmaneuver","Underhanded Strike"],"picked":"PiercingWail","floor":14},{"not_picked":["Doppelganger","Tools of the Trade"],"picked":"Burst","floor":16},{"not_picked":[],"picked":"Backstab","floor":18},{"not_picked":["Slice"],"picked":"SKIP","floor":21},{"not_picked":["Dagger Throw+1"],"picked":"SKIP","floor":24},{"not_picked":["Tools of the Trade"],"picked":"SKIP","floor":27},{"not_picked":["Outmaneuver"],"picked":"SKIP","floor":29},{"not_picked":["Poisoned Stab"],"picked":"SKIP","floor":31},{"not_picked":[],"picked":"PiercingWail+1","floor":34},{"not_picked":["Deadly Poison"],"picked":"SKIP","floor":35},{"not_picked":[],"picked":"Terror","floor":36},{"not_picked":["Deadly Poison"],"picked":"SKIP","floor":38},{"not_picked":["Bane"],"picked":"SKIP","floor":41},{"not_picked":["Flying Knee+1","All Out Attack"],"picked":"SKIP","floor":45},{"not_picked":["Slice"],"picked":"Deadly Poison+1","floor":47},{"not_picked":["Deadly Poison+1"],"picked":"After Image","floor":48}],"player_experience":2115264,"relics_obtained":[{"floor":6,"key":"Potion Belt"},{"floor":9,"key":"Omamori"},{"floor":13,"key":"Meat on the Bone"},{"floor":27,"key":"Anchor"},{"floor":31,"key":"Ice Cream"},{"floor":36,"key":"Nunchaku"},{"floor":42,"key":"Question Card"},{"floor":43,"key":"Oddly Smooth Stone"}],"event_choices":[{"cards_removed":["Strike_G"],"damage_healed":0,"gold_gain":0,"player_choice":"Purged","damage_taken":0,"max_hp_gain":0,"max_hp_loss":0,"event_name":"Purifier","floor":2,"gold_loss":0},{"cards_removed":["Strike_G"],"damage_healed":0,"gold_gain":0,"player_choice":"Card Removal","damage_taken":0,"max_hp_gain":0,"max_hp_loss":0,"event_name":"The Cleric","floor":4,"gold_loss":75},{"damage_healed":0,"gold_gain":75,"player_choice":"Gather Gold","damage_taken":11,"max_hp_gain":0,"max_hp_loss":0,"event_name":"World of Goop","floor":5,"gold_loss":0},{"damage_healed":0,"gold_gain":0,"player_choice":"Entered Light","damage_taken":20,"max_hp_gain":0,"max_hp_loss":0,"event_name":"Shining Light","floor":8,"gold_loss":0,"cards_upgraded":["Defend_G","Neutralize"]},{"damage_healed":0,"gold_gain":0,"player_choice":"Grow","damage_taken":0,"max_hp_gain":0,"max_hp_loss":0,"event_name":"Living Wall","floor":12,"gold_loss":0,"cards_upgraded":["A Thousand Cuts"]},{"damage_healed":0,"gold_gain":0,"player_choice":"Became a Ghost","damage_taken":0,"max_hp_gain":0,"max_hp_loss":33,"event_name":"Ghosts","floor":19,"gold_loss":0,"cards_obtained":["Ghostly","Ghostly","Ghostly"]},{"damage_healed":0,"gold_gain":50,"player_choice":"Stole From Cult","damage_taken":0,"max_hp_gain":0,"max_hp_loss":0,"event_name":"Nest","floor":20,"gold_loss":0},{"damage_healed":0,"gold_gain":200,"player_choice":"Gold","damage_taken":0,"max_hp_gain":0,"max_hp_loss":0,"event_name":"Wheel of Change","floor":22,"gold_loss":0},{"damage_healed":0,"gold_gain":0,"player_choice":"Fight","damage_taken":0,"max_hp_gain":0,"max_hp_loss":0,"event_name":"MindBloom","floor":36,"gold_loss":0},{"damage_healed":0,"gold_gain":0,"player_choice":"0 cards matched","damage_taken":0,"max_hp_gain":0,"max_hp_loss":0,"event_name":"Match and Keep!","floor":37,"gold_loss":0,"cards_obtained":[]}],"is_beta":false,"boss_relics":[{"not_picked":["Pandora\u0027s Box","WristBlade"],"picked":"Busted Crown"},{"not_picked":["Runic Pyramid","Runic Dome"],"picked":"Orrery"}],"items_purged_floors":[25],"is_endless":false,"potions_floor_spawned":[3,6,11,14,21,31,33,35,41,45,48],"killed_by":"Awakened One","ascension_level":20}