{"gold_per_floor":[117,130,145,95,95,95,107,107,158,191,208,208,222,222,222,321,321,332,332,348,348,361,388,11,11,34,51,51],"floor_reached":28,"playtime":1147,"items_purged":["Writhe"],"score":276,"play_id":"f97b983e-5709-499d-a392-1327bbc4dfe2","local_time":"20180903200440","is_ascension_mode":true,"campfire_choices":[{"data":"Redo","floor":6,"key":"SMITH"},{"data":"Dualcast","floor":8,"key":"SMITH"},{"data":"Storm","floor":12,"key":"SMITH"},{"data":"Capacitor","floor":15,"key":"SMITH"}],"neow_cost":"NONE","seed_source_timestamp":91749419746753,"circlet_count":0,"master_deck":["Strike_B","Strike_B","Strike_B","Strike_B","Defend_B","Defend_B+1","Defend_B","Zap+1","Dualcast+1","Redo+1","Ball Lightning","Capacitor+1","Leap","Cold Snap","Storm+1","Echo Form","Loop","Heatsinks","White Noise+1","Defragment","Metamorphosis","Recycle"],"relics":["Cracked Core","Happy Flower","DataDisk","Coffee Dripper","Kunai","Bag of Marbles","Letter Opener","Orichalcum"],"potions_floor_usage":[16,16,22,22,23],"damage_taken":[{"damage":5,"enemies":"Small Slimes","floor":1,"turns":3},{"damage":2,"enemies":"Jaw Worm","floor":2,"turns":4},{"damage":0,"enemies":"Cultist","floor":3,"turns":2},{"damage":8,"enemies":"Exordium Wildlife","floor":7,"turns":4},{"damage":18,"enemies":"Gremlin Nob","floor":10,"turns":3},{"damage":0,"enemies":"Blue Slaver","floor":11,"turns":2},{"damage":3,"enemies":"Looter","floor":13,"turns":2},{"damage":23,"enemies":"Hexaghost","floor":16,"turns":8},{"damage":15,"enemies":"Spheric Guardian","floor":18,"turns":4},{"damage":4,"enemies":"Chosen","floor":20,"turns":4},{"damage":11,"enemies":"Snecko","floor":22,"turns":5},{"damage":45,"enemies":"Book of Stabbing","floor":23,"turns":5},{"damage":10,"enemies":"Chosen and Byrds","floor":27,"turns":4},{"damage":6,"enemies":"Shelled Parasite and Fungi","floor":28,"turns":1}],"seed_played":"-612272078459814758","potions_obtained":[{"floor":3,"key":"FearPotion"},{"floor":7,"key":"Regen Potion"},{"floor":11,"key":"FearPotion"},{"floor":18,"key":"SteroidPotion"},{"floor":19,"key":"Block Potion"},{"floor":19,"key":"Energy Potion"},{"floor":22,"key":"Fruit Juice"}],"is_trial":false,"path_per_floor":["M","M","M","?","?","R","M","R","T","E","M","R","M","?","R","B",null,"M","?","M","?","M","E","$","T","T","M"],"character_chosen":"DEFECT","items_purchased":["Defragment","Metamorphosis","Recycle"],"campfire_rested":0,"item_purchase_floors":[24,24,24],"current_hp_per_floor":[77,75,75,75,59,59,51,51,51,33,33,33,30,30,30,22,82,67,67,63,63,52,12,12,12,12,2,0],"gold":51,"neow_bonus":"TEN_PERCENT_HP_BONUS","is_prod":false,"is_daily":false,"chose_seed":false,"campfire_upgraded":4,"win_rate":0,"timestamp":1536019480,"path_taken":["M","M","M","?","?","R","M","R","T","E","M","R","M","?","R","BOSS","M","?","?","?","M","E","$","?","T","?","M"],"build_version":"2018-08-30","purchased_purges":1,"victory":false,"max_hp_per_floor":[82,82,82,82,82,82,82,82,82,82,82,82,82,82,82,82,82,82,82,82,82,82,87,87,87,87,87,87],"card_choices":[{"not_picked":["Gash","Self Repair"],"picked":"Redo","floor":1},{"not_picked":["Rebound","Compile Driver"],"picked":"Ball Lightning","floor":2},{"not_picked":["Go for the Eyes","Self Repair"],"picked":"Capacitor","floor":3},{"not_picked":["Streamline","Buffer"],"picked":"Leap","floor":7},{"not_picked":["Beam Cell","Steam"],"picked":"Cold Snap","floor":10},{"not_picked":["Capacitor","Doom and Gloom"],"picked":"Storm","floor":11},{"not_picked":["FTL","Turbo","Streamline"],"picked":"SKIP","floor":13},{"not_picked":["Machine Learning","Seek"],"picked":"Echo Form","floor":16},{"not_picked":["Barrage","Fusion"],"picked":"Loop","floor":18},{"not_picked":["Cold Snap","Reinforced Body","Go for the Eyes"],"picked":"SKIP","floor":20},{"not_picked":["Steam Power+1","Beam Cell+1"],"picked":"Heatsinks","floor":22},{"not_picked":["Gash","Turbo"],"picked":"White Noise+1","floor":23},{"not_picked":["Scrape","Conserve Battery","Gash"],"picked":"SKIP","floor":27}],"player_experience":974873,"relics_obtained":[{"floor":9,"key":"Happy Flower"},{"floor":10,"key":"DataDisk"},{"floor":23,"key":"Bag of Marbles"},{"floor":25,"key":"Letter Opener"},{"floor":26,"key":"Orichalcum"}],"event_choices":[{"event_name":"The Cleric","player_choice":"Card Removal","floor":4,"damage_taken":0},{"event_name":"Shining Light","player_choice":"Entered Light","floor":5,"damage_taken":0},{"event_name":"Liars Game","player_choice":"disagreed","floor":14,"damage_taken":0},{"event_name":"The Lab","player_choice":"Got Potions","floor":19,"damage_taken":0},{"event_name":"The Mausoleum","player_choice":"Yes","floor":21,"damage_taken":0}],"is_beta":false,"boss_relics":[{"not_picked":["Orrery","Lizard Tail"],"picked":"Coffee Dripper"}],"items_purged_floors":[24],"is_endless":false,"potions_floor_spawned":[3,7,11,13,18,22],"killed_by":"Shelled Parasite and Fungi","ascension_level":3}