{"gold_per_floor":[118,131,143,143,108,108,120,151,198,198,233,233,259,277,277,350,350,362,287,287,300,88,123,123,123],"floor_reached":25,"playtime":1045,"items_purged":[],"score":418,"play_id":"54e19abc-1a78-41fd-8fbf-969b0bed46c2","local_time":"20190415231022","is_ascension_mode":true,"campfire_choices":[{"data":"Coolheaded","floor":6.0,"key":"SMITH"},{"floor":10.0,"key":"REST"},{"data":"Sunder","floor":12.0,"key":"SMITH"},{"data":"Sweeping Beam","floor":15.0,"key":"SMITH"},{"floor":24.0,"key":"REST"}],"neow_cost":"NONE","seed_source_timestamp":461895606365919,"circlet_count":0,"master_deck":["AscendersBane","Strike_B","Strike_B+1","Defend_B","Defend_B","Defend_B","Defend_B","Zap","Dualcast","Cold Snap+1","Coolheaded+1","Hologram","Sweeping Beam+1","Rebound","Sunder+1","Conserve Battery","Fission","Sweeping Beam+1","Consume+1","Static Discharge","Conserve Battery"],"special_seed":0,"relics":["Sozu","Blue Candle","Bag of Preparation","Lantern","Strawberry","Pen Nib","Frozen Egg 2"],"potions_floor_usage":[],"damage_taken":[{"damage":3.0,"enemies":"2 Louse","floor":1.0,"turns":3.0},{"damage":0.0,"enemies":"Small Slimes","floor":2.0,"turns":3.0},{"damage":0.0,"enemies":"Cultist","floor":3.0,"turns":4.0},{"damage":3.0,"enemies":"3 Louse","floor":7.0,"turns":4.0},{"damage":15.0,"enemies":"Lagavulin","floor":8.0,"turns":6.0},{"damage":6.0,"enemies":"3 Sentries","floor":11.0,"turns":8.0},{"damage":24.0,"enemies":"Gremlin Nob","floor":13.0,"turns":4.0},{"damage":3.0,"enemies":"Blue Slaver","floor":14.0,"turns":2.0},{"damage":33.0,"enemies":"Hexaghost","floor":16.0,"turns":8.0},{"damage":9.0,"enemies":"Chosen","floor":18.0,"turns":4.0},{"damage":0.0,"enemies":"Spheric Guardian","floor":21.0,"turns":3.0},{"damage":47.0,"enemies":"Gremlin Leader","floor":23.0,"turns":8.0},{"damage":27,"enemies":"Slavers","floor":25,"turns":5}],"seed_played":"5315842340649633979","potions_obtained":[],"is_trial":false,"path_per_floor":["M","M","M","?","?","R","M","E","T","R","E","R","E","M","R","B",null,"M","?","?","M","$","E","R","E"],"character_chosen":"DEFECT","items_purchased":["Pen Nib","Static Discharge"],"campfire_rested":2,"item_purchase_floors":[22,22],"current_hp_per_floor":[61,61,61,40,57,57,54,39,39,60,54,54,37,34,34,1,59,50,50,50,50,50,3,26,0],"gold":123,"neow_bonus":"BOSS_RELIC","is_prod":false,"is_daily":false,"chose_seed":false,"campfire_upgraded":3,"win_rate":0,"timestamp":1555384222,"path_taken":["M","M","M","?","?","R","M","E","T","R","E","R","E","M","R","BOSS","M","?","?","M","$","E","R","E"],"build_version":"2019-04-04","purchased_purges":0,"victory":false,"max_hp_per_floor":[71,71,71,71,71,71,71,71,71,71,71,71,78,78,78,78,78,78,78,78,78,78,78,78,78],"card_choices":[{"not_picked":["Steam","Conserve Battery"],"picked":"Cold Snap","floor":1.0},{"not_picked":["Steam","Undo"],"picked":"Coolheaded","floor":2.0},{"not_picked":["Redo","Go for the Eyes"],"picked":"Hologram","floor":3.0},{"not_picked":["Capacitor","Leap"],"picked":"Sweeping Beam","floor":7.0},{"not_picked":["Skim","Chaos"],"picked":"Rebound","floor":8.0},{"not_picked":["Hologram","Multi-Cast"],"picked":"Sunder","floor":11.0},{"not_picked":["Hologram","Leap","Go for the Eyes"],"picked":"SKIP","floor":13.0},{"not_picked":["Rebound","Chill"],"picked":"Conserve Battery","floor":14.0},{"not_picked":["Multi-Cast","Buffer"],"picked":"Fission","floor":16.0},{"not_picked":["Hello World","Redo"],"picked":"Sweeping Beam+1","floor":18.0},{"not_picked":["Compile Driver","Doom and Gloom+1"],"picked":"Consume+1","floor":21.0},{"not_picked":["Compile Driver","Gash"],"picked":"Conserve Battery","floor":23.0}],"player_experience":2415915,"relics_obtained":[{"floor":8.0,"key":"Blue Candle"},{"floor":9.0,"key":"Bag of Preparation"},{"floor":11.0,"key":"Lantern"},{"floor":13.0,"key":"Strawberry"},{"floor":23.0,"key":"Frozen Egg 2"}],"event_choices":[{"damage_healed":0.0,"max_hp_gain":0.0,"max_hp_loss":0.0,"gold_gain":0.0,"event_name":"Shining Light","player_choice":"Entered Light","floor":4.0,"gold_loss":0.0,"damage_taken":21.0,"cards_upgraded":["Strike_B","Cold Snap"]},{"damage_healed":17.0,"max_hp_gain":0.0,"max_hp_loss":0.0,"gold_gain":0.0,"event_name":"The Cleric","player_choice":"Healed","floor":5.0,"gold_loss":35.0,"damage_taken":0.0},{"cards_removed":["Strike_B"],"damage_healed":0.0,"max_hp_gain":0.0,"max_hp_loss":0.0,"gold_gain":0.0,"event_name":"Beggar","player_choice":"Gave Gold","floor":19.0,"gold_loss":75.0,"damage_taken":0.0},{"cards_removed":["Strike_B"],"damage_healed":0.0,"max_hp_gain":0.0,"max_hp_loss":0.0,"gold_gain":0.0,"event_name":"Purifier","player_choice":"Purged","floor":20.0,"gold_loss":0.0,"damage_taken":0.0}],"is_beta":true,"boss_relics":[{"not_picked":["Fusion Hammer","Velvet Choker","Runic Dome"]}],"items_purged_floors":[],"is_endless":false,"potions_floor_spawned":[3,8,14,21],"killed_by":"Slavers","ascension_level":15}