{"gold_per_floor":[117,117,128,138,155,187,187,31,57,69,99,111,123,135,147,290,302,330,342,374,386,497,549,561,573],"floor_reached":25,"playtime":691,"items_purged":[],"score":219,"play_id":"8d36750d-4cd8-450e-aa82-f55e23377a61","local_time":"20190425235342","is_ascension_mode":false,"campfire_choices":[{"floor":7,"key":"REST"},{"data":"Consume","floor":10,"key":"SMITH"},{"floor":15,"key":"REST"},{"floor":24,"key":"REST"}],"neow_cost":"CURSE","seed_source_timestamp":281177022260616,"circlet_count":0,"master_deck":["Strike_B","Strike_B","Strike_B+1","Strike_B","Defend_B","Defend_B","Defend_B+1","Defend_B","Zap","Dualcast","Doubt","Hyperbeam","Ball Lightning","Consume+1","Echo Form","Conserve Battery","Biased Cognition","Force Field+1","White Noise"],"relics":["Cracked Core","Strawberry","DataDisk","MawBank","Golden Idol","Boot","Sozu","Juzu Bracelet"],"potions_floor_usage":[23,23],"damage_taken":[{"damage":0,"enemies":"Jaw Worm","floor":1,"turns":1},{"damage":0,"enemies":"2 Louse","floor":3,"turns":1},{"damage":0,"enemies":"Small Slimes","floor":4,"turns":2},{"damage":7,"enemies":"Looter","floor":5,"turns":3},{"damage":39,"enemies":"Lagavulin","floor":6,"turns":6},{"damage":8,"enemies":"Lots of Slimes","floor":11,"turns":2},{"damage":40,"enemies":"Hexaghost","floor":16,"turns":9},{"damage":3,"enemies":"Spheric Guardian","floor":18,"turns":3},{"damage":0,"enemies":"Chosen","floor":20,"turns":3},{"damage":45,"enemies":"Slavers","floor":23,"turns":4},{"damage":55,"enemies":"Book of Stabbing","floor":25,"turns":5}],"seed_played":"-5392262998094556367","potions_obtained":[{"floor":3,"key":"Dexterity Potion"},{"floor":11,"key":"SpeedPotion"}],"is_trial":false,"path_per_floor":["M","?","M","M","M","E","R","$","T","R","M","?","$","?","R","B",null,"M","?","M","?","?","E","R","E"],"character_chosen":"DEFECT","items_purchased":["DataDisk"],"campfire_rested":3,"item_purchase_floors":[8],"current_hp_per_floor":[75,60,60,60,53,21,45,45,45,45,37,37,37,34,56,16,76,73,73,73,73,73,28,50,0],"gold":573,"neow_bonus":"THREE_RARE_CARDS","is_prod":false,"is_daily":false,"chose_seed":false,"campfire_upgraded":1,"win_rate":0,"timestamp":1556250822,"path_taken":["M","?","M","M","M","E","R","$","T","R","M","?","?","?","R","BOSS","M","?","?","?","?","E","R","E"],"build_version":"2019-01-23","purchased_purges":0,"victory":false,"max_hp_per_floor":[75,75,75,75,75,82,82,82,82,82,82,76,76,76,76,76,76,76,76,76,76,76,76,76,76],"card_choices":[{"not_picked":["Biased Cognition","Seek"],"picked":"Hyperbeam","floor":0},{"not_picked":["Auto Shields","Rebound","FTL"],"picked":"SKIP","floor":1},{"not_picked":["Steam","Chaos"],"picked":"Ball Lightning","floor":3},{"not_picked":["Compile Driver","Tempest"],"picked":"Consume","floor":4},{"not_picked":["Stack","Redo"],"picked":"Echo Form","floor":5},{"not_picked":["Barrage","Cold Snap"],"picked":"Conserve Battery","floor":6},{"not_picked":["Genetic Algorithm","Rip and Tear","Undo"],"picked":"SKIP","floor":11},{"not_picked":["Machine Learning","Reboot"],"picked":"Biased Cognition","floor":16},{"not_picked":["Recycle","Compile Driver"],"picked":"Force Field+1","floor":18},{"not_picked":["Fusion","Recycle","Sweeping Beam"],"picked":"SKIP","floor":20},{"not_picked":["Skim","Streamline","Rip and Tear"],"picked":"SKIP","floor":23}],"player_experience":904237,"relics_obtained":[{"floor":6,"key":"Strawberry"},{"floor":9,"key":"MawBank"},{"floor":23,"key":"Juzu Bracelet"}],"event_choices":[{"damage_healed":0,"gold_gain":0,"player_choice":"Entered Light","damage_taken":15,"max_hp_gain":0,"max_hp_loss":0,"event_name":"Shining Light","floor":2,"gold_loss":0,"cards_upgraded":["Defend_B","Strike_B"]},{"damage_healed":0,"gold_gain":0,"player_choice":"Lose Max HP","damage_taken":0,"relics_obtained":["Golden Idol"],"max_hp_gain":0,"max_hp_loss":6,"event_name":"Golden Idol","floor":12,"gold_loss":0},{"damage_healed":0,"gold_gain":0,"player_choice":"Success","damage_taken":3,"relics_obtained":["Boot"],"max_hp_gain":0,"max_hp_loss":0,"event_name":"Scrap Ooze","floor":14,"gold_loss":0},{"damage_healed":0,"gold_gain":0,"player_choice":"Got Potions","damage_taken":0,"max_hp_gain":0,"max_hp_loss":0,"event_name":"Lab","floor":19,"gold_loss":0},{"damage_healed":0,"gold_gain":0,"player_choice":"Read","damage_taken":0,"max_hp_gain":0,"max_hp_loss":0,"event_name":"The Library","floor":21,"gold_loss":0,"cards_obtained":["White Noise"]},{"damage_healed":0,"gold_gain":99,"player_choice":"Stole From Cult","damage_taken":0,"max_hp_gain":0,"max_hp_loss":0,"event_name":"Nest","floor":22,"gold_loss":0}],"is_beta":false,"boss_relics":[{"not_picked":["Empty Cage","Fusion Hammer"],"picked":"Sozu"}],"items_purged_floors":[],"is_endless":false,"potions_floor_spawned":[3,11,18],"killed_by":"Book of Stabbing","ascension_level":0}