{"path_per_floor":["M","?","M","M","M","R","E","R","T","R","?","M","M","M","R","B",null,"M","M","$","M","M"],"character_chosen":"IRONCLAD","items_purchased":["Bandage Up","Bag of Marbles","Bludgeon"],"gold_per_floor":[118,193,209,224,243,243,268,268,568,568,568,584,602,618,618,719,719,732,747,274,288,308],"floor_reached":23,"campfire_rested":1,"playtime":1175,"current_hp_per_floor":[66,55,48,41,27,27,6,30,30,30,30,27,11,9,9,16,64,45,24,24,5,2],"items_purged":["Strike_R"],"gold":308,"score":266,"play_id":"bf59cfd9-8a9a-4578-a9d1-070555c380d7","local_time":"20180311001708","is_prod":false,"is_daily":false,"is_ascension_mode":true,"campfire_upgraded":3,"timestamp":1520745428,"path_taken":["M","?","M","?","M","R","E","R","T","R","?","?","M","M","R","BOSS","M","M","$","M","M","E"],"build_version":"2018-03-09","purchased_purges":1,"victory":false,"master_deck":["Strike_R","Strike_R","Strike_R","Strike_R","Defend_R","Defend_R","Defend_R","Bash","Rampage+1","Body Slam+1","Thunderclap","Armaments+1","Bloodletting","Body Slam+1","Bandage Up","Bludgeon","Headbutt+1","Headbutt+1"],"max_hp_per_floor":[80,80,80,80,80,80,80,80,80,80,80,80,80,80,80,80,80,80,80,80,80,80],"relics":["Lizard Tail","Orichalcum","Old Coin","Runic Dome","Bag of Marbles"],"card_choices":[{"not_picked":["Dual Wield","Spot Weakness"],"picked":"Rampage"},{"not_picked":["Reckless Charge","Pommel Strike"],"picked":"Body Slam"},{"not_picked":["Havoc","Headbutt"],"picked":"Thunderclap"},{"not_picked":["Twin Strike","Fiend Fire"],"picked":"Armaments"},{"not_picked":["Intimidate","Exhume"],"picked":"Bloodletting"},{"not_picked":["Thunderclap","Power Through"],"picked":"Body Slam"},{"not_picked":["Clash","Sword Boomerang"],"picked":"Headbutt"},{"not_picked":["Heavy Blade","Carnage"],"picked":"Headbutt"}],"player_experience":442797,"potions_floor_usage":[5,12,16,18,23],"damage_taken":[{"damage":6,"enemies":"Cultist","floor":1,"turns":3},{"damage":7,"enemies":"2 Louse","floor":3,"turns":3},{"damage":7,"enemies":"Jaw Worm","floor":4,"turns":3},{"damage":14,"enemies":"3 Louse","floor":5,"turns":4},{"damage":21,"enemies":"Gremlin Nob","floor":7,"turns":4},{"damage":3,"enemies":"Large Slime","floor":12,"turns":5},{"damage":16,"enemies":"Red Slaver","floor":13,"turns":3},{"damage":2,"enemies":"3 Louse","floor":14,"turns":4},{"damage":38,"enemies":"The Guardian","floor":16,"turns":10},{"damage":19,"enemies":"Spheric Guardian","floor":18,"turns":5},{"damage":21,"enemies":"3 Byrds","floor":19,"turns":5},{"damage":25,"enemies":"Slaver and Parasite","floor":21,"turns":5},{"damage":7,"enemies":"Snecko","floor":22,"turns":4},{"damage":17,"enemies":"Gremlin Leader","floor":23,"turns":7}],"event_choices":[{"event_name":"World of Goop","player_choice":"Gather Gold","floor":2,"damage_taken":0},{"event_name":"Living Wall","player_choice":"Forget","floor":11,"damage_taken":0}],"boss_relics":[{"not_picked":["Snecko Eye","Astrolabe"],"picked":"Runic Dome"}],"potions_floor_spawned":[1,3,5,14,19],"seed_played":"-4762021961389395744","killed_by":"Gremlin Leader","ascension_level":7,"is_trial":false}