{"gold_per_floor":[214,214,234,250,300,300,319,319,365,365,396,396,415,431,431,431],"floor_reached":16,"playtime":363,"items_purged":[],"score":179,"play_id":"b27ec231-bec2-4299-a97d-5e6c8f1e4ce3","local_time":"20180807195233","is_ascension_mode":true,"campfire_choices":[{"data":"Zap","floor":6.0,"key":"SMITH"},{"data":"Redo","floor":8.0,"key":"SMITH"},{"data":"Dualcast","floor":10.0,"key":"SMITH"},{"data":"Go for the Eyes","floor":15,"key":"SMITH"}],"neow_cost":"NONE","seed_source_timestamp":188013587685339,"circlet_count":0,"master_deck":["Strike_B","Strike_B","Strike_B","Strike_B","Defend_B","Defend_B","Defend_B","Defend_B","Zap+1","Dualcast+1","AscendersBane","FTL","Redo+1","Coolheaded","Glacier","Go for the Eyes+1","Conserve Battery"],"special_seed":0,"relics":["Cracked Core","Pantograph","DataDisk","Singing Bowl"],"potions_floor_usage":[16],"damage_taken":[{"damage":0.0,"enemies":"Cultist","floor":1.0,"turns":3.0},{"damage":2.0,"enemies":"Jaw Worm","floor":3.0,"turns":3.0},{"damage":0.0,"enemies":"2 Louse","floor":4.0,"turns":2.0},{"damage":23.0,"enemies":"Gremlin Gang","floor":7.0,"turns":4.0},{"damage":30.0,"enemies":"Gremlin Nob","floor":11.0,"turns":7.0},{"damage":3.0,"enemies":"Looter","floor":13.0,"turns":3.0},{"damage":0.0,"enemies":"Red Slaver","floor":14.0,"turns":4.0},{"damage":54,"enemies":"Hexaghost","floor":16,"turns":16}],"seed_played":"6548344967259353471","potions_obtained":[{"floor":11.0,"key":"Weak Potion"},{"floor":12.0,"key":"Regen Potion"},{"floor":12.0,"key":"SmokeBomb"}],"is_trial":false,"path_per_floor":["M","T","M","M","?","R","M","R","T","R","E","?","M","M","R"],"character_chosen":"DEFECT","items_purchased":[],"campfire_rested":0,"item_purchase_floors":[],"current_hp_per_floor":[64,64,62,62,62,62,39,39,39,39,9,9,8,8,8,0],"gold":431,"neow_bonus":"HUNDRED_GOLD","is_prod":false,"is_daily":false,"chose_seed":false,"campfire_upgraded":4,"win_rate":0,"timestamp":1533696753,"path_taken":["M","?","?","M","?","R","M","R","T","R","E","?","?","M","R","BOSS"],"build_version":"2018-08-07","purchased_purges":0,"victory":false,"max_hp_per_floor":[71,71,71,71,71,71,71,71,71,71,71,71,73,73,73,73],"card_choices":[{"not_picked":["Compile Driver","Coolheaded"],"picked":"FTL","floor":1.0},{"not_picked":["Steam","Stack"],"picked":"Redo","floor":3.0},{"not_picked":["Reinforced Body","Doom and Gloom"],"picked":"Coolheaded","floor":4.0},{"not_picked":["Rebound","Sweeping Beam"],"picked":"Glacier","floor":7.0},{"not_picked":["Compile Driver","Storm"],"picked":"Go for the Eyes","floor":11.0},{"not_picked":["Compile Driver","Rebound","Aggregate"],"picked":"Singing Bowl","floor":13.0},{"not_picked":["Barrage","Rip and Tear"],"picked":"Conserve Battery","floor":14.0}],"player_experience":853631,"relics_obtained":[{"floor":2.0,"key":"Pantograph"},{"floor":9.0,"key":"DataDisk"},{"floor":11.0,"key":"Singing Bowl"}],"event_choices":[{"event_name":"Golden Shrine","player_choice":"Pray","floor":5.0,"damage_taken":0.0},{"event_name":"The Lab","player_choice":"Got Potions","floor":12.0,"damage_taken":0.0}],"is_beta":true,"boss_relics":[],"items_purged_floors":[],"is_endless":false,"potions_floor_spawned":[11,14],"killed_by":"Hexaghost","ascension_level":15}