{"path_per_floor":["M","?","?","M","M","?","M","E","T","M","E","R","M","M","R","B",null,"M","$","?","M","M","E","R","M","T","?","R","E","M","?","R"],"character_chosen":"THE_SILENT","items_purchased":["Bottled Tornado","Master of Strategy"],"gold_per_floor":[115,290,290,309,323,323,338,377,377,402,438,438,462,485,485,610,610,631,121,36,52,76,117,117,142,188,188,188,227,241,241,241],"floor_reached":33,"campfire_rested":3,"playtime":3428,"current_hp_per_floor":[70,70,53,49,48,53,49,31,31,31,26,26,26,26,26,11,75,62,62,62,62,48,8,30,41,41,25,47,19,4,4,19],"items_purged":["Doubt"],"gold":241,"play_id":"7aa636bf-0d2a-4e09-9582-d57c3952afe1","is_prod":false,"is_daily":false,"is_ascension_mode":false,"campfire_upgraded":2,"path_taken":["M","?","?","M","?","?","M","E","T","M","E","R","M","M","R","BOSS","M","$","?","M","M","E","R","M","T","?","R","E","M","?","R","BOSS"],"build_version":"2018-02-01-PROD3","purchased_purges":1,"victory":false,"master_deck":["Defend_G","Defend_G","Defend_G","Defend_G","Defend_G","Survivor","Neutralize","Dodge and Roll","Quick Slash","Poisoned Stab","Catalyst+1","Backstab","Bouncing Flask","Well Laid Plans","Deadly Poison","Footwork+1","Tools of the Trade","Quick Slash","Master of Strategy","Bouncing Flask","Flying Knee+1","Bane","Bane","Terror","Bite","Bite","Bite","Bite","Bite"],"max_hp_per_floor":[70,70,70,70,70,75,75,75,75,75,75,75,75,75,75,75,75,75,75,75,75,75,75,75,75,75,75,75,75,75,52,52],"relics":["Ring of the Snake","Golden Idol","Mummified Hand","Ninja Scroll","Prayer Wheel","Black Star","Bottled Tornado","Sundial","Bronze Scales","Bag of Preparation","Snake Skull","Nilry\u0027s Codex","Frozen Eye","Torii"],"card_choices":[{"not_picked":["PiercingWail","Masterful Stab"],"picked":"Dodge and Roll"},{"not_picked":["Slice","Crippling Poison"],"picked":"Quick Slash"},{"not_picked":["Skewer","Crippling Poison"],"picked":"Poisoned Stab"},{"not_picked":["Calculated Gamble","Well Laid Plans"],"picked":"Catalyst"},{"not_picked":["Flying Knee","Choke"],"picked":"Backstab"},{"not_picked":["Dagger Throw","All Out Attack"],"picked":"Bouncing Flask"},{"not_picked":["Masterful Stab","Dagger Spray"],"picked":"Well Laid Plans"},{"not_picked":["Footwork","Infinite Blades"],"picked":"Deadly Poison"},{"not_picked":["Prepared","Sucker Punch"],"picked":"Footwork"},{"not_picked":["Die Die Die","Glass Knife"],"picked":"Tools of the Trade"},{"not_picked":["Dagger Spray","Endless Agony"],"picked":"Quick Slash"},{"not_picked":["All Out Attack","Endless Agony"],"picked":"Bouncing Flask"},{"not_picked":["Distraction","Dagger Throw"],"picked":"Flying Knee"},{"not_picked":["Heel Hook","Calculated Gamble"],"picked":"Bane"},{"not_picked":["Sucker Punch","Dagger Spray"],"picked":"Bane"},{"not_picked":["Backstab","Acrobatics"],"picked":"Terror"}],"player_experience":26343,"potions_floor_usage":[8,10,14,16,23,25,29,30,33,33],"damage_taken":[{"damage":0,"enemies":"2 Louse","floor":1,"turns":3},{"damage":4,"enemies":"Cultist","floor":4,"turns":6},{"damage":1,"enemies":"Blue Slaver","floor":5,"turns":4},{"damage":4,"enemies":"3 Louse","floor":7,"turns":5},{"damage":18,"enemies":"3 Sentries","floor":8,"turns":9},{"damage":0,"enemies":"Large Slime","floor":10,"turns":2},{"damage":5,"enemies":"Gremlin Nob","floor":11,"turns":3},{"damage":0,"enemies":"Exordium Wildlife","floor":13,"turns":2},{"damage":0,"enemies":"Lots of Slimes","floor":14,"turns":3},{"damage":15,"enemies":"The Guardian","floor":16,"turns":5},{"damage":13,"enemies":"2 Thieves","floor":18,"turns":4},{"damage":0,"enemies":"Chosen","floor":21,"turns":3},{"damage":14,"enemies":"Snake Plant","floor":22,"turns":4},{"damage":40,"enemies":"Slavers","floor":23,"turns":6},{"damage":4,"enemies":"Snecko","floor":25,"turns":5},{"damage":28,"enemies":"Gremlin Leader","floor":29,"turns":7},{"damage":15,"enemies":"Slaver and Parasite","floor":30,"turns":4},{"damage":53,"enemies":"Champ","floor":33,"turns":11}],"event_choices":[{"event_name":"Liars Game","player_choice":"agreed","floor":2,"damage_taken":0},{"event_name":"Golden Idol","player_choice":"Take Damage","floor":3,"damage_taken":0},{"event_name":"Big Fish","player_choice":"Donut","floor":6,"damage_taken":0},{"event_name":"Addict","player_choice":"Obtained Relic","floor":20,"damage_taken":0},{"event_name":"Cursed Tome","player_choice":"Obtained Book","floor":27,"damage_taken":0},{"event_name":"Vampires","player_choice":"Became a vampire","floor":31,"damage_taken":0}],"boss_relics":[{"not_picked":["Lizard Tail","Runic Dome"],"picked":"Black Star"}],"potions_floor_spawned":[7,8,11,13,14,22,23,29,30],"seed_played":"7208785696799427395","killed_by":"Champ","ascension_level":0,"is_trial":false}