{"gold_per_floor":[114,128,147,67,67,101,61,61,61,90,101,161,192,207,207,207],"floor_reached":16,"playtime":847,"items_purged":[],"score":290,"play_id":"28038426-9c4f-4a9a-94e5-a2bfbb95033e","local_time":"20190502044248","is_ascension_mode":true,"campfire_choices":[{"data":"Combust","floor":8,"key":"SMITH"},{"data":"1","floor":15,"key":"LIFT"}],"neow_cost":"NONE","seed_source_timestamp":815936816630808,"circlet_count":0,"master_deck":["AscendersBane","Strike_R","Strike_R","Strike_R","Strike_R","Strike_R","Defend_R","Defend_R","Defend_R","Defend_R","Bash+1","Shrug It Off","Combust+1","Feel No Pain","Twin Strike","Shrug It Off","Metallicize","Offering","True Grit","Armaments","Disarm"],"relics":["Burning Blood","Bottled Lightning","Art of War","PreservedInsect","Juzu Bracelet","Girya"],"potions_floor_usage":[6,13,14,16],"damage_taken":[{"damage":4,"enemies":"2 Louse","floor":1,"turns":3},{"damage":6,"enemies":"Cultist","floor":2,"turns":3},{"damage":4,"enemies":"Small Slimes","floor":3,"turns":6},{"damage":33,"enemies":"Gremlin Nob","floor":6,"turns":4},{"damage":9,"enemies":"Looter","floor":7,"turns":4},{"damage":18,"enemies":"3 Sentries","floor":10,"turns":6},{"damage":10,"enemies":"Large Slime","floor":11,"turns":6},{"damage":14,"enemies":"Gremlin Nob","floor":12,"turns":3},{"damage":6,"enemies":"Gremlin Nob","floor":13,"turns":2},{"damage":9,"enemies":"Red Slaver","floor":14,"turns":3},{"damage":23,"enemies":"Hexaghost","floor":16,"turns":9}],"seed_played":"3993029739079359462","potions_obtained":[{"floor":3,"key":"SteroidPotion"},{"floor":10,"key":"LiquidBronze"},{"floor":11,"key":"Swift Potion"},{"floor":12,"key":"Strength Potion"},{"floor":13,"key":"SkillPotion"}],"is_trial":false,"path_per_floor":["M","M","M","$","?","E","M","R","T","E","M","?","E","M","R","B"],"character_chosen":"IRONCLAD","items_purchased":["Twin Strike","Shrug It Off"],"campfire_rested":0,"item_purchase_floors":[4,4],"current_hp_per_floor":[77,77,79,79,79,52,49,49,49,37,33,25,25,22,22,0],"gold":207,"neow_bonus":"TEN_PERCENT_HP_BONUS","is_prod":false,"is_daily":false,"chose_seed":false,"campfire_upgraded":1,"win_rate":0,"timestamp":1556786568,"path_taken":["M","M","M","$","?","E","M","R","T","E","?","?","E","M","R","BOSS"],"build_version":"2019-01-23","purchased_purges":0,"victory":false,"max_hp_per_floor":[82,82,82,82,82,82,82,82,82,82,82,82,82,82,82,82],"card_choices":[{"not_picked":["Clothesline","Second Wind"],"picked":"Shrug It Off","floor":1},{"not_picked":["Sword Boomerang","Warcry"],"picked":"Combust","floor":2},{"not_picked":["Thunderclap","Body Slam"],"picked":"Feel No Pain","floor":3},{"not_picked":["Body Slam","Clash"],"picked":"Metallicize","floor":6},{"not_picked":["Intimidate","Corruption"],"picked":"Offering","floor":7},{"not_picked":["Thunderclap","Twin Strike"],"picked":"True Grit","floor":10},{"not_picked":["Iron Wave","True Grit"],"picked":"Armaments","floor":11},{"not_picked":["Body Slam","Headbutt","Dual Wield"],"picked":"SKIP","floor":13},{"not_picked":["Body Slam","Headbutt","Dual Wield"],"picked":"SKIP","floor":13},{"not_picked":["Armaments","Havoc"],"picked":"Disarm","floor":14}],"player_experience":2227875,"relics_obtained":[{"floor":6,"key":"Bottled Lightning"},{"floor":9,"key":"Art of War"},{"floor":10,"key":"PreservedInsect"},{"floor":12,"key":"Juzu Bracelet"},{"floor":13,"key":"Girya"}],"event_choices":[{"damage_healed":0,"gold_gain":0,"player_choice":"Forge","damage_taken":0,"max_hp_gain":0,"max_hp_loss":0,"event_name":"Accursed Blacksmith","floor":5,"gold_loss":0,"cards_upgraded":["Bash"]},{"damage_healed":0,"gold_gain":0,"player_choice":"Searched \u00271\u0027 times","damage_taken":0,"max_hp_gain":0,"max_hp_loss":0,"event_name":"Dead Adventurer","floor":12,"gold_loss":0}],"is_beta":false,"boss_relics":[],"items_purged_floors":[],"is_endless":false,"potions_floor_spawned":[3,10,11,12,13],"killed_by":"Hexaghost","ascension_level":20}