{"gold_per_floor":[115,115,133,133,145,145,145,145,213,241,241],"floor_reached":11,"playtime":114,"items_purged":[],"score":142,"play_id":"d6ff06fb-d504-4733-ace1-51a9c8d6881e","local_time":"20190223165346","is_ascension_mode":true,"campfire_choices":[{"data":"Footwork","floor":6,"key":"SMITH"}],"neow_cost":"NONE","seed_source_timestamp":460055593921735,"circlet_count":0,"master_deck":["AscendersBane","Defend_G","Defend_G","Defend_G","Defend_G","Defend_G","Strike_G","Strike_G","Strike_G","Survivor","Neutralize","Quick Slash","Footwork+1","Poisoned Stab","Catalyst","Dash","PiercingWail"],"relics":["Ring of the Snake","NeowsBlessing","Prayer Wheel","CultistMask","Letter Opener","Art of War"],"potions_floor_usage":[],"damage_taken":[{"damage":0,"enemies":"Small Slimes","floor":1,"turns":1},{"damage":0,"enemies":"Cultist","floor":3,"turns":1},{"damage":0,"enemies":"2 Louse","floor":5,"turns":1},{"damage":37,"enemies":"Gremlin Nob","floor":10,"turns":5},{"damage":6,"enemies":"Large Slime","floor":11,"turns":2}],"seed_played":"-2249612349401270557","potions_obtained":[],"is_trial":false,"path_per_floor":["M","?","M","?","M","R","?","?","T","E","M"],"character_chosen":"THE_SILENT","items_purchased":[],"campfire_rested":0,"item_purchase_floors":[],"current_hp_per_floor":[59,41,41,41,41,41,41,41,41,4,0],"gold":241,"neow_bonus":"THREE_ENEMY_KILL","is_prod":false,"is_daily":false,"chose_seed":false,"campfire_upgraded":1,"win_rate":0,"timestamp":1550966026,"path_taken":["M","?","M","?","?","R","?","?","T","E","M"],"build_version":"2019-02-06","purchased_purges":0,"victory":false,"max_hp_per_floor":[66,66,66,66,66,66,66,66,66,66,66],"card_choices":[{"not_picked":["Dodge and Roll","Deflect"],"picked":"Quick Slash","floor":1},{"not_picked":["Acrobatics","Caltrops"],"picked":"Footwork","floor":3},{"not_picked":["Endless Agony","Deadly Poison"],"picked":"Poisoned Stab","floor":3},{"not_picked":["Underhanded Strike","Deadly Poison"],"picked":"Catalyst","floor":5},{"not_picked":["Dodge and Roll","Calculated Gamble"],"picked":"Dash","floor":5},{"not_picked":["Bouncing Flask","Outmaneuver"],"picked":"PiercingWail","floor":10}],"player_experience":1127389,"relics_obtained":[{"floor":9,"key":"Letter Opener"},{"floor":10,"key":"Art of War"}],"event_choices":[{"damage_healed":0,"gold_gain":0,"player_choice":"Success","damage_taken":18,"relics_obtained":["Prayer Wheel"],"max_hp_gain":0,"max_hp_loss":0,"event_name":"Scrap Ooze","floor":2,"gold_loss":0},{"damage_healed":0,"gold_gain":0,"player_choice":"Trade","damage_taken":0,"relics_obtained":["CultistMask"],"max_hp_gain":0,"max_hp_loss":0,"event_name":"FaceTrader","floor":4,"gold_loss":0},{"cards_removed":["Strike_G"],"damage_healed":0,"gold_gain":0,"player_choice":"Forget","damage_taken":0,"max_hp_gain":0,"max_hp_loss":0,"event_name":"Living Wall","floor":7,"gold_loss":0},{"cards_removed":["Strike_G"],"damage_healed":0,"gold_gain":0,"player_choice":"Purged","damage_taken":0,"max_hp_gain":0,"max_hp_loss":0,"event_name":"Purifier","floor":8,"gold_loss":0}],"is_beta":true,"boss_relics":[],"items_purged_floors":[],"is_endless":false,"potions_floor_spawned":[],"killed_by":"Large Slime","ascension_level":20}