{"path_per_floor":["M","?","M","?","M","R","$","R","T","E","M","R","M","M","R","B",null,"M","$","M","?","?","R","M"],"character_chosen":"THE_SILENT","items_purchased":["Finisher","Infinite Blades","Dash","Strength Potion","Strength Potion"],"gold_per_floor":[109,59,75,75,93,93,54,54,54,80,96,96,116,126,126,226,226,226,21,21,21,21,21,21],"floor_reached":25,"campfire_rested":1,"playtime":1105,"current_hp_per_floor":[56,56,56,44,44,44,44,44,44,28,19,37,33,33,33,27,52,52,52,46,36,57,57,38],"items_purged":[],"gold":21,"score":305,"play_id":"c093b4c1-c9fc-4079-ac8b-5ef5a4103243","local_time":"20180317212816","is_prod":false,"is_daily":false,"is_ascension_mode":true,"campfire_upgraded":4,"timestamp":1521336496,"path_taken":["M","?","?","?","M","R","$","R","T","E","?","R","M","M","R","BOSS","M","?","M","?","?","R","M","E"],"build_version":"2018-03-15v3","purchased_purges":2,"victory":false,"master_deck":["Defend_G","Defend_G","Defend_G","Defend_G","Strike_G","Strike_G","Strike_G","Strike_G","Survivor","Neutralize+1","Accuracy","Noxious Fumes+1","Caltrops+1","Finisher+1","Predator","Caltrops+1","Unload","Bouncing Flask","Infinite Blades+1","Dash","Cloak And Dagger+1","Dash"],"max_hp_per_floor":[63,60,60,60,60,60,60,60,60,60,60,60,60,60,60,60,60,60,60,60,65,65,65,65],"relics":["Ring of the Snake","Tingsha","Ginger","Ectoplasm"],"card_choices":[{"not_picked":["Distraction","Deflect"],"picked":"Caltrops"},{"not_picked":["Outmaneuver","Dagger Throw"],"picked":"Predator"},{"not_picked":["Acrobatics","Backflip"],"picked":"Caltrops"},{"not_picked":["Tools of the Trade","Bullet Time"],"picked":"Unload"},{"not_picked":["Flechettes","Slice"],"picked":"Bouncing Flask"},{"not_picked":["Deadly Poison","Acrobatics"],"picked":"Cloak And Dagger"},{"not_picked":["Slice","Infinite Blades"],"picked":"Dash"}],"player_experience":548204,"potions_floor_usage":[10,16,18,24,25,25,25],"damage_taken":[{"damage":7,"enemies":"Small Slimes","floor":1,"turns":5},{"damage":0,"enemies":"Jaw Worm","floor":3,"turns":5},{"damage":0,"enemies":"Cultist","floor":5,"turns":4},{"damage":16,"enemies":"3 Sentries","floor":10,"turns":7},{"damage":9,"enemies":"2 Fungi Beasts","floor":11,"turns":3},{"damage":4,"enemies":"Looter","floor":13,"turns":4},{"damage":0,"enemies":"Large Slime","floor":14,"turns":5},{"damage":6,"enemies":"Hexaghost","floor":16,"turns":8},{"damage":0,"enemies":"Spheric Guardian","floor":18,"turns":2},{"damage":6,"enemies":"3 Byrds","floor":20,"turns":3},{"damage":19,"enemies":"Snecko","floor":24,"turns":4},{"damage":40,"enemies":"Slavers","floor":25,"turns":2}],"event_choices":[{"event_name":"The Cleric","player_choice":"Card Removal","floor":2,"damage_taken":0},{"event_name":"Shining Light","player_choice":"Entered Light","floor":4,"damage_taken":0},{"event_name":"Forgotten Altar","player_choice":"Shed Blood","floor":21,"damage_taken":0},{"event_name":"The Library","player_choice":"Heal","floor":22,"damage_taken":0}],"boss_relics":[{"not_picked":["Snecko Eye","Calling Bell"],"picked":"Ectoplasm"}],"potions_floor_spawned":[1,3,13,16,24],"seed_played":"-2867404663249363479","killed_by":"Slavers","ascension_level":10,"is_trial":false}