{"gold_per_floor":[113,126,6,16,16,16,16,16,89,100,129,129,147,160,160,234,264,277,331,343,323,336,336,57,77,77,77,17,17,37,37,37,37],"floor_reached":33,"playtime":3632,"items_purged":["Normality"],"score":494,"play_id":"75d28ac6-c937-4e89-81c3-3c23ca2150eb","local_time":"20190423214234","is_ascension_mode":true,"campfire_choices":[{"data":"Zap","floor":6,"key":"SMITH"},{"data":"Go for the Eyes","floor":8,"key":"SMITH"},{"data":"Sweeping Beam","floor":12,"key":"SMITH"},{"data":"Static Discharge","floor":15,"key":"SMITH"},{"floor":23,"key":"REST"},{"floor":27,"key":"REST"},{"data":"Coolheaded","floor":32,"key":"SMITH"}],"neow_cost":"NONE","seed_source_timestamp":82202544479651,"circlet_count":0,"master_deck":["AscendersBane","Strike_B","Strike_B","Strike_B","Defend_B","Defend_B","Defend_B","Defend_B","Zap+1","Dualcast","Go for the Eyes+1","Echo Form","BootSequence","Genetic Algorithm","Sweeping Beam+1","BootSequence","Static Discharge+1","Coolheaded+1","Sunder","Buffer+1","Clumsy","Shame","Stack","Leap+1","Reinforced Body","Self Repair","Writhe","Glacier+1"],"relics":["Cracked Core","Mercury Hourglass","Bottled Flame","Pocketwatch","Calling Bell","Tiny Chest","The Courier","Emotion Chip","Art of War","Matryoshka","Lantern","Bottled Lightning","Molten Egg 2"],"potions_floor_usage":[11,33,33],"damage_taken":[{"damage":2,"enemies":"Cultist","floor":1,"turns":4},{"damage":9,"enemies":"Small Slimes","floor":2,"turns":3},{"damage":0,"enemies":"Jaw Worm","floor":4,"turns":3},{"damage":0,"enemies":"Red Slaver","floor":10,"turns":3},{"damage":29,"enemies":"Gremlin Nob","floor":11,"turns":4},{"damage":0,"enemies":"Exordium Wildlife","floor":13,"turns":3},{"damage":1,"enemies":"Looter","floor":14,"turns":3},{"damage":22,"enemies":"The Guardian","floor":16,"turns":10},{"damage":17,"enemies":"2 Thieves","floor":18,"turns":4},{"damage":2,"enemies":"Spheric Guardian","floor":20,"turns":5},{"damage":31,"enemies":"Centurion and Healer","floor":22,"turns":9},{"damage":16,"enemies":"Snake Plant","floor":25,"turns":4},{"damage":17,"enemies":"Cultist and Chosen","floor":30,"turns":5},{"damage":38,"enemies":"Collector","floor":33,"turns":14}],"seed_played":"-7627236760515323221","potions_obtained":[{"floor":1,"key":"Strength Potion"},{"floor":4,"key":"FearPotion"},{"floor":20,"key":"Strength Potion"},{"floor":22,"key":"Explosive Potion"},{"floor":30,"key":"FocusPotion"}],"is_trial":false,"path_per_floor":["M","M","$","M","?","R","?","R","T","M","E","R","M","M","R","B",null,"M","T","M","?","M","R","$","M","T","R","$","?","M","?","R","B"],"character_chosen":"DEFECT","items_purchased":["BootSequence","Genetic Algorithm","Matryoshka","Self Repair"],"campfire_rested":2,"item_purchase_floors":[3,3,24,28],"current_hp_per_floor":[69,60,60,60,55,55,55,55,55,55,26,26,26,25,25,3,59,42,42,40,40,9,32,32,16,16,39,39,39,29,29,29,0],"gold":37,"neow_bonus":"TEN_PERCENT_HP_BONUS","is_prod":false,"is_daily":false,"chose_seed":false,"campfire_upgraded":5,"win_rate":0,"timestamp":1556070154,"path_taken":["M","M","$","M","?","R","?","R","T","M","E","R","M","M","R","BOSS","M","?","M","?","M","R","$","?","T","R","$","?","M","?","R","BOSS"],"build_version":"2019-01-23","purchased_purges":1,"victory":false,"max_hp_per_floor":[78,78,78,78,78,78,78,78,78,78,78,78,78,78,78,78,78,78,78,78,78,78,78,78,78,78,78,78,78,78,78,78,78],"card_choices":[{"not_picked":["Rip and Tear","Heatsinks"],"picked":"Go for the Eyes","floor":1},{"not_picked":["Leap","Conserve Battery"],"picked":"Echo Form","floor":2},{"not_picked":["Beam Cell","Compile Driver"],"picked":"Sweeping Beam","floor":4},{"not_picked":["Auto Shields","Reinforced Body"],"picked":"Static Discharge","floor":10},{"not_picked":["Leap","FTL"],"picked":"Coolheaded","floor":11},{"not_picked":["Steam","Gash","White Noise"],"picked":"SKIP","floor":13},{"not_picked":["Steam","BootSequence"],"picked":"Sunder","floor":14},{"not_picked":["Hyperbeam","Meteor Strike"],"picked":"Buffer","floor":16},{"not_picked":["Go for the Eyes","Double Energy"],"picked":"Stack","floor":18},{"not_picked":["Static Discharge","Blizzard","Beam Cell"],"picked":"SKIP","floor":20},{"not_picked":["Compile Driver","FTL"],"picked":"Leap+1","floor":22},{"not_picked":["Lockon","Auto Shields"],"picked":"Reinforced Body","floor":25},{"not_picked":["Go for the Eyes+1","Beam Cell+1"],"picked":"Glacier+1","floor":30}],"player_experience":1891017,"relics_obtained":[{"floor":9,"key":"Bottled Flame"},{"floor":11,"key":"Pocketwatch"},{"floor":17,"key":"Tiny Chest"},{"floor":17,"key":"The Courier"},{"floor":17,"key":"Emotion Chip"},{"floor":19,"key":"Art of War"},{"floor":26,"key":"Lantern"},{"floor":26,"key":"Bottled Lightning"}],"event_choices":[{"damage_healed":0,"gold_gain":0,"player_choice":"Success","damage_taken":5,"relics_obtained":["Mercury Hourglass"],"max_hp_gain":0,"max_hp_loss":0,"event_name":"Scrap Ooze","floor":5,"gold_loss":0},{"damage_healed":0,"gold_gain":0,"cards_transformed":["Strike_B"],"player_choice":"Transformed","damage_taken":0,"max_hp_gain":0,"max_hp_loss":0,"event_name":"Transmorgrifier","floor":7,"gold_loss":0,"cards_obtained":["BootSequence"]},{"damage_healed":0,"gold_gain":0,"player_choice":"Bought 1 Potion","damage_taken":0,"max_hp_gain":0,"max_hp_loss":0,"event_name":"The Woman in Blue","floor":21,"gold_loss":0},{"damage_healed":0,"gold_gain":0,"player_choice":"Opened","damage_taken":0,"relics_obtained":["Molten Egg 2"],"max_hp_gain":0,"max_hp_loss":0,"event_name":"The Mausoleum","floor":29,"gold_loss":0,"cards_obtained":["Writhe"]},{"damage_healed":0,"gold_gain":0,"player_choice":"Forge","damage_taken":0,"max_hp_gain":0,"max_hp_loss":0,"event_name":"Accursed Blacksmith","floor":31,"gold_loss":0,"cards_upgraded":["Buffer"]}],"is_beta":false,"boss_relics":[{"not_picked":["Black Star","Runic Pyramid"],"picked":"Calling Bell"}],"items_purged_floors":[24],"is_endless":false,"potions_floor_spawned":[1,4,20,22,25,30],"killed_by":"Collector","ascension_level":20}