{"gold_per_floor":[119,119,142,162,54,54,67,67,92,92,10,10,25,50,50,173,173,189,189,289,307,326,326,339,354,354,354,390,390],"floor_reached":29,"playtime":1768,"items_purged":["Defend_G"],"score":237,"play_id":"7b761b8f-c0ee-47c3-a9f8-3781fe443f03","local_time":"20190203194103","is_ascension_mode":false,"campfire_choices":[{"data":"Noxious Fumes","floor":6,"key":"SMITH"},{"data":"Crippling Poison","floor":8,"key":"SMITH"},{"data":"Bane","floor":10,"key":"SMITH"},{"floor":15,"key":"REST"},{"floor":23,"key":"REST"},{"floor":27,"key":"REST"}],"neow_cost":"NONE","seed_source_timestamp":122638834684952,"circlet_count":0,"master_deck":["Defend_G+1","Defend_G","Defend_G","Defend_G","Strike_G","Strike_G","Strike_G","Strike_G","Strike_G","Survivor+1","Neutralize","Backstab","Crippling Poison+1","Noxious Fumes+1","Bane+1","Bouncing Flask","Well Laid Plans","Burst","Catalyst","Deadly Poison","Poisoned Stab+1","Deadly Poison+1","Catalyst"],"relics":["Ring of the Snake","NeowsBlessing","Golden Idol","War Paint","Eternal Feather","Nilry\u0027s Codex","Orichalcum"],"potions_floor_usage":[18,28,29],"damage_taken":[{"damage":0,"enemies":"Small Slimes","floor":1,"turns":1},{"damage":0,"enemies":"Jaw Worm","floor":3,"turns":1},{"damage":0,"enemies":"Cultist","floor":4,"turns":1},{"damage":13,"enemies":"2 Fungi Beasts","floor":7,"turns":3},{"damage":8,"enemies":"Gremlin Gang","floor":13,"turns":3},{"damage":8,"enemies":"Blue Slaver","floor":14,"turns":3},{"damage":23,"enemies":"Slime Boss","floor":16,"turns":8},{"damage":0,"enemies":"3 Byrds","floor":18,"turns":3},{"damage":14,"enemies":"2 Thieves","floor":21,"turns":4},{"damage":21,"enemies":"Snecko","floor":22,"turns":5},{"damage":14,"enemies":"3 Cultists","floor":24,"turns":4},{"damage":25,"enemies":"Snake Plant","floor":25,"turns":4},{"damage":11,"enemies":"Gremlin Leader","floor":28,"turns":6},{"damage":33,"enemies":"Colosseum Slavers","floor":29,"turns":3}],"seed_played":"-6331520195724255220","potions_obtained":[{"floor":3,"key":"Ancient Potion"},{"floor":7,"key":"LiquidBronze"},{"floor":16,"key":"LiquidBronze"},{"floor":22,"key":"Block Potion"},{"floor":24,"key":"GhostInAJar"},{"floor":28,"key":"Energy Potion"}],"is_trial":false,"path_per_floor":["M","?","M","M","$","R","M","R","T","R","$","$","M","M","R","B",null,"M","?","?","M","M","R","M","M","T","R","E","?"],"character_chosen":"THE_SILENT","items_purchased":["Noxious Fumes","Bouncing Flask"],"campfire_rested":3,"item_purchase_floors":[5,11],"current_hp_per_floor":[70,65,65,65,65,65,52,52,52,52,52,52,44,36,55,32,65,65,49,49,35,14,45,31,6,6,37,26,0],"gold":390,"neow_bonus":"THREE_ENEMY_KILL","is_prod":false,"is_daily":false,"chose_seed":false,"campfire_upgraded":3,"win_rate":0,"timestamp":1549240863,"path_taken":["M","?","M","M","$","R","M","R","T","R","?","$","M","M","R","BOSS","M","?","?","?","M","R","M","M","T","R","E","?"],"build_version":"2019-01-23","purchased_purges":1,"victory":false,"max_hp_per_floor":[70,65,65,65,65,65,65,65,65,65,65,65,65,65,65,65,65,65,65,65,65,65,65,65,65,65,65,65,65],"card_choices":[{"not_picked":["Bane","Dagger Throw"],"picked":"Backstab","floor":1},{"not_picked":["Underhanded Strike","Poisoned Stab"],"picked":"Crippling Poison","floor":3},{"not_picked":["Underhanded Strike","Setup","Tactician"],"picked":"SKIP","floor":4},{"not_picked":["Cloak And Dagger","Flying Knee"],"picked":"Bane","floor":7},{"not_picked":["Bouncing Flask","Prepared","Acrobatics"],"picked":"SKIP","floor":13},{"not_picked":["Cloak And Dagger","Endless Agony"],"picked":"Well Laid Plans","floor":14},{"not_picked":["Venomology","Die Die Die"],"picked":"Burst","floor":16},{"not_picked":["Deadly Poison","Deflect"],"picked":"Catalyst","floor":18},{"not_picked":["Choke","Calculated Gamble","Deflect"],"picked":"SKIP","floor":21},{"not_picked":["Prepared+1","Poisoned Stab"],"picked":"Deadly Poison","floor":22},{"not_picked":["Deflect+1","Bane"],"picked":"Poisoned Stab+1","floor":24},{"not_picked":["Quick Slash","Caltrops+1"],"picked":"Deadly Poison+1","floor":25},{"not_picked":["Cloak And Dagger","Flechettes+1"],"picked":"Catalyst","floor":28}],"player_experience":549763,"relics_obtained":[{"floor":9,"key":"War Paint"},{"floor":19,"key":"Nilry\u0027s Codex"},{"floor":28,"key":"Orichalcum"}],"event_choices":[{"damage_healed":0,"gold_gain":0,"player_choice":"Lose Max HP","damage_taken":0,"relics_obtained":["Golden Idol"],"max_hp_gain":0,"max_hp_loss":5,"event_name":"Golden Idol","floor":2,"gold_loss":0},{"damage_healed":0,"gold_gain":0,"player_choice":"Obtained Book","damage_taken":16,"max_hp_gain":0,"max_hp_loss":0,"event_name":"Cursed Tome","floor":19,"gold_loss":0},{"damage_healed":0,"gold_gain":100,"player_choice":"Pray","damage_taken":0,"max_hp_gain":0,"max_hp_loss":0,"event_name":"Golden Shrine","floor":20,"gold_loss":0},{"damage_healed":0,"gold_gain":0,"player_choice":"Fight","damage_taken":0,"max_hp_gain":0,"max_hp_loss":0,"event_name":"Colosseum","floor":29,"gold_loss":0}],"is_beta":false,"boss_relics":[{"not_picked":["Sozu","Coffee Dripper"],"picked":"Eternal Feather"}],"items_purged_floors":[5],"is_endless":false,"potions_floor_spawned":[3,7,16,22,24,28],"killed_by":"Colosseum Slavers","ascension_level":0}