{"path_per_floor":["M","?","?","M","$","R","?","E","T","R","?","E","?","M","R"],"character_chosen":"DEFECT","items_purchased":["Gash"],"gold_per_floor":[116,166,166,186,163,163,163,196,196,196,196,229,229,253,253,253],"floor_reached":16,"campfire_rested":1,"playtime":420,"item_purchase_floors":[5],"current_hp_per_floor":[59,59,59,59,59,59,59,33,43,43,36,2,2,2,25,0],"items_purged":[],"gold":253,"score":186,"play_id":"fb3a0dfb-c498-4df1-9b98-1664343dffaf","local_time":"20180614110045","is_prod":false,"is_daily":false,"chose_seed":false,"is_ascension_mode":true,"campfire_upgraded":2,"win_rate":0,"timestamp":1528999245,"campfire_choices":[{"data":"Redo","floor":6,"key":"SMITH"},{"data":"Dualcast","floor":10,"key":"SMITH"},{"floor":15,"key":"REST"}],"path_taken":["M","?","?","M","$","R","?","E","T","R","?","E","?","M","R","BOSS"],"build_version":"2018-06-13v3","seed_source_timestamp":2108076680548,"purchased_purges":0,"victory":false,"master_deck":["Strike_B","Strike_B","Strike_B","Defend_B","Defend_B","Defend_B","Defend_B","Zap+1","Dualcast+1","AscendersBane","Coolheaded+1","Redo+1","Gash","Conserve Battery","Leap"],"max_hp_per_floor":[71,71,64,64,64,64,64,64,74,74,74,79,79,79,79,79],"relics":["Cracked Core","Golden Idol","Vajra","Pear","Mummified Hand"],"card_choices":[{"not_picked":["Sweeping Beam","Hologram"],"picked":"Coolheaded","floor":1},{"not_picked":["Hello World","Auto Shields"],"picked":"Redo","floor":4},{"not_picked":["White Noise","Go for the Eyes"],"picked":"Conserve Battery","floor":8},{"not_picked":["Skim","Turbo","Lockon"],"picked":"SKIP","floor":12},{"not_picked":["Cold Snap","Rip and Tear"],"picked":"Leap","floor":14}],"player_experience":661484,"potions_floor_usage":[12,12],"damage_taken":[{"damage":5,"enemies":"Small Slimes","floor":1,"turns":3},{"damage":0,"enemies":"Cultist","floor":4,"turns":4},{"damage":26,"enemies":"Lagavulin","floor":8,"turns":7},{"damage":39,"enemies":"Gremlin Nob","floor":12,"turns":5},{"damage":0,"enemies":"Jaw Worm","floor":14,"turns":3},{"damage":31,"enemies":"Hexaghost","floor":16,"turns":11}],"relics_obtained":[{"floor":8,"key":"Vajra"},{"floor":9,"key":"Pear"},{"floor":12,"key":"Mummified Hand"}],"event_choices":[{"event_name":"Golden Shrine","player_choice":"Pray","floor":2,"damage_taken":0},{"event_name":"Golden Idol","player_choice":"Lose Max HP","floor":3,"damage_taken":0},{"event_name":"Shining Light","player_choice":"Ignored","floor":7,"damage_taken":0},{"event_name":"Golden Wing","player_choice":"Card Removal","floor":11,"damage_taken":0},{"event_name":"Upgrade Shrine","player_choice":"Upgraded","floor":13,"damage_taken":0}],"boss_relics":[],"items_purged_floors":[],"potions_floor_spawned":[4,8,12],"seed_played":"3368174979429690933","killed_by":"Hexaghost","ascension_level":15,"potions_obtained":[{"floor":4,"key":"Ancient Potion"},{"floor":8,"key":"Fruit Juice"},{"floor":12,"key":"SteroidPotion"}],"is_trial":false}