{"gold_per_floor":[119,27,27,102,102,102,131,131,131,160,160,195,205,218,218,295,295,306,306,7,21,41,41,72,72,142,158,191,202,10,27,27,104,104,120,63,83,27,45,45,70,70,70,103,0,26,41,71,71,71,71],"floor_reached":51,"playtime":2821,"items_purged":["Strike_B","Strike_B"],"score":1792,"play_id":"56c1d65d-117c-4774-af75-b6ba1c60319f","local_time":"20190507194256","is_ascension_mode":true,"campfire_choices":[{"data":"Zap","floor":6,"key":"SMITH"},{"data":"Dualcast","floor":8,"key":"SMITH"},{"floor":11,"key":"DIG"},{"data":"Go for the Eyes","floor":15,"key":"SMITH"},{"data":"Hologram","floor":23,"key":"SMITH"},{"floor":25,"key":"REST"},{"data":"Reboot","floor":32,"key":"SMITH"},{"floor":40,"key":"DIG"},{"floor":42,"key":"DIG"},{"floor":49,"key":"DIG"}],"neow_cost":"NONE","seed_source_timestamp":31179567299466,"circlet_count":0,"master_deck":["AscendersBane","Strike_B","Strike_B","Defend_B","Defend_B","Defend_B","Defend_B","Zap+1","Dualcast+1","Gash","Gash","Self Repair","Compile Driver","BootSequence+1","FTL","Go for the Eyes+1","Gash","All For One","Sweeping Beam","All For One","Compile Driver","Hologram+1","Steam","Chill+1","Steam+1","Undo+1","Reboot+1","Leap","Self Repair","Core Surge","Hologram","Beam Cell","Gash","Leap+1","Hologram","Steam+1"],"relics":["Cracked Core","NeowsBlessing","Bottled Lightning","Shovel","Symbiotic Virus","Bottled Flame","Ancient Tea Set","Philosopher\u0027s Stone","Bronze Scales","Emotion Chip","Shuriken","Letter Opener","Fusion Hammer","Art of War","Unceasing Top","War Paint","Meat on the Bone","Bottled Tornado","Red Mask","Bag of Marbles","Regal Pillow","Du-Vu Doll"],"potions_floor_usage":[16,28,33,44,46,50],"damage_taken":[{"damage":0,"enemies":"Jaw Worm","floor":1,"turns":1},{"damage":0,"enemies":"Lagavulin","floor":7,"turns":1},{"damage":0,"enemies":"Gremlin Nob","floor":10,"turns":1},{"damage":25,"enemies":"3 Sentries","floor":12,"turns":7},{"damage":0,"enemies":"Small Slimes","floor":13,"turns":2},{"damage":1,"enemies":"Cultist","floor":14,"turns":3},{"damage":21,"enemies":"Hexaghost","floor":16,"turns":8},{"damage":4,"enemies":"Chosen","floor":18,"turns":4},{"damage":2,"enemies":"Spheric Guardian","floor":21,"turns":3},{"damage":14,"enemies":"Snecko","floor":22,"turns":3},{"damage":49,"enemies":"Slavers","floor":24,"turns":5},{"damage":15,"enemies":"Shelled Parasite and Fungi","floor":27,"turns":3},{"damage":11,"enemies":"Book of Stabbing","floor":28,"turns":3},{"damage":8,"enemies":"Snake Plant","floor":29,"turns":3},{"damage":2,"enemies":"Centurion and Healer","floor":31,"turns":4},{"damage":27,"enemies":"Automaton","floor":33,"turns":7},{"damage":0,"enemies":"Orb Walker","floor":35,"turns":2},{"damage":0,"enemies":"3 Darklings","floor":37,"turns":3},{"damage":0,"enemies":"Spire Growth","floor":39,"turns":3},{"damage":16,"enemies":"Giant Head","floor":41,"turns":6},{"damage":17,"enemies":"Nemesis","floor":44,"turns":5},{"damage":35,"enemies":"Reptomancer","floor":46,"turns":6},{"damage":1,"enemies":"Sphere and 2 Shapes","floor":47,"turns":4},{"damage":13,"enemies":"Nemesis","floor":48,"turns":3},{"damage":0,"enemies":"Donu and Deca","floor":50,"turns":4},{"damage":83,"enemies":"Time Eater","floor":51,"turns":8}],"seed_played":"-2466547512652834780","potions_obtained":[{"floor":10,"key":"Weak Potion"},{"floor":12,"key":"FocusPotion"},{"floor":21,"key":"FearPotion"},{"floor":24,"key":"SpeedPotion"},{"floor":35,"key":"Swift Potion"},{"floor":37,"key":"GamblersBrew"},{"floor":44,"key":"PowerPotion"}],"is_trial":false,"path_per_floor":["M","$","?","?","?","R","E","R","T","E","R","E","M","M","R","B",null,"M","?","$","M","M","R","E","R","T","M","E","M","$","M","R","B",null,"M","$","M","$","M","R","E","R","T","E","?","E","M","E","R","B","B"],"character_chosen":"DEFECT","items_purchased":["Gash","Self Repair","Compile Driver","Bronze Scales","Leap","Self Repair","Hologram","Gash"],"campfire_rested":1,"item_purchase_floors":[2,2,20,20,30,30,36,38],"current_hp_per_floor":[64,64,64,53,58,58,58,58,58,58,58,40,40,46,46,32,65,68,68,68,73,59,59,17,39,39,24,20,19,19,31,31,18,62,62,62,76,76,76,76,74,74,74,71,71,62,75,76,76,76,0],"gold":71,"neow_bonus":"THREE_ENEMY_KILL","is_prod":false,"is_daily":false,"chose_seed":false,"campfire_upgraded":5,"win_rate":0,"timestamp":1557250976,"path_taken":["M","$","?","?","?","R","E","R","T","E","R","E","M","M","R","BOSS","M","?","$","M","M","R","E","R","T","M","E","?","$","M","R","BOSS","M","$","M","$","?","R","E","R","T","E","?","E","M","E","R","BOSS","BOSS"],"build_version":"2019-01-23","purchased_purges":2,"victory":false,"max_hp_per_floor":[71,71,71,71,76,76,76,76,76,76,76,76,76,76,76,76,76,76,76,76,76,76,76,76,76,76,76,76,76,76,76,76,76,76,76,76,76,76,76,76,76,76,76,76,76,76,76,76,76,76,76],"card_choices":[{"not_picked":["Compile Driver","Barrage"],"picked":"Gash","floor":1},{"not_picked":["Go for the Eyes","Barrage"],"picked":"Compile Driver","floor":7},{"not_picked":["Leap","Redo"],"picked":"BootSequence","floor":10},{"not_picked":["Stack","Rainbow"],"picked":"FTL","floor":12},{"not_picked":["Compile Driver","BootSequence"],"picked":"Go for the Eyes","floor":13},{"not_picked":["Undo","Coolheaded"],"picked":"Gash","floor":14},{"not_picked":["Amplify","Buffer"],"picked":"All For One","floor":16},{"not_picked":["Rebound","Lockon"],"picked":"Sweeping Beam","floor":18},{"not_picked":["Rebound","Conserve Battery"],"picked":"Hologram","floor":21},{"not_picked":["Rebound","Turbo"],"picked":"Steam","floor":22},{"not_picked":["Rebound","Streamline"],"picked":"Chill","floor":24},{"not_picked":["Sweeping Beam","Coolheaded"],"picked":"Steam+1","floor":27},{"not_picked":["Fusion","Self Repair"],"picked":"Undo+1","floor":28},{"not_picked":["FTL","Compile Driver"],"picked":"Reboot","floor":29},{"not_picked":["Compile Driver","Self Repair","Lockon"],"picked":"SKIP","floor":31},{"not_picked":["Creative AI","Meteor Strike"],"picked":"Core Surge","floor":33},{"not_picked":["Ball Lightning","Go for the Eyes","Genetic Algorithm+1"],"picked":"SKIP","floor":35},{"not_picked":["Compile Driver","Blizzard"],"picked":"Beam Cell","floor":37},{"not_picked":["Doom and Gloom+1","Go for the Eyes","Leap"],"picked":"SKIP","floor":39},{"not_picked":["Gash","Beam Cell","Tempest+1"],"picked":"SKIP","floor":41},{"not_picked":["Barrage","Heatsinks+1"],"picked":"Leap+1","floor":44},{"not_picked":["Go for the Eyes","Chaos"],"picked":"Hologram","floor":46},{"not_picked":["Cold Snap+1","Self Repair","Redo"],"picked":"SKIP","floor":47},{"not_picked":["Coolheaded","Multi-Cast"],"picked":"Steam+1","floor":48}],"player_experience":334015,"relics_obtained":[{"floor":7,"key":"Bottled Lightning"},{"floor":9,"key":"Shovel"},{"floor":10,"key":"Symbiotic Virus"},{"floor":11,"key":"Bottled Flame"},{"floor":12,"key":"Ancient Tea Set"},{"floor":24,"key":"Emotion Chip"},{"floor":26,"key":"Shuriken"},{"floor":28,"key":"Letter Opener"},{"floor":40,"key":"Art of War"},{"floor":41,"key":"Unceasing Top"},{"floor":42,"key":"War Paint"},{"floor":43,"key":"Meat on the Bone"},{"floor":44,"key":"Bottled Tornado"},{"floor":46,"key":"Bag of Marbles"},{"floor":48,"key":"Regal Pillow"},{"floor":49,"key":"Du-Vu Doll"}],"event_choices":[{"damage_healed":0,"gold_gain":0,"player_choice":"Ignored","damage_taken":0,"max_hp_gain":0,"max_hp_loss":0,"event_name":"Liars Game","floor":3,"gold_loss":0},{"damage_healed":0,"gold_gain":75,"player_choice":"Gather Gold","damage_taken":11,"max_hp_gain":0,"max_hp_loss":0,"event_name":"World of Goop","floor":4,"gold_loss":0},{"damage_healed":0,"gold_gain":0,"player_choice":"Donut","damage_taken":0,"max_hp_gain":5,"max_hp_loss":0,"event_name":"Big Fish","floor":5,"gold_loss":0},{"damage_healed":0,"gold_gain":0,"player_choice":"Copied","damage_taken":0,"max_hp_gain":0,"max_hp_loss":0,"event_name":"Duplicator","floor":19,"gold_loss":0,"cards_obtained":["All For One"]},{"damage_healed":0,"gold_gain":0,"player_choice":"Paid","damage_taken":0,"relics_obtained":["Red Mask"],"max_hp_gain":0,"max_hp_loss":0,"event_name":"Tomb of Lord Red Mask","floor":45,"gold_loss":103}],"is_beta":false,"boss_relics":[{"not_picked":["Coffee Dripper","Black Star"],"picked":"Philosopher\u0027s Stone"},{"not_picked":["Runic Dome","FrozenCore"],"picked":"Fusion Hammer"}],"items_purged_floors":[20,30],"is_endless":false,"potions_floor_spawned":[10,12,13,21,22,24,27,35,37,41,44],"killed_by":"Time Eater","ascension_level":20}