{"gold_per_floor":[117,292,312,387,406,438,62,62,62,32,32,32,59,69,69,166,166,178,178,178,103,123,123,157,157,157,176,203,221,246,49,49,151,151,166,0,20,120,137,137,156,188,188,188,34,61,61,61,61,61,61,61,24,53,53],"floor_reached":55,"playtime":7928,"items_purged":["Doubt","Strike_G"],"score":876,"play_id":"79c73429-03fb-483a-9edc-aa6ffc3ba6ca","local_time":"20190410104238","is_ascension_mode":true,"campfire_choices":[{"floor":8.0,"key":"REST"},{"floor":11.0,"key":"RECALL"},{"floor":15.0,"key":"REST"},{"floor":23.0,"key":"REST"},{"floor":25.0,"key":"REST"},{"floor":32.0,"key":"REST"},{"data":"Bullet Time","floor":40,"key":"SMITH"},{"floor":44,"key":"REST"},{"data":"Secret Weapon","floor":49,"key":"SMITH"},{"data":"Blade Dance","floor":52,"key":"SMITH"}],"neow_cost":"CURSE","seed_source_timestamp":0,"circlet_count":0,"master_deck":["Defend_G","Defend_G","Defend_G","Defend_G","Defend_G","Strike_G","Strike_G","Survivor","Neutralize","Jack Of All Trades","PanicButton","Quick Slash","Slice","Choke","Crippling Poison","After Image","Choke+1","Well Laid Plans","Burst","Outmaneuver","Flying Knee+1","Blur","Outmaneuver+1","Distraction","Slice+1","Expertise","Backflip","Acrobatics+1","Backflip+1","Noxious Fumes","Secret Weapon+1","Bullet Time+1","Dodge and Roll+1","Infinite Blades+1","Slice+1","Flying Knee+1","All Out Attack+1","Blade Dance+1","Blade Dance+1","Slice+1","Quick Slash+1","Accuracy+1","Deflect","Finisher+1","Accuracy","Outmaneuver+1"],"special_seed":0,"relics":["Ring of the Serpent","Incense Burner","Thread and Needle","Molten Egg 2","Lantern","Bag of Marbles","Prayer Wheel","Mango","Potion Belt","WristBlade","Red Mask","Unceasing Top","Bottled Tornado","Tingsha","Calipers","Bronze Scales","Vajra","Nunchaku"],"potions_floor_usage":[42,42,50,50,50,55],"damage_taken":[{"damage":0.0,"enemies":"Small Slimes","floor":1.0,"turns":5.0},{"damage":0.0,"enemies":"Jaw Worm","floor":3.0,"turns":4.0},{"damage":0.0,"enemies":"2 Louse","floor":5.0,"turns":5.0},{"damage":21.0,"enemies":"3 Sentries","floor":6.0,"turns":10.0},{"damage":1.0,"enemies":"Looter","floor":10.0,"turns":4.0},{"damage":4.0,"enemies":"Lagavulin","floor":13.0,"turns":8.0},{"damage":0.0,"enemies":"Blue Slaver","floor":14.0,"turns":1.0},{"damage":7.0,"enemies":"Slime Boss","floor":16.0,"turns":17.0},{"damage":2.0,"enemies":"3 Byrds","floor":18.0,"turns":6.0},{"damage":13.0,"enemies":"2 Thieves","floor":22.0,"turns":4.0},{"damage":23.0,"enemies":"Slavers","floor":24.0,"turns":9.0},{"damage":0.0,"enemies":"Centurion and Healer","floor":27.0,"turns":5.0},{"damage":10.0,"enemies":"Book of Stabbing","floor":28.0,"turns":7.0},{"damage":0.0,"enemies":"Snake Plant","floor":29.0,"turns":6.0},{"damage":20.0,"enemies":"Gremlin Leader","floor":30.0,"turns":6.0},{"damage":47.0,"enemies":"Champ","floor":33.0,"turns":14.0},{"damage":0.0,"enemies":"3 Shapes","floor":35.0,"turns":4.0},{"damage":13,"enemies":"3 Darklings","floor":37,"turns":3},{"damage":2,"enemies":"Mind Bloom Boss Battle","floor":38,"turns":5},{"damage":3,"enemies":"Jaw Worm Horde","floor":39,"turns":4},{"damage":9,"enemies":"4 Shapes","floor":41,"turns":4},{"damage":4,"enemies":"Nemesis","floor":42,"turns":7},{"damage":2,"enemies":"Reptomancer","floor":46,"turns":5},{"damage":2,"enemies":"Donu and Deca","floor":50,"turns":8},{"damage":50,"enemies":"Shield and Spear","floor":54,"turns":6},{"damage":39,"enemies":"The Heart","floor":55,"turns":3}],"seed_played":"6465163038292278679","potions_obtained":[{"floor":5.0,"key":"PowerPotion"},{"floor":13.0,"key":"GamblersBrew"},{"floor":14.0,"key":"Regen Potion"},{"floor":16.0,"key":"Strength Potion"},{"floor":24.0,"key":"SmokeBomb"},{"floor":28.0,"key":"SkillPotion"},{"floor":30.0,"key":"Swift Potion"},{"floor":37,"key":"Weak Potion"},{"floor":38,"key":"GamblersBrew"},{"floor":39,"key":"LiquidBronze"},{"floor":46,"key":"Regen Potion"},{"floor":54,"key":"Dexterity Potion"}],"is_trial":false,"path_per_floor":["M","?","M","?","M","E","$","R","T","M","R","?","E","M","R","B",null,"M","?","?","?","M","R","E","R","T","M","E","M","E","$","R","B",null,"M","?","M","?","M","R","M","E","T","R","$","E","T","T","R","B",null,"R","$","E","B"],"character_chosen":"THE_SILENT","items_purchased":["Thread and Needle","Secret Weapon","Deflect","Accuracy"],"campfire_rested":6,"item_purchase_floors":[7,31,45,53],"current_hp_per_floor":[70,70,70,59,59,38,38,59,59,58,58,51,47,47,68,70,70,68,55,55,55,42,64,41,63,63,63,67,67,47,47,73,26,89,89,89,76,74,71,71,62,58,58,84,84,82,82,82,82,89,89,89,89,39,0],"gold":53,"neow_bonus":"RANDOM_COLORLESS_2","is_prod":false,"is_daily":false,"chose_seed":false,"campfire_upgraded":3,"win_rate":0,"timestamp":1554889358,"path_taken":["M","?","M","?","M","E","$","R","T","?","R","?","E","M","R","BOSS","M","?","?","?","M","R","E","R","T","M","E","M","E","$","R","BOSS","M","?","M","?","M","R","M","E","T","R","$","E","?","?","R","BOSS","R","$","E","BOSS"],"build_version":"2019-01-23","purchased_purges":2,"victory":false,"max_hp_per_floor":[70,70,70,70,70,70,70,70,70,70,70,70,70,70,70,70,70,70,75,75,75,75,75,75,75,75,75,89,89,89,89,89,89,89,89,89,89,89,89,89,89,89,89,89,89,89,89,89,89,89,89,89,89,89,89],"card_choices":[{"not_picked":["Dodge and Roll","Dagger Spray"],"picked":"Quick Slash","floor":1.0},{"not_picked":["Dodge and Roll","Acrobatics"],"picked":"Slice","floor":3.0},{"not_picked":["Deflect","Endless Agony"],"picked":"Choke","floor":5.0},{"not_picked":["Deadly Poison","Endless Agony"],"picked":"Crippling Poison","floor":6.0},{"not_picked":["Expertise","Underhanded Strike+1"],"picked":"After Image","floor":10.0},{"not_picked":["Underhanded Strike+1","Flying Knee+1"],"picked":"Choke+1","floor":13.0},{"not_picked":["Cloak And Dagger","Acrobatics"],"picked":"Well Laid Plans","floor":14.0},{"not_picked":["Night Terror","Corpse Explosion"],"picked":"Burst","floor":16.0},{"not_picked":["Flying Knee+1","Underhanded Strike+1"],"picked":"Outmaneuver","floor":18.0},{"not_picked":["Sucker Punch+1","PiercingWail"],"picked":"Outmaneuver+1","floor":22.0},{"not_picked":["Flying Knee+1","Skewer+1"],"picked":"Distraction","floor":24.0},{"not_picked":["Dash+1","All Out Attack+1"],"picked":"Slice+1","floor":27.0},{"not_picked":["Wraith Form v2","Sucker Punch+1"],"picked":"Expertise","floor":27.0},{"not_picked":["Sucker Punch+1","Bane+1"],"picked":"Backflip","floor":28.0},{"not_picked":["Poisoned Stab+1","Cloak And Dagger"],"picked":"Acrobatics+1","floor":29.0},{"not_picked":["Bane+1","Venomology"],"picked":"Backflip+1","floor":29.0},{"not_picked":["Deadly Poison","Reflex"],"picked":"Noxious Fumes","floor":30.0},{"not_picked":["Storm of Steel","Unload+1"],"picked":"Bullet Time","floor":33.0},{"not_picked":["PiercingWail+1","Reflex+1"],"picked":"Dodge and Roll+1","floor":35.0},{"not_picked":["Escape Plan","Blur"],"picked":"Infinite Blades+1","floor":35.0},{"not_picked":["Dodge and Roll+1","Acrobatics"],"picked":"Slice+1","floor":37},{"not_picked":["PiercingWail+1","All Out Attack+1"],"picked":"Flying Knee+1","floor":37},{"not_picked":["Dagger Spray+1","Wraith Form v2"],"picked":"All Out Attack+1","floor":38},{"not_picked":["Backflip","Bane+1"],"picked":"Blade Dance+1","floor":39},{"not_picked":["Bouncing Flask+1","Poisoned Stab+1"],"picked":"Blade Dance","floor":39},{"not_picked":["Distraction","Flying Knee+1"],"picked":"Slice+1","floor":41},{"not_picked":["Storm of Steel","Dagger Spray+1"],"picked":"Quick Slash+1","floor":41},{"not_picked":["Backflip","Sucker Punch+1"],"picked":"Accuracy+1","floor":42},{"not_picked":["Riddle With Holes+1","Dagger Spray+1"],"picked":"Finisher+1","floor":46},{"not_picked":["Tactician+1","Terror+1"],"picked":"Outmaneuver+1","floor":54}],"player_experience":80106,"relics_obtained":[{"floor":6.0,"key":"Incense Burner"},{"floor":9.0,"key":"Molten Egg 2"},{"floor":13.0,"key":"Bag of Marbles"},{"floor":24.0,"key":"Prayer Wheel"},{"floor":28.0,"key":"Mango"},{"floor":30.0,"key":"Potion Belt"},{"floor":38,"key":"Unceasing Top"},{"floor":42,"key":"Bottled Tornado"},{"floor":43,"key":"Tingsha"},{"floor":46,"key":"Calipers"},{"floor":47,"key":"Bronze Scales"},{"floor":48,"key":"Vajra"},{"floor":54,"key":"Nunchaku"}],"event_choices":[{"damage_healed":0.0,"max_hp_gain":0.0,"max_hp_loss":0.0,"gold_gain":175.0,"event_name":"Liars Game","player_choice":"AGREE","floor":2.0,"gold_loss":0.0,"damage_taken":0.0,"cards_obtained":["Doubt"]},{"damage_healed":0.0,"max_hp_gain":0.0,"max_hp_loss":0.0,"gold_gain":75.0,"event_name":"World of Goop","player_choice":"Gather Gold","floor":4.0,"gold_loss":0.0,"damage_taken":11.0},{"damage_healed":0.0,"max_hp_gain":0.0,"max_hp_loss":0.0,"gold_gain":0.0,"event_name":"Scrap Ooze","player_choice":"Success","floor":12.0,"gold_loss":0.0,"damage_taken":7.0,"relics_obtained":["Lantern"]},{"damage_healed":0.0,"max_hp_gain":5.0,"max_hp_loss":0.0,"gold_gain":0.0,"event_name":"Forgotten Altar","player_choice":"Shed Blood","floor":19.0,"gold_loss":0.0,"damage_taken":18.0},{"damage_healed":0.0,"max_hp_gain":0.0,"max_hp_loss":0.0,"gold_gain":0.0,"cards_transformed":["Strike_G","Strike_G"],"event_name":"Drug Dealer","player_choice":"Became Test Subject","floor":20.0,"gold_loss":0.0,"damage_taken":0.0,"cards_obtained":["Flying Knee","Blur"]},{"cards_removed":["Doubt"],"damage_healed":0.0,"max_hp_gain":0.0,"max_hp_loss":0.0,"gold_gain":0.0,"event_name":"Beggar","player_choice":"Gave Gold","floor":21.0,"gold_loss":75.0,"damage_taken":0.0},{"damage_healed":0,"gold_gain":0,"player_choice":"Paid","damage_taken":0,"relics_obtained":["Red Mask"],"max_hp_gain":0,"max_hp_loss":0,"event_name":"Tomb of Lord Red Mask","floor":36,"gold_loss":166},{"damage_healed":0,"gold_gain":0,"player_choice":"Fight","damage_taken":0,"max_hp_gain":0,"max_hp_loss":0,"event_name":"MindBloom","floor":38,"gold_loss":0}],"is_beta":false,"boss_relics":[{"not_picked":["Eternal Feather","Tiny House"],"picked":"Ring of the Serpent"},{"not_picked":["Runic Dome","White Beast Statue"],"picked":"WristBlade"}],"items_purged_floors":[7,45],"is_endless":false,"potions_floor_spawned":[5,13,14,16,24,28,30,37,38,39,46,54],"killed_by":"The Heart","ascension_level":1}