{"gold_per_floor":[114,114,130,148,158,193,193,203,203,203,203,219,240,91,91,189,189,208,226,240,252,282,282,311,311,392,392,418,27,38,50,50,150,150,168,222,240,258,258,258,258,258,258,290,290,300,400,419,419,419],"floor_reached":51,"playtime":4981,"items_purged":[],"score":945,"play_id":"baf418ee-ca66-4eb6-9475-aceea4b65a4f","local_time":"20190224152310","is_ascension_mode":true,"campfire_choices":[{"floor":7,"key":"REST"},{"data":"Double Tap","floor":10,"key":"SMITH"},{"floor":15,"key":"REST"},{"data":"Perfected Strike","floor":23,"key":"SMITH"},{"data":"Armaments","floor":25,"key":"SMITH"},{"floor":27,"key":"REST"},{"floor":32,"key":"REST"},{"data":"Perfected Strike","floor":40,"key":"SMITH"},{"data":"Metallicize","floor":42,"key":"SMITH"},{"data":"Offering","floor":45,"key":"SMITH"},{"floor":49,"key":"REST"}],"neow_cost":"TEN_PERCENT_HP_LOSS","seed_source_timestamp":763312666282569,"circlet_count":0,"master_deck":["Strike_R","Strike_R+1","Strike_R+1","Strike_R","Defend_R","Defend_R+1","Defend_R","Bash","Offering+1","Berserk+1","Perfected Strike+1","Twin Strike","Feed+1","Perfected Strike+1","Double Tap+1","Headbutt","Armaments+1","Headbutt","Feed","Headbutt+1","Ghostly Armor","Metallicize+1","Headbutt","Double Tap+1","Twin Strike","Iron Wave+1","Metallicize+1","Headbutt+1","Spot Weakness+1"],"relics":["Burning Blood","Bottled Lightning","Sundial","Odd Mushroom","Whetstone","Busted Crown","Red Mask","The Courier","Darkstone Periapt","Toxic Egg 2","Ornamental Fan","Vajra","Eternal Feather","Pocketwatch","Blue Candle","FossilizedHelix","Frozen Egg 2","Bird Faced Urn"],"potions_floor_usage":[13,13,19,21,33,33,47,48,50,50,50],"damage_taken":[{"damage":6,"enemies":"Small Slimes","floor":1,"turns":2},{"damage":6,"enemies":"Cultist","floor":3,"turns":2},{"damage":13,"enemies":"Jaw Worm","floor":4,"turns":2},{"damage":48,"enemies":"Large Slime","floor":5,"turns":5},{"damage":31,"enemies":"Lagavulin","floor":6,"turns":6},{"damage":6,"enemies":"2 Fungi Beasts","floor":8,"turns":2},{"damage":6,"enemies":"Exordium Wildlife","floor":12,"turns":2},{"damage":6,"enemies":"The Mushroom Lair","floor":13,"turns":2},{"damage":20,"enemies":"Slime Boss","floor":16,"turns":7},{"damage":8,"enemies":"Chosen","floor":18,"turns":3},{"damage":12,"enemies":"2 Thieves","floor":19,"turns":2},{"damage":30,"enemies":"Chosen and Byrds","floor":20,"turns":4},{"damage":6,"enemies":"Snake Plant","floor":21,"turns":2},{"damage":6,"enemies":"Masked Bandits","floor":22,"turns":2},{"damage":16,"enemies":"Slavers","floor":24,"turns":4},{"damage":35,"enemies":"Book of Stabbing","floor":28,"turns":3},{"damage":19,"enemies":"Snecko","floor":30,"turns":3},{"damage":17,"enemies":"Centurion and Healer","floor":31,"turns":3},{"damage":22,"enemies":"Automaton","floor":33,"turns":6},{"damage":27,"enemies":"3 Shapes","floor":35,"turns":4},{"damage":24,"enemies":"2 Orb Walkers","floor":36,"turns":4},{"damage":15,"enemies":"3 Darklings","floor":37,"turns":7},{"damage":6,"enemies":"Sphere and 2 Shapes","floor":38,"turns":3},{"damage":56,"enemies":"Nemesis","floor":44,"turns":5},{"damage":0,"enemies":"Transient","floor":46,"turns":5},{"damage":16,"enemies":"Mind Bloom Boss Battle","floor":47,"turns":4},{"damage":0,"enemies":"Maw","floor":48,"turns":6},{"damage":95,"enemies":"Donu and Deca","floor":50,"turns":6}],"seed_played":"7588938227367567962","potions_obtained":[{"floor":4,"key":"FairyPotion"},{"floor":5,"key":"Energy Potion"},{"floor":6,"key":"Strength Potion"},{"floor":18,"key":"Explosive Potion"},{"floor":20,"key":"FearPotion"},{"floor":28,"key":"AttackPotion"},{"floor":30,"key":"EssenceOfSteel"},{"floor":37,"key":"GamblersBrew"},{"floor":38,"key":"PowerPotion"},{"floor":44,"key":"GamblersBrew"},{"floor":47,"key":"Dexterity Potion"},{"floor":48,"key":"Ancient Potion"}],"is_trial":false,"path_per_floor":["M","?","M","M","M","E","R","M","T","R","?","M","?","$","R","B",null,"M","M","M","M","?","R","E","R","T","R","E","$","M","M","R","B",null,"M","?","M","M","?","R","T","R","T","E","R","M","?","M","R","B",null],"character_chosen":"IRONCLAD","items_purchased":["Whetstone","Metallicize","Ornamental Fan","Vajra"],"campfire_rested":5,"item_purchase_floors":[14,29,29,29],"current_hp_per_floor":[72,72,72,65,26,16,39,42,42,42,26,26,26,26,50,36,70,71,69,52,55,59,59,56,56,56,88,59,59,49,42,76,60,102,85,71,62,65,65,80,80,95,95,45,60,66,60,76,131,46],"gold":419,"neow_bonus":"TRANSFORM_TWO_CARDS","is_prod":false,"is_daily":false,"chose_seed":false,"campfire_upgraded":6,"win_rate":0,"timestamp":1551050590,"path_taken":["M","?","M","?","M","E","R","M","T","R","?","M","?","$","R","BOSS","M","M","M","M","?","R","E","R","T","R","E","$","M","M","R","BOSS","M","?","M","M","?","R","?","R","T","E","R","M","?","?","R","BOSS"],"build_version":"2019-01-23","purchased_purges":0,"victory":true,"max_hp_per_floor":[72,72,72,72,75,78,78,81,81,81,81,81,81,81,81,81,81,84,88,95,98,102,102,109,109,109,109,109,109,112,116,116,116,116,120,124,124,127,127,127,127,127,127,127,127,127,131,135,135,135],"card_choices":[{"not_picked":["Iron Wave","Evolve"],"picked":"Perfected Strike","floor":1},{"not_picked":["Whirlwind","Thunderclap"],"picked":"Twin Strike","floor":3},{"not_picked":["Cleave","Whirlwind"],"picked":"Feed","floor":4},{"not_picked":["Headbutt","Hemokinesis"],"picked":"Perfected Strike","floor":5},{"not_picked":["Exhume","Corruption"],"picked":"Double Tap","floor":6},{"not_picked":["Searing Blow","Anger"],"picked":"Headbutt","floor":8},{"not_picked":["Whirlwind","Body Slam"],"picked":"Armaments","floor":12},{"not_picked":["Cleave","Reckless Charge"],"picked":"Headbutt","floor":13},{"not_picked":["Impervious","Exhume"],"picked":"Feed","floor":16},{"not_picked":["Flex+1"],"picked":"SKIP","floor":18},{"not_picked":["Corruption"],"picked":"SKIP","floor":19},{"not_picked":["Hemokinesis"],"picked":"SKIP","floor":20},{"not_picked":["Reckless Charge"],"picked":"SKIP","floor":21},{"not_picked":[],"picked":"Headbutt+1","floor":22},{"not_picked":[],"picked":"Ghostly Armor","floor":24},{"not_picked":[],"picked":"Warcry","floor":28},{"not_picked":["Iron Wave"],"picked":"SKIP","floor":30},{"not_picked":[],"picked":"Headbutt","floor":31},{"not_picked":[],"picked":"Double Tap+1","floor":33},{"not_picked":[],"picked":"Twin Strike","floor":35},{"not_picked":[],"picked":"Iron Wave+1","floor":36},{"not_picked":[],"picked":"Metallicize+1","floor":37},{"not_picked":[],"picked":"Headbutt+1","floor":38},{"not_picked":[],"picked":"Spot Weakness+1","floor":44},{"not_picked":["Iron Wave"],"picked":"SKIP","floor":46},{"not_picked":["Body Slam"],"picked":"SKIP","floor":48}],"player_experience":342318,"relics_obtained":[{"floor":6,"key":"Bottled Lightning"},{"floor":9,"key":"Sundial"},{"floor":13,"key":"Odd Mushroom"},{"floor":22,"key":"Red Mask"},{"floor":24,"key":"The Courier"},{"floor":26,"key":"Darkstone Periapt"},{"floor":28,"key":"Toxic Egg 2"},{"floor":36,"key":"Pocketwatch"},{"floor":41,"key":"Blue Candle"},{"floor":43,"key":"FossilizedHelix"},{"floor":44,"key":"Frozen Egg 2"},{"floor":47,"key":"Bird Faced Urn"}],"event_choices":[{"damage_healed":0,"gold_gain":0,"player_choice":"Upgraded","damage_taken":0,"max_hp_gain":0,"max_hp_loss":0,"event_name":"Upgrade Shrine","floor":2,"gold_loss":0,"cards_upgraded":["Berserk"]},{"damage_healed":0,"gold_gain":0,"player_choice":"Entered Light","damage_taken":16,"max_hp_gain":0,"max_hp_loss":0,"event_name":"Shining Light","floor":11,"gold_loss":0,"cards_upgraded":["Strike_R","Defend_R"]},{"damage_healed":0,"gold_gain":0,"player_choice":"Fought Mushrooms","damage_taken":0,"max_hp_gain":0,"max_hp_loss":0,"event_name":"Mushrooms","floor":13,"gold_loss":0},{"damage_healed":0,"gold_gain":0,"player_choice":"Fought Bandits","damage_taken":0,"max_hp_gain":0,"max_hp_loss":0,"event_name":"Masked Bandits","floor":22,"gold_loss":0},{"damage_healed":0,"gold_gain":0,"player_choice":"Fight","damage_taken":0,"max_hp_gain":0,"max_hp_loss":0,"event_name":"Mysterious Sphere","floor":36,"gold_loss":0},{"cards_removed":["Warcry"],"damage_healed":0,"gold_gain":0,"player_choice":"Removed Skill","damage_taken":0,"max_hp_gain":0,"max_hp_loss":0,"event_name":"Falling","floor":39,"gold_loss":0},{"damage_healed":0,"gold_gain":0,"player_choice":"Fight","damage_taken":0,"max_hp_gain":0,"max_hp_loss":0,"event_name":"MindBloom","floor":47,"gold_loss":0}],"is_beta":false,"boss_relics":[{"not_picked":["Runic Dome","Black Blood"],"picked":"Busted Crown"},{"not_picked":["Mark of Pain","Runic Pyramid"],"picked":"Eternal Feather"}],"items_purged_floors":[],"is_endless":false,"potions_floor_spawned":[4,5,6,18,20,28,30,37,38,44,47,48],"ascension_level":6}