{"gold_per_floor":[210,210,220,25,43,43,77,77,102,129,141,166,195,221,233,324,336,325,368,380],"floor_reached":20,"playtime":724,"items_purged":["Clumsy"],"score":363,"play_id":"8e45830b-24a6-4cff-b144-f057c59256ce","local_time":"20190310092003","is_ascension_mode":true,"campfire_choices":[{"floor":6.0,"key":"REST"},{"data":"White Noise","floor":8.0,"key":"SMITH"},{"floor":15.0,"key":"REST"}],"neow_cost":"NONE","seed_source_timestamp":0,"circlet_count":0,"master_deck":["AscendersBane","Strike_B","Strike_B","Strike_B","Strike_B","Defend_B","Defend_B","Defend_B","Defend_B","Zap","Dualcast","Chill","Darkness","Zap","Go for the Eyes","White Noise+1","Loop","Sunder","Cold Snap","Ball Lightning","Electrodynamics","Steam","Amplify","Hologram","FTL"],"special_seed":0,"relics":["Cracked Core","Anchor","PreservedInsect","Bottled Tornado","MawBank","Sozu"],"potions_floor_usage":[],"damage_taken":[{"damage":13.0,"enemies":"2 Louse","floor":1.0,"turns":3.0},{"damage":4.0,"enemies":"Cultist","floor":3.0,"turns":3.0},{"damage":14.0,"enemies":"Jaw Worm","floor":5.0,"turns":5.0},{"damage":15.0,"enemies":"3 Sentries","floor":7.0,"turns":3.0},{"damage":9.0,"enemies":"Lagavulin","floor":10.0,"turns":4.0},{"damage":2.0,"enemies":"Red Slaver","floor":11.0,"turns":3.0},{"damage":21.0,"enemies":"3 Sentries","floor":12.0,"turns":4.0},{"damage":0.0,"enemies":"Large Slime","floor":13.0,"turns":4.0},{"damage":1.0,"enemies":"Looter","floor":14.0,"turns":3.0},{"damage":19.0,"enemies":"Slime Boss","floor":16.0,"turns":7.0},{"damage":12.0,"enemies":"2 Thieves","floor":18.0,"turns":4.0},{"damage":37.0,"enemies":"Shell Parasite","floor":19.0,"turns":5.0}],"seed_played":"-253504151933244618","potions_obtained":[{"floor":1.0,"key":"Poison Potion"},{"floor":7.0,"key":"Block Potion"},{"floor":10.0,"key":"AttackPotion"},{"floor":13.0,"key":"LiquidBronze"}],"is_trial":false,"path_per_floor":["M","?","M","$","M","R","E","R","T","E","M","E","M","M","R","B",null,"M","M","?"],"character_chosen":"DEFECT","items_purchased":["White Noise","Loop"],"campfire_rested":2,"item_purchase_floors":[4,4],"current_hp_per_floor":[51,51,47,47,33,54,39,39,39,30,28,7,7,6,27,8,55,43,6,0],"gold":380,"neow_bonus":"HUNDRED_GOLD","is_prod":false,"is_daily":false,"chose_seed":false,"campfire_upgraded":1,"win_rate":0,"timestamp":1552234803,"path_taken":["M","?","?","$","M","R","E","R","T","E","?","E","M","M","R","BOSS","M","M","?"],"build_version":"2019-01-23","purchased_purges":1,"victory":false,"max_hp_per_floor":[71,71,71,71,71,71,71,71,71,71,71,71,71,71,71,71,71,71,71,71],"card_choices":[{"not_picked":["Reinforced Body","Heatsinks"],"picked":"Chill","floor":1.0},{"not_picked":["Hologram","Beam Cell"],"picked":"Go for the Eyes","floor":3.0},{"not_picked":["Gash","Turbo"],"picked":"Sunder","floor":5.0},{"not_picked":["Redo","White Noise"],"picked":"Cold Snap","floor":7.0},{"not_picked":["Go for the Eyes","Steam Power"],"picked":"Ball Lightning","floor":10.0},{"not_picked":["Stack","Heatsinks","Barrage"],"picked":"SKIP","floor":11.0},{"not_picked":["Rebound","Auto Shields"],"picked":"Electrodynamics","floor":12.0},{"not_picked":["Sweeping Beam","Chill","Conserve Battery"],"picked":"SKIP","floor":13.0},{"not_picked":["Go for the Eyes","Streamline"],"picked":"Steam","floor":14.0},{"not_picked":["Fission","Hyperbeam"],"picked":"Amplify","floor":16.0},{"not_picked":["Sweeping Beam+1","Conserve Battery"],"picked":"Hologram","floor":18.0},{"not_picked":["Conserve Battery","Redo"],"picked":"FTL","floor":19.0}],"player_experience":1248946,"relics_obtained":[{"floor":7.0,"key":"Anchor"},{"floor":9.0,"key":"PreservedInsect"},{"floor":10.0,"key":"Bottled Tornado"},{"floor":12.0,"key":"MawBank"}],"event_choices":[{"damage_healed":0.0,"max_hp_gain":0.0,"max_hp_loss":0.0,"gold_gain":0.0,"event_name":"Match and Keep!","player_choice":"3 cards matched","floor":2.0,"gold_loss":0.0,"damage_taken":0.0,"cards_obtained":["Darkness","Clumsy","Zap"]}],"is_beta":false,"boss_relics":[{"not_picked":["White Beast Statue","Orrery"],"picked":"Sozu"}],"items_purged_floors":[4],"is_endless":false,"potions_floor_spawned":[1,7,10,13,18],"ascension_level":17}