{"gold_per_floor":[116,116,3,13,25,25,45,45,45,60,78,78,95,270,270,369,369,386,386,419,419],"floor_reached":21,"playtime":682,"items_purged":["Pain"],"score":171,"play_id":"97375a82-99e2-43d4-a479-7a079e22642e","local_time":"20190316161844","is_ascension_mode":false,"campfire_choices":[{"data":"Gash","floor":6,"key":"SMITH"},{"data":"Gash","floor":8,"key":"SMITH"},{"data":"Gash","floor":12,"key":"SMITH"},{"data":"Zap","floor":15,"key":"SMITH"}],"neow_cost":"CURSE","seed_source_timestamp":600022737857872,"circlet_count":0,"master_deck":["Strike_B","Strike_B","Defend_B","Defend_B","Defend_B","Defend_B","Zap+1","Dualcast","Gash+1","Doom and Gloom","Rebound","Compile Driver","Defragment","Leap","Gash+1","Go for the Eyes","Gash+1","Steam","Doubt","All For One","Stack"],"relics":["Cracked Core","Dodecahedron","Nuclear Battery","Red Mask"],"potions_floor_usage":[16,16,20],"damage_taken":[{"damage":12,"enemies":"Small Slimes","floor":1,"turns":2},{"damage":0,"enemies":"Cultist","floor":4,"turns":2},{"damage":0,"enemies":"2 Louse","floor":5,"turns":2},{"damage":7,"enemies":"Large Slime","floor":7,"turns":5},{"damage":6,"enemies":"Exordium Wildlife","floor":10,"turns":4},{"damage":2,"enemies":"Blue Slaver","floor":11,"turns":3},{"damage":1,"enemies":"Looter","floor":13,"turns":2},{"damage":45,"enemies":"The Guardian","floor":16,"turns":10},{"damage":20,"enemies":"Spheric Guardian","floor":18,"turns":4},{"damage":18,"enemies":"Colosseum Slavers","floor":19,"turns":4},{"damage":33,"enemies":"Masked Bandits","floor":20,"turns":5},{"damage":1,"enemies":"Chosen","floor":21,"turns":4}],"seed_played":"2638258018092379832","potions_obtained":[{"floor":5,"key":"Ancient Potion"},{"floor":7,"key":"Dexterity Potion"},{"floor":11,"key":"SkillPotion"},{"floor":18,"key":"Dexterity Potion"}],"is_trial":false,"path_per_floor":["M","?","$","M","M","R","M","R","T","M","M","R","M","?","R","B",null,"M","?","?","M"],"character_chosen":"DEFECT","items_purchased":["Defragment"],"campfire_rested":0,"item_purchase_floors":[3],"current_hp_per_floor":[63,63,63,63,63,63,56,56,56,50,48,48,47,47,47,2,75,55,37,4,3],"gold":419,"neow_bonus":"TRANSFORM_TWO_CARDS","is_prod":false,"is_daily":false,"chose_seed":false,"campfire_upgraded":4,"win_rate":0,"timestamp":1552753124,"path_taken":["M","?","$","M","?","R","M","R","T","M","M","R","M","?","R","BOSS","M","?","?","M"],"build_version":"2019-01-23","purchased_purges":1,"victory":false,"max_hp_per_floor":[75,75,75,75,75,75,75,75,75,75,75,75,75,75,75,75,75,75,75,75,75],"card_choices":[{"not_picked":["Turbo","Streamline"],"picked":"Rebound","floor":1},{"not_picked":["Recycle","Undo"],"picked":"Leap","floor":4},{"not_picked":["Ball Lightning","Cold Snap"],"picked":"Gash","floor":5},{"not_picked":["Hello World","Stack"],"picked":"Go for the Eyes","floor":7},{"not_picked":["Steam Power","Loop"],"picked":"Gash","floor":10},{"not_picked":["Blizzard","Lockon","Turbo"],"picked":"SKIP","floor":11},{"not_picked":["Leap","Turbo"],"picked":"Steam","floor":13},{"not_picked":["Fission","Reboot"],"picked":"All For One","floor":16},{"not_picked":["Ball Lightning","Stack+1","Beam Cell"],"picked":"SKIP","floor":18},{"not_picked":["Sweeping Beam","Consume"],"picked":"Stack","floor":20}],"player_experience":117494,"relics_obtained":[{"floor":9,"key":"Dodecahedron"},{"floor":20,"key":"Red Mask"}],"event_choices":[{"damage_healed":0,"gold_gain":0,"player_choice":"1 cards matched","damage_taken":0,"max_hp_gain":0,"max_hp_loss":0,"event_name":"Match and Keep!","floor":2,"gold_loss":0,"cards_obtained":["Compile Driver"]},{"damage_healed":0,"gold_gain":175,"player_choice":"AGREE","damage_taken":0,"max_hp_gain":0,"max_hp_loss":0,"event_name":"Liars Game","floor":14,"gold_loss":0,"cards_obtained":["Doubt"]},{"damage_healed":0,"gold_gain":0,"player_choice":"Fight","damage_taken":0,"max_hp_gain":0,"max_hp_loss":0,"event_name":"Colosseum","floor":19,"gold_loss":0},{"damage_healed":0,"gold_gain":0,"player_choice":"Fled From Nobs","damage_taken":0,"max_hp_gain":0,"max_hp_loss":0,"event_name":"Colosseum","floor":19,"gold_loss":0},{"damage_healed":0,"gold_gain":0,"player_choice":"Fought Bandits","damage_taken":0,"max_hp_gain":0,"max_hp_loss":0,"event_name":"Masked Bandits","floor":20,"gold_loss":0}],"is_beta":false,"boss_relics":[{"not_picked":["White Beast Statue","Orrery"],"picked":"Nuclear Battery"}],"items_purged_floors":[3],"is_endless":false,"potions_floor_spawned":[5,7,11,18],"killed_by":"Chosen","ascension_level":0}