{"gold_per_floor":[109,184,184,195,145,145,177,202,214,226,257,269],"floor_reached":12,"playtime":651,"items_purged":[],"score":78,"play_id":"0bfe6da8-706f-42f9-95ee-96804cf323f8","local_time":"20190319200742","is_ascension_mode":false,"campfire_choices":[{"data":"Perfected Strike","floor":6,"key":"SMITH"},{"data":"Armaments","floor":10,"key":"SMITH"}],"neow_cost":"CURSE","seed_source_timestamp":254560341794134,"circlet_count":0,"master_deck":["Strike_R","Strike_R","Strike_R","Strike_R","Strike_R","Defend_R","Defend_R","Defend_R","Defend_R","Bash","Perfected Strike+1","Regret","Armaments+1","Perfected Strike","Warcry","Demon Form"],"relics":["Burning Blood","Pocketwatch","Singing Bowl","MawBank","Matryoshka"],"potions_floor_usage":[],"damage_taken":[{"damage":9,"enemies":"Small Slimes","floor":1,"turns":4},{"damage":8,"enemies":"Jaw Worm","floor":4,"turns":2},{"damage":31,"enemies":"3 Sentries","floor":7,"turns":7},{"damage":8,"enemies":"2 Louse","floor":8,"turns":3},{"damage":22,"enemies":"Blue Slaver","floor":11,"turns":4},{"damage":21,"enemies":"Large Slime","floor":12,"turns":2}],"seed_played":"-3064954431046357361","potions_obtained":[{"floor":1,"key":"Explosive Potion"},{"floor":8,"key":"Explosive Potion"}],"is_trial":false,"path_per_floor":["M","?","?","M","?","R","E","M","T","R","M","M"],"character_chosen":"IRONCLAD","items_purchased":[],"campfire_rested":0,"item_purchase_floors":[],"current_hp_per_floor":[77,66,66,64,64,64,39,37,37,37,21,0],"gold":269,"neow_bonus":"ONE_RARE_RELIC","is_prod":false,"is_daily":false,"chose_seed":false,"campfire_upgraded":2,"win_rate":0,"timestamp":1553036862,"path_taken":["M","?","?","M","?","R","E","?","T","R","M","M"],"build_version":"2019-01-23","purchased_purges":0,"victory":false,"max_hp_per_floor":[80,80,80,80,80,80,80,80,80,80,80,80],"card_choices":[{"not_picked":["Rage","Anger"],"picked":"Perfected Strike","floor":1},{"not_picked":["Shrug It Off","Power Through"],"picked":"Armaments","floor":4},{"not_picked":["Seeing Red","Sword Boomerang"],"picked":"Perfected Strike","floor":7},{"not_picked":["Sword Boomerang","Clash"],"picked":"Warcry","floor":8},{"not_picked":["Armaments","Shrug It Off"],"picked":"Demon Form","floor":11}],"player_experience":51059,"relics_obtained":[{"floor":7,"key":"MawBank"},{"floor":9,"key":"Matryoshka"}],"event_choices":[{"damage_healed":0,"gold_gain":75,"player_choice":"Gather Gold","damage_taken":11,"max_hp_gain":0,"max_hp_loss":0,"event_name":"World of Goop","floor":2,"gold_loss":0},{"damage_healed":0,"gold_gain":0,"player_choice":"Box","damage_taken":0,"relics_obtained":["Singing Bowl"],"max_hp_gain":0,"max_hp_loss":0,"event_name":"Big Fish","floor":3,"gold_loss":0,"cards_obtained":["Regret"]},{"cards_removed":["Pain"],"damage_healed":0,"gold_gain":0,"player_choice":"Card Removal","damage_taken":0,"max_hp_gain":0,"max_hp_loss":0,"event_name":"The Cleric","floor":5,"gold_loss":50}],"is_beta":false,"boss_relics":[],"items_purged_floors":[],"is_endless":false,"potions_floor_spawned":[1,8],"killed_by":"Large Slime","ascension_level":0}