{"gold_per_floor":[117,131,148,160,160,160,173,173,173,192,192,212,127,141,141,240,240,257,270,270,290,290,290,2,2,2,2,2,19,19,19],"floor_reached":31,"playtime":1562,"items_purged":[],"score":229,"play_id":"c471da96-ae6c-4ec7-a016-894f2b5050b3","local_time":"20190317190657","is_ascension_mode":false,"campfire_choices":[{"data":"Perfected Strike","floor":6,"key":"SMITH"},{"floor":8,"key":"REST"},{"floor":15,"key":"REST"},{"floor":23,"key":"REST"},{"data":"Barricade","floor":25,"key":"SMITH"}],"neow_cost":"PERCENT_DAMAGE","seed_source_timestamp":77191568860565,"circlet_count":0,"master_deck":["Strike_R","Strike_R","Strike_R","Strike_R","Strike_R","Defend_R","Defend_R","Defend_R","Defend_R","Bash","Barricade+1","Perfected Strike+1","Headbutt","Dual Wield","True Grit","Shrug It Off","Pommel Strike","Rampage","Ghostly Armor","Twin Strike","Metallicize","Berserk","Twin Strike+1","Flex","Juggernaut","Power Through","Headbutt","Infernal Blade"],"relics":["Burning Blood","Potion Belt","Blood Vial","Shuriken","Runic Dome","Mummified Hand","Letter Opener","Kunai"],"potions_floor_usage":[7,10,16,20,29,29,31],"damage_taken":[{"damage":6,"enemies":"Cultist","floor":1,"turns":3},{"damage":14,"enemies":"2 Louse","floor":2,"turns":4},{"damage":0,"enemies":"Small Slimes","floor":3,"turns":3},{"damage":13,"enemies":"Red Slaver","floor":4,"turns":4},{"damage":33,"enemies":"Gremlin Gang","floor":7,"turns":4},{"damage":10,"enemies":"Exordium Thugs","floor":10,"turns":4},{"damage":9,"enemies":"2 Fungi Beasts","floor":12,"turns":3},{"damage":0,"enemies":"Blue Slaver","floor":14,"turns":3},{"damage":51,"enemies":"Slime Boss","floor":16,"turns":11},{"damage":17,"enemies":"Shell Parasite","floor":18,"turns":4},{"damage":24,"enemies":"Spheric Guardian","floor":19,"turns":4},{"damage":37,"enemies":"Snake Plant","floor":21,"turns":4},{"damage":21,"enemies":"Shelled Parasite and Fungi","floor":29,"turns":5},{"damage":46,"enemies":"Slavers","floor":31,"turns":3}],"seed_played":"7535022817118664113","potions_obtained":[{"floor":3,"key":"Fire Potion"},{"floor":7,"key":"Regen Potion"},{"floor":10,"key":"FearPotion"},{"floor":14,"key":"Energy Potion"},{"floor":16,"key":"PowerPotion"},{"floor":18,"key":"GamblersBrew"},{"floor":20,"key":"Fruit Juice"},{"floor":20,"key":"FearPotion"},{"floor":20,"key":"SkillPotion"}],"is_trial":false,"path_per_floor":["M","M","M","M","?","R","M","R","T","M","?","M","$","M","R","B",null,"M","M","?","M","?","R","$","R","T","?","T","M","$","E"],"character_chosen":"IRONCLAD","items_purchased":["Ghostly Armor","Twin Strike","Power Through","Mummified Hand"],"campfire_rested":3,"item_purchase_floors":[13,13,24,24],"current_hp_per_floor":[56,48,54,47,44,44,17,41,41,44,44,43,43,51,75,32,80,69,53,58,29,29,54,54,54,54,54,54,41,41,0],"gold":19,"neow_bonus":"THREE_RARE_CARDS","is_prod":false,"is_daily":false,"chose_seed":false,"campfire_upgraded":2,"win_rate":0,"timestamp":1552860417,"path_taken":["M","M","?","M","?","R","M","R","T","M","?","?","$","M","R","BOSS","M","M","?","?","?","R","$","R","T","?","?","M","$","E"],"build_version":"2019-01-23","purchased_purges":0,"victory":false,"max_hp_per_floor":[80,80,80,80,80,80,80,80,80,80,80,80,80,80,80,80,80,80,80,85,85,85,85,85,85,85,85,85,85,85,85],"card_choices":[{"not_picked":["Berserk","Offering"],"picked":"Barricade","floor":0},{"not_picked":["Flex","Armaments"],"picked":"Perfected Strike","floor":1},{"not_picked":["Seeing Red","Feel No Pain"],"picked":"Headbutt","floor":2},{"not_picked":["Clothesline","Heavy Blade"],"picked":"Dual Wield","floor":3},{"not_picked":["Cleave","Seeing Red"],"picked":"True Grit","floor":4},{"not_picked":["True Grit","Searing Blow"],"picked":"Shrug It Off","floor":7},{"not_picked":["Uppercut","Heavy Blade"],"picked":"Pommel Strike","floor":10},{"not_picked":["Burning Pact","Feel No Pain"],"picked":"Rampage","floor":12},{"not_picked":["Heavy Blade","Feel No Pain"],"picked":"Metallicize","floor":14},{"not_picked":["Impervious","Offering"],"picked":"Berserk","floor":16},{"not_picked":["Corruption","Heavy Blade"],"picked":"Twin Strike+1","floor":18},{"not_picked":["Seeing Red","Body Slam"],"picked":"Flex","floor":19},{"not_picked":["Reckless Charge","Pummel"],"picked":"Juggernaut","floor":21},{"not_picked":["Rampage+1","Feel No Pain"],"picked":"Infernal Blade","floor":29}],"player_experience":24841,"relics_obtained":[{"floor":9,"key":"Blood Vial"},{"floor":26,"key":"Letter Opener"},{"floor":28,"key":"Kunai"}],"event_choices":[{"damage_healed":0,"gold_gain":0,"player_choice":"Success","damage_taken":3,"relics_obtained":["Potion Belt"],"max_hp_gain":0,"max_hp_loss":0,"event_name":"Scrap Ooze","floor":5,"gold_loss":0},{"damage_healed":0,"gold_gain":0,"player_choice":"Gave Potion","damage_taken":0,"relics_obtained":["Shuriken"],"max_hp_gain":0,"max_hp_loss":0,"event_name":"WeMeetAgain","floor":11,"gold_loss":0},{"damage_healed":0,"gold_gain":0,"player_choice":"Got Potions","damage_taken":0,"max_hp_gain":0,"max_hp_loss":0,"event_name":"Lab","floor":20,"gold_loss":0},{"damage_healed":0,"gold_gain":0,"player_choice":"Ignored","damage_taken":0,"max_hp_gain":0,"max_hp_loss":0,"event_name":"Vampires","floor":22,"gold_loss":0},{"damage_healed":0,"gold_gain":0,"player_choice":"Read","damage_taken":0,"max_hp_gain":0,"max_hp_loss":0,"event_name":"The Library","floor":27,"gold_loss":0,"cards_obtained":["Headbutt"]}],"is_beta":false,"boss_relics":[{"not_picked":["Black Blood","Lizard Tail"],"picked":"Runic Dome"}],"items_purged_floors":[],"is_endless":false,"potions_floor_spawned":[3,7,10,14,16,18],"killed_by":"Slavers","ascension_level":0}