{"gold_per_floor":[119,132,132,144,164,198,198,229,254,267,267,267,283,310,310,414,414,426,233,249,249,284,309,322,351,423,423,453,453,482,498,498,597,597,609,620,620,720,302,302,329,340,364,381,394,394,394,406,406,406,406,406,24,55,55],"floor_reached":56,"playtime":4451,"items_purged":["Defend_R","Strike_R"],"score":1452,"play_id":"f4619814-41c7-4415-be32-ed8c164461c9","local_time":"20190317000159","is_ascension_mode":true,"campfire_choices":[{"data":"Rage","floor":7,"key":"SMITH"},{"data":"Inflame","floor":12,"key":"SMITH"},{"data":"Sword Boomerang","floor":15,"key":"SMITH"},{"data":"Heavy Blade","floor":27,"key":"SMITH"},{"data":"Armaments","floor":29,"key":"SMITH"},{"data":"Spot Weakness","floor":32,"key":"SMITH"},{"data":"Barricade","floor":40,"key":"SMITH"},{"floor":46,"key":"RECALL"},{"data":"Uppercut","floor":49,"key":"SMITH"},{"data":"Pommel Strike","floor":52,"key":"SMITH"}],"neow_cost":"NONE","seed_source_timestamp":285041439978198,"circlet_count":0,"master_deck":["Strike_R","Strike_R+1","Strike_R","Defend_R+1","Defend_R","Defend_R","Bash+1","Inflame+1","Feel No Pain","Rage+1","Pummel","Pommel Strike+1","Shockwave+1","Inflame","Sword Boomerang+1","Feed","Dropkick","Armaments+1","Barricade+1","Spot Weakness+1","Heavy Blade+1","Uppercut+1","Juggernaut","Seeing Red+1","Warcry+1","Ghostly Armor+1","Armaments+1","Parasite","Dropkick+1","Headbutt+1","Pummel","Ghostly Armor+1"],"relics":["Black Blood","Bronze Scales","War Paint","Red Skull","Whetstone","Velvet Choker","Anchor","Ancient Tea Set","Red Mask","WingedGreaves","Mango","Art of War","Lantern","Torii","Happy Flower","Medical Kit","Centennial Puzzle","Potion Belt","Bag of Preparation","Dead Branch"],"potions_floor_usage":[6,8,22,23,28,31,41,42,45,50,50,50,54,55,55,55],"damage_taken":[{"damage":6,"enemies":"2 Louse","floor":1,"turns":3},{"damage":6,"enemies":"Cultist","floor":2,"turns":4},{"damage":7,"enemies":"Jaw Worm","floor":4,"turns":4},{"damage":12,"enemies":"3 Louse","floor":5,"turns":4},{"damage":21,"enemies":"Lagavulin","floor":6,"turns":7},{"damage":20,"enemies":"Gremlin Nob","floor":8,"turns":4},{"damage":4,"enemies":"Large Slime","floor":10,"turns":5},{"damage":6,"enemies":"2 Fungi Beasts","floor":13,"turns":4},{"damage":17,"enemies":"Lagavulin","floor":14,"turns":7},{"damage":17,"enemies":"The Guardian","floor":16,"turns":7},{"damage":5,"enemies":"Shell Parasite","floor":18,"turns":3},{"damage":5,"enemies":"3 Byrds","floor":20,"turns":5},{"damage":0,"enemies":"Masked Bandits","floor":22,"turns":2},{"damage":28,"enemies":"Gremlin Leader","floor":23,"turns":5},{"damage":12,"enemies":"Shelled Parasite and Fungi","floor":24,"turns":4},{"damage":19,"enemies":"Slavers","floor":25,"turns":5},{"damage":0,"enemies":"Gremlin Leader","floor":28,"turns":4},{"damage":1,"enemies":"Slavers","floor":30,"turns":5},{"damage":1,"enemies":"Snecko","floor":31,"turns":3},{"damage":13,"enemies":"Automaton","floor":33,"turns":5},{"damage":0,"enemies":"Orb Walker","floor":35,"turns":4},{"damage":4,"enemies":"3 Shapes","floor":36,"turns":9},{"damage":43,"enemies":"Mind Bloom Boss Battle","floor":38,"turns":7},{"damage":16,"enemies":"Nemesis","floor":41,"turns":5},{"damage":8,"enemies":"Writhing Mass","floor":42,"turns":4},{"damage":1,"enemies":"Jaw Worm Horde","floor":44,"turns":4},{"damage":62,"enemies":"Spire Growth","floor":45,"turns":5},{"damage":0,"enemies":"Sphere and 2 Shapes","floor":48,"turns":3},{"damage":53,"enemies":"Time Eater","floor":50,"turns":7},{"damage":22,"enemies":"Shield and Spear","floor":54,"turns":4},{"damage":85,"enemies":"The Heart","floor":55,"turns":8}],"seed_played":"-3652426642654758526","potions_obtained":[{"floor":1,"key":"BloodPotion"},{"floor":4,"key":"PowerPotion"},{"floor":6,"key":"AttackPotion"},{"floor":10,"key":"BloodPotion"},{"floor":20,"key":"Strength Potion"},{"floor":22,"key":"Swift Potion"},{"floor":30,"key":"GamblersBrew"},{"floor":31,"key":"Ancient Potion"},{"floor":35,"key":"Energy Potion"},{"floor":41,"key":"SkillPotion"},{"floor":45,"key":"LiquidBronze"},{"floor":47,"key":"Swift Potion"},{"floor":47,"key":"EntropicBrew"},{"floor":47,"key":"SneckoOil"},{"floor":54,"key":"Weak Potion"}],"is_trial":false,"path_per_floor":["M","M","?","M","M","E","R","E","T","M","$","R","M","E","R","B",null,"M","$","M","?","?","E","M","E","T","R","E","R","E","M","R","B",null,"M","M","?","?","$","R","E","M","T","M","M","R","?","M","R","B",null,"R","$","E","B",null],"character_chosen":"IRONCLAD","items_purchased":["Armaments","Anchor","Happy Flower","Medical Kit","Bag of Preparation","Pummel","SteroidPotion"],"campfire_rested":0,"item_purchase_floors":[19,19,39,39,53,53,53],"current_hp_per_floor":[88,88,88,87,81,66,66,52,52,54,54,54,54,43,43,32,88,91,91,94,94,94,72,69,73,73,73,90,90,99,104,104,97,118,121,124,118,85,85,85,90,92,92,104,52,52,52,62,62,19,121,121,121,109,34],"gold":55,"neow_bonus":"TEN_PERCENT_HP_BONUS","is_prod":false,"is_daily":false,"chose_seed":false,"campfire_upgraded":9,"win_rate":0,"timestamp":1552795319,"path_taken":["M","M","?","M","M","E","R","E","T","M","?","R","M","E","R","BOSS","M","$","M","?","?","E","M","E","T","R","E","R","E","M","R","BOSS","M","M","?","?","$","R","E","M","T","M","M","R","?","M","R","BOSS","R","$","E","BOSS"],"build_version":"2019-01-23","purchased_purges":2,"victory":true,"max_hp_per_floor":[88,88,88,88,88,88,88,88,88,88,88,88,88,88,88,88,88,91,91,94,94,94,94,97,114,114,114,114,114,118,118,118,118,118,121,124,118,118,118,118,118,118,118,121,121,121,121,121,121,121,121,121,121,121,121],"card_choices":[{"not_picked":["Evolve","Clash"],"picked":"Inflame","floor":1},{"not_picked":["Heavy Blade","Hemokinesis"],"picked":"Feel No Pain","floor":2},{"not_picked":["Whirlwind","Wild Strike"],"picked":"Pummel","floor":4},{"not_picked":["Feel No Pain","Clothesline"],"picked":"Pommel Strike","floor":5},{"not_picked":["Flex","Anger"],"picked":"Shockwave","floor":6},{"not_picked":["Rage","Sword Boomerang","Power Through"],"picked":"SKIP","floor":8},{"not_picked":["Body Slam","Bloodletting","Twin Strike"],"picked":"SKIP","floor":10},{"not_picked":["Headbutt","Heavy Blade"],"picked":"Inflame","floor":13},{"not_picked":["Carnage","Blood for Blood"],"picked":"Sword Boomerang","floor":14},{"not_picked":["Berserk","Brutality"],"picked":"Feed","floor":16},{"not_picked":["Headbutt","Burning Pact"],"picked":"Dropkick","floor":18},{"not_picked":["Rage","Perfected Strike","Twin Strike+1"],"picked":"SKIP","floor":20},{"not_picked":["Anger","Thunderclap"],"picked":"Barricade","floor":23},{"not_picked":["Cleave","Uppercut"],"picked":"Spot Weakness","floor":24},{"not_picked":["Inflame","Iron Wave"],"picked":"Heavy Blade","floor":25},{"not_picked":["Cleave","Sword Boomerang","Havoc"],"picked":"SKIP","floor":28},{"not_picked":["Entrench","Rage+1"],"picked":"Uppercut","floor":30},{"not_picked":["Headbutt","Rupture+1","Sword Boomerang+1"],"picked":"SKIP","floor":31},{"not_picked":["Immolate","Fiend Fire"],"picked":"Juggernaut","floor":33},{"not_picked":["Armaments+1","Twin Strike"],"picked":"Seeing Red+1","floor":35},{"not_picked":["Cleave","Second Wind"],"picked":"Warcry+1","floor":36},{"not_picked":["Anger","Inflame+1"],"picked":"Ghostly Armor+1","floor":38},{"not_picked":["Wild Strike+1","Twin Strike+1"],"picked":"Armaments+1","floor":41},{"not_picked":["Perfected Strike+1","Intimidate+1"],"picked":"Dropkick+1","floor":42},{"not_picked":["Cleave","True Grit","Fire Breathing+1"],"picked":"SKIP","floor":44},{"not_picked":["Uppercut","Brutality","Sword Boomerang"],"picked":"SKIP","floor":45},{"not_picked":["Infernal Blade","Rupture"],"picked":"Headbutt+1","floor":48},{"not_picked":["Pummel+1","Clash"],"picked":"Ghostly Armor+1","floor":54}],"player_experience":200351,"relics_obtained":[{"floor":6,"key":"Bronze Scales"},{"floor":8,"key":"War Paint"},{"floor":9,"key":"Red Skull"},{"floor":14,"key":"Whetstone"},{"floor":22,"key":"Red Mask"},{"floor":23,"key":"WingedGreaves"},{"floor":25,"key":"Mango"},{"floor":28,"key":"Art of War"},{"floor":30,"key":"Lantern"},{"floor":38,"key":"Torii"},{"floor":41,"key":"Centennial Puzzle"},{"floor":43,"key":"Potion Belt"},{"floor":54,"key":"Dead Branch"}],"event_choices":[{"damage_healed":0,"gold_gain":0,"cards_transformed":["Strike_R"],"player_choice":"Transformed","damage_taken":0,"max_hp_gain":0,"max_hp_loss":0,"event_name":"Transmorgrifier","floor":3,"gold_loss":0,"cards_obtained":["Rage"]},{"damage_healed":0,"gold_gain":0,"player_choice":"Opened","damage_taken":0,"relics_obtained":["Ancient Tea Set"],"max_hp_gain":0,"max_hp_loss":0,"event_name":"The Mausoleum","floor":21,"gold_loss":0},{"damage_healed":0,"gold_gain":0,"player_choice":"Fought Bandits","damage_taken":0,"max_hp_gain":0,"max_hp_loss":0,"event_name":"Masked Bandits","floor":22,"gold_loss":0},{"damage_healed":0,"gold_gain":0,"player_choice":"Max HP","damage_taken":0,"max_hp_gain":0,"max_hp_loss":6,"event_name":"Winding Halls","floor":37,"gold_loss":0},{"damage_healed":0,"gold_gain":0,"player_choice":"Fight","damage_taken":0,"max_hp_gain":0,"max_hp_loss":0,"event_name":"MindBloom","floor":38,"gold_loss":0},{"damage_healed":0,"gold_gain":0,"player_choice":"Got Potions","damage_taken":0,"max_hp_gain":0,"max_hp_loss":0,"event_name":"Lab","floor":47,"gold_loss":0}],"is_beta":false,"boss_relics":[{"not_picked":["Philosopher\u0027s Stone","Snecko Eye"],"picked":"Velvet Choker"},{"not_picked":["Runic Cube","Tiny House"],"picked":"Black Blood"}],"items_purged_floors":[39,53],"is_endless":false,"potions_floor_spawned":[1,4,6,10,20,22,30,31,35,38,41,45,54],"ascension_level":3}