{"gold_per_floor":[115,115,41,216,104,134,134,147,147,181,181,99,99,109,109,208,208,222,222,240,259,259,259,289,289,289,317,336,352,352,352],"floor_reached":31,"playtime":1509,"items_purged":["Doubt"],"score":552,"play_id":"119d831f-188b-46ee-bbb9-f19225b3dd49","local_time":"20190318223204","is_ascension_mode":true,"campfire_choices":[{"data":"Footwork","floor":11.0,"key":"SMITH"},{"data":"Noxious Fumes","floor":13.0,"key":"SMITH"},{"data":"Noxious Fumes","floor":15.0,"key":"SMITH"},{"floor":23,"key":"REST"},{"floor":25,"key":"REST"},{"floor":30,"key":"REST"}],"neow_cost":"NONE","seed_source_timestamp":512817556974303,"circlet_count":0,"master_deck":["AscendersBane","Defend_G","Defend_G","Defend_G","Defend_G+1","Defend_G+1","Strike_G","Strike_G","Survivor","Neutralize","Dodge and Roll","Noxious Fumes+1","Leg Sweep","Backstab","Blade Dance","Footwork+1","Flying Knee","Noxious Fumes+1","Blade Dance","Malaise","Deadly Poison+1","Blade Dance+1","Noxious Fumes","Bane+1","Corpse Explosion","Backstab"],"special_seed":0,"relics":["Ring of the Snake","NeowsBlessing","Boot","Ancient Tea Set","Shuriken","Tingsha","Black Star","Lantern","Dodecahedron","War Paint","Bottled Flame","Dream Catcher"],"potions_floor_usage":[21,24,29,29],"damage_taken":[{"damage":0.0,"enemies":"2 Louse","floor":1.0,"turns":1.0},{"damage":0.0,"enemies":"Gremlin Nob","floor":6.0,"turns":1.0},{"damage":0.0,"enemies":"Small Slimes","floor":8.0,"turns":1.0},{"damage":6.0,"enemies":"Lagavulin","floor":10.0,"turns":9.0},{"damage":0.0,"enemies":"Jaw Worm","floor":14.0,"turns":3.0},{"damage":0.0,"enemies":"Hexaghost","floor":16.0,"turns":9.0},{"damage":20.0,"enemies":"2 Thieves","floor":18.0,"turns":5.0},{"damage":16.0,"enemies":"Shell Parasite","floor":20.0,"turns":6.0},{"damage":9,"enemies":"Snecko","floor":21,"turns":6},{"damage":15,"enemies":"Gremlin Leader","floor":24,"turns":8},{"damage":29,"enemies":"Slavers","floor":27,"turns":6},{"damage":14,"enemies":"Cultist and Chosen","floor":28,"turns":8},{"damage":0,"enemies":"Snake Plant","floor":29,"turns":5},{"damage":25,"enemies":"Shelled Parasite and Fungi","floor":31,"turns":3}],"seed_played":"4791213371920194163","potions_obtained":[{"floor":1.0,"key":"SpeedPotion"},{"floor":8.0,"key":"SkillPotion"},{"floor":16.0,"key":"LiquidBronze"},{"floor":18.0,"key":"Ancient Potion"},{"floor":21,"key":"Dexterity Potion"},{"floor":24,"key":"EssenceOfSteel"},{"floor":28,"key":"Strength Potion"}],"is_trial":false,"path_per_floor":["M","?","$","?","$","E","?","M","T","E","R","$","R","M","R","B",null,"M","?","M","M","?","R","E","R","T","E","M","M","R","M"],"character_chosen":"THE_SILENT","items_purchased":["Noxious Fumes","Leg Sweep","Noxious Fumes"],"campfire_rested":3,"item_purchase_floors":[3,5,12],"current_hp_per_floor":[63,51,51,51,51,51,51,51,51,45,45,45,45,45,45,45,64,44,44,28,19,19,40,25,46,46,17,3,3,24,0],"gold":352,"neow_bonus":"THREE_ENEMY_KILL","is_prod":false,"is_daily":false,"chose_seed":false,"campfire_upgraded":3,"win_rate":0,"timestamp":1552973524,"path_taken":["M","?","$","?","$","E","?","M","T","E","R","?","R","M","R","BOSS","M","?","?","M","?","R","E","R","T","E","M","M","R","M"],"build_version":"2019-01-23","purchased_purges":1,"victory":false,"max_hp_per_floor":[70,70,70,70,70,70,70,70,70,70,70,70,70,70,70,70,70,70,70,70,70,70,70,70,70,70,70,70,70,70,70],"card_choices":[{"not_picked":["Masterful Stab","Concentrate"],"picked":"Dodge and Roll","floor":1.0},{"not_picked":["Outmaneuver","Underhanded Strike"],"picked":"Backstab","floor":6.0},{"not_picked":["Calculated Gamble","Backflip"],"picked":"Footwork","floor":8.0},{"not_picked":["Predator","Riddle With Holes"],"picked":"Flying Knee","floor":10.0},{"not_picked":["Crippling Poison","Backstab"],"picked":"Blade Dance","floor":14.0},{"not_picked":["Burst","Venomology"],"picked":"Malaise","floor":16.0},{"not_picked":["Sucker Punch+1","Endless Agony"],"picked":"Deadly Poison+1","floor":18.0},{"not_picked":["Dagger Spray","Acrobatics"],"picked":"Blade Dance+1","floor":20.0},{"not_picked":["Prepared","Blade Dance"],"picked":"Noxious Fumes","floor":21},{"not_picked":["Blade Dance","Choke"],"picked":"Bane+1","floor":24},{"not_picked":["Choke","All Out Attack","Endless Agony"],"picked":"SKIP","floor":27},{"not_picked":["Caltrops","Quick Slash"],"picked":"Corpse Explosion","floor":28},{"not_picked":["Slice","Distraction"],"picked":"Backstab","floor":29}],"player_experience":502868,"relics_obtained":[{"floor":6.0,"key":"Ancient Tea Set"},{"floor":9.0,"key":"Shuriken"},{"floor":10.0,"key":"Tingsha"},{"floor":24,"key":"Lantern"},{"floor":24,"key":"Dodecahedron"},{"floor":26,"key":"War Paint"},{"floor":27,"key":"Bottled Flame"},{"floor":27,"key":"Dream Catcher"}],"event_choices":[{"damage_healed":0.0,"max_hp_gain":0.0,"max_hp_loss":0.0,"gold_gain":0.0,"event_name":"Scrap Ooze","player_choice":"Success","floor":2.0,"gold_loss":0.0,"damage_taken":12.0,"relics_obtained":["Boot"]},{"damage_healed":0.0,"max_hp_gain":0.0,"max_hp_loss":0.0,"gold_gain":175.0,"event_name":"Liars Game","player_choice":"AGREE","floor":4.0,"gold_loss":0.0,"damage_taken":0.0,"cards_obtained":["Doubt"]},{"damage_healed":0.0,"max_hp_gain":0.0,"max_hp_loss":0.0,"gold_gain":0.0,"cards_transformed":["Strike_G"],"event_name":"Living Wall","player_choice":"Change","floor":7.0,"gold_loss":0.0,"damage_taken":0.0,"cards_obtained":["Blade Dance"]},{"cards_removed":["Strike_G"],"damage_healed":0.0,"max_hp_gain":0.0,"max_hp_loss":0.0,"gold_gain":0.0,"event_name":"Purifier","player_choice":"Purged","floor":19.0,"gold_loss":0.0,"damage_taken":0.0},{"cards_removed":["Strike_G"],"damage_healed":0,"gold_gain":0,"player_choice":"Card Removal","damage_taken":0,"max_hp_gain":0,"max_hp_loss":0,"event_name":"Wheel of Change","floor":22,"gold_loss":0}],"is_beta":false,"boss_relics":[{"not_picked":["HoveringKite","Calling Bell"],"picked":"Black Star"}],"items_purged_floors":[5],"is_endless":false,"potions_floor_spawned":[1,8,16,18,21,24,28],"killed_by":"Shelled Parasite and Fungi","ascension_level":11}