{"gold_per_floor":[109,129,129,204,29,29,55,55,55,86,86,37,71,87,87,210,210,235,235,235,226,250,250,250,250,277,277,277],"floor_reached":28,"playtime":1456,"items_purged":["Strike_G"],"score":325,"play_id":"5cedf5dd-158f-438d-8083-8523774958e7","local_time":"20190310225902","is_ascension_mode":true,"campfire_choices":[{"floor":11,"key":"REST"},{"floor":15,"key":"REST"},{"floor":23,"key":"REST"},{"data":"Noxious Fumes","floor":27,"key":"SMITH"}],"neow_cost":"NONE","seed_source_timestamp":787056866671100,"circlet_count":0,"master_deck":["Defend_G","Defend_G","Defend_G","Defend_G","Defend_G","Strike_G","Strike_G","Strike_G","Strike_G","Survivor","Neutralize+1","Dodge and Roll","Cloak And Dagger","Infinite Blades","Noxious Fumes+1","Injury","Bane","Cloak And Dagger","Venomology","Backstab","Storm of Steel","Acrobatics","Crippling Poison+1"],"relics":["Ring of the Snake","Anchor","Bloody Idol","Mummified Hand","Pen Nib","Centennial Puzzle","HoveringKite"],"potions_floor_usage":[10,13,13,18,21,22,22,25],"damage_taken":[{"damage":4,"enemies":"Small Slimes","floor":1,"turns":4},{"damage":3,"enemies":"2 Louse","floor":2,"turns":5},{"damage":19,"enemies":"3 Sentries","floor":7,"turns":13},{"damage":20,"enemies":"Gremlin Nob","floor":10,"turns":5},{"damage":6,"enemies":"Lagavulin","floor":13,"turns":6},{"damage":0,"enemies":"Jaw Worm","floor":14,"turns":5},{"damage":23,"enemies":"The Guardian","floor":16,"turns":13},{"damage":7,"enemies":"Shell Parasite","floor":18,"turns":8},{"damage":4,"enemies":"2 Thieves","floor":21,"turns":4},{"damage":35,"enemies":"Cultist and Chosen","floor":22,"turns":8},{"damage":9,"enemies":"Colosseum Slavers","floor":25,"turns":5},{"damage":42,"enemies":"Slavers","floor":28,"turns":4}],"seed_played":"-3524395503370414226","potions_obtained":[{"floor":1,"key":"SteroidPotion"},{"floor":2,"key":"GhostInAJar"},{"floor":14,"key":"SteroidPotion"},{"floor":16,"key":"SkillPotion"},{"floor":21,"key":"Poison Potion"},{"floor":22,"key":"FairyPotion"}],"is_trial":false,"path_per_floor":["M","M","?","?","$","?","E","?","T","E","R","$","E","M","R","B",null,"M","?","?","M","M","R","?","?","T","R","E"],"character_chosen":"THE_SILENT","items_purchased":["Cloak And Dagger","Infinite Blades","PowerPotion"],"campfire_rested":3,"item_purchase_floors":[5,5,12],"current_hp_per_floor":[59,56,56,45,45,45,26,26,26,6,27,27,21,21,42,19,57,50,50,50,46,11,32,32,23,28,28,0],"gold":277,"neow_bonus":"THREE_CARDS","is_prod":false,"is_daily":false,"chose_seed":false,"campfire_upgraded":1,"win_rate":0,"timestamp":1552283942,"path_taken":["M","M","?","?","$","?","E","?","T","E","R","?","E","?","R","BOSS","M","?","?","?","M","R","?","?","T","R","E"],"build_version":"2019-01-23","purchased_purges":1,"victory":false,"max_hp_per_floor":[70,70,70,70,70,70,70,70,70,70,70,70,70,70,70,70,70,70,70,70,70,70,70,70,70,70,70,70],"card_choices":[{"not_picked":["Slice","Prepared"],"picked":"Dodge and Roll","floor":0},{"not_picked":["Predator","Sucker Punch","Flying Knee"],"picked":"SKIP","floor":1},{"not_picked":["Dodge and Roll","Sucker Punch","Deflect"],"picked":"SKIP","floor":2},{"not_picked":["Die Die Die","Calculated Gamble"],"picked":"Noxious Fumes","floor":7},{"not_picked":["Sucker Punch","Eviscerate","Masterful Stab"],"picked":"SKIP","floor":10},{"not_picked":["Prepared","Bullet Time"],"picked":"Bane","floor":13},{"not_picked":["Acrobatics","Dagger Throw"],"picked":"Cloak And Dagger","floor":14},{"not_picked":["Bullet Time","Phantasmal Killer"],"picked":"Venomology","floor":16},{"not_picked":["Dodge and Roll+1","Prepared"],"picked":"Backstab","floor":18},{"not_picked":["Skewer","Bane"],"picked":"Acrobatics","floor":21},{"not_picked":["Sucker Punch","Backstab+1"],"picked":"Crippling Poison+1","floor":22}],"player_experience":1262572,"relics_obtained":[{"floor":7,"key":"Anchor"},{"floor":9,"key":"Mummified Hand"},{"floor":10,"key":"Pen Nib"},{"floor":13,"key":"Centennial Puzzle"}],"event_choices":[{"damage_healed":0,"gold_gain":0,"player_choice":"Grow","damage_taken":0,"max_hp_gain":0,"max_hp_loss":0,"event_name":"Living Wall","floor":3,"gold_loss":0,"cards_upgraded":["Neutralize"]},{"damage_healed":0,"gold_gain":75,"player_choice":"Gather Gold","damage_taken":11,"max_hp_gain":0,"max_hp_loss":0,"event_name":"World of Goop","floor":4,"gold_loss":0},{"damage_healed":0,"gold_gain":0,"player_choice":"Leave","damage_taken":0,"max_hp_gain":0,"max_hp_loss":0,"event_name":"The Cleric","floor":6,"gold_loss":0},{"damage_healed":0,"gold_gain":0,"player_choice":"Take Wound","damage_taken":0,"relics_obtained":["Golden Idol"],"max_hp_gain":0,"max_hp_loss":0,"event_name":"Golden Idol","floor":8,"gold_loss":0,"cards_obtained":["Injury"]},{"damage_healed":0,"gold_gain":0,"player_choice":"Ignored","damage_taken":0,"max_hp_gain":0,"max_hp_loss":0,"event_name":"Vampires","floor":19,"gold_loss":0},{"damage_healed":0,"gold_gain":0,"player_choice":"1 cards matched","damage_taken":0,"max_hp_gain":0,"max_hp_loss":0,"event_name":"Match and Keep!","floor":20,"gold_loss":0,"cards_obtained":["Storm of Steel"]},{"damage_healed":0,"gold_gain":0,"player_choice":"Gave Idol","damage_taken":0,"relics_obtained":["Bloody Idol"],"max_hp_gain":0,"max_hp_loss":0,"event_name":"Forgotten Altar","floor":24,"relics_lost":["Golden Idol"],"gold_loss":0},{"damage_healed":0,"gold_gain":0,"player_choice":"Fight","damage_taken":0,"max_hp_gain":0,"max_hp_loss":0,"event_name":"Colosseum","floor":25,"gold_loss":0},{"damage_healed":0,"gold_gain":0,"player_choice":"Fled From Nobs","damage_taken":0,"max_hp_gain":0,"max_hp_loss":0,"event_name":"Colosseum","floor":25,"gold_loss":0}],"is_beta":false,"boss_relics":[{"not_picked":["Snecko Eye","Velvet Choker"],"picked":"HoveringKite"}],"items_purged_floors":[5],"is_endless":false,"potions_floor_spawned":[1,2,14,16,21,22],"killed_by":"Slavers","ascension_level":8}