{"gold_per_floor":[118,137,137,287,303,303,331,331,355,367,304,304,304,330,330,409,409,428,443,69,69,80,80],"floor_reached":23,"playtime":1069,"items_purged":["Strike_B","Doubt"],"score":364,"play_id":"7014c3cd-710b-42c8-8b2b-7045267f2154","local_time":"20190310133748","is_ascension_mode":true,"campfire_choices":[{"data":"Go for the Eyes","floor":6.0,"key":"SMITH"},{"data":"Zap","floor":8.0,"key":"SMITH"},{"data":"Storm","floor":12.0,"key":"SMITH"},{"floor":15.0,"key":"REST"}],"neow_cost":"PERCENT_DAMAGE","seed_source_timestamp":0,"circlet_count":0,"master_deck":["AscendersBane","Strike_B","Strike_B","Defend_B","Defend_B","Defend_B","Defend_B","Zap+1","Dualcast","Cold Snap","Go for the Eyes+1","Storm+1","Ball Lightning","Electrodynamics","White Noise","Defragment"],"special_seed":0,"relics":["Cracked Core","Du-Vu Doll","Bag of Marbles","MawBank","Unceasing Top","Gremlin Horn","Runic Pyramid","Pear"],"potions_floor_usage":[],"damage_taken":[{"damage":0.0,"enemies":"2 Louse","floor":1.0,"turns":1.0},{"damage":8.0,"enemies":"Small Slimes","floor":2.0,"turns":3.0},{"damage":0.0,"enemies":"Jaw Worm","floor":5.0,"turns":3.0},{"damage":13.0,"enemies":"Gremlin Nob","floor":7.0,"turns":4.0},{"damage":31.0,"enemies":"3 Sentries","floor":14.0,"turns":8.0},{"damage":14,"enemies":"The Guardian","floor":16,"turns":12},{"damage":22,"enemies":"2 Thieves","floor":18,"turns":2},{"damage":22,"enemies":"Shell Parasite","floor":19,"turns":5},{"damage":16,"enemies":"Snake Plant","floor":22,"turns":3},{"damage":33,"enemies":"Snecko","floor":23,"turns":4}],"seed_played":"-8277147799873665678","potions_obtained":[{"floor":1.0,"key":"Regen Potion"},{"floor":2.0,"key":"SteroidPotion"},{"floor":7.0,"key":"Weak Potion"},{"floor":22,"key":"LiquidBronze"}],"is_trial":false,"path_per_floor":["M","M","?","?","M","R","E","R","T","?","$","R","?","E","R","B",null,"M","M","$","?","M","M"],"character_chosen":"DEFECT","items_purchased":["Pear"],"campfire_rested":1,"item_purchase_floors":[20],"current_hp_per_floor":[46,38,61,61,70,70,57,57,57,57,57,57,57,26,47,33,62,40,18,28,44,28,0],"gold":80,"neow_bonus":"ONE_RARE_RELIC","is_prod":false,"is_daily":false,"chose_seed":false,"campfire_upgraded":3,"win_rate":0,"timestamp":1552250268,"path_taken":["M","M","?","?","M","R","E","R","T","?","?","R","?","E","R","BOSS","M","M","$","?","M","M"],"build_version":"2019-01-23","purchased_purges":2,"victory":false,"max_hp_per_floor":[71,71,71,71,71,71,71,71,71,71,71,71,71,71,71,71,71,71,71,81,81,81,81],"card_choices":[{"not_picked":["Double Energy","Tempest"],"picked":"Cold Snap","floor":1.0},{"not_picked":["Streamline","Rebound"],"picked":"Go for the Eyes","floor":2.0},{"not_picked":["Turbo","Rip and Tear"],"picked":"Storm","floor":5.0},{"not_picked":["Coolheaded","Undo"],"picked":"Ball Lightning","floor":7.0},{"not_picked":["Amplify","Chaos","Compile Driver"],"picked":"SKIP","floor":14.0},{"not_picked":["Creative AI","Biased Cognition"],"picked":"Electrodynamics","floor":16},{"not_picked":["Recycle","Blizzard"],"picked":"White Noise","floor":18},{"not_picked":["Streamline","Stack+1"],"picked":"Defragment","floor":19},{"not_picked":["Gash","Compile Driver","Sweeping Beam"],"picked":"SKIP","floor":22}],"player_experience":1256427,"relics_obtained":[{"floor":7.0,"key":"Bag of Marbles"},{"floor":9.0,"key":"MawBank"},{"floor":14.0,"key":"Gremlin Horn"}],"event_choices":[{"damage_healed":23.0,"max_hp_gain":0.0,"max_hp_loss":0.0,"gold_gain":0.0,"event_name":"Big Fish","player_choice":"Banana","floor":3.0,"gold_loss":0.0,"damage_taken":0.0},{"damage_healed":0.0,"max_hp_gain":0.0,"max_hp_loss":0.0,"gold_gain":150.0,"event_name":"Liars Game","player_choice":"AGREE","floor":4.0,"gold_loss":0.0,"damage_taken":0.0,"cards_obtained":["Doubt"]},{"cards_removed":["Strike_B"],"damage_healed":0.0,"max_hp_gain":0.0,"max_hp_loss":0.0,"gold_gain":0.0,"event_name":"Living Wall","player_choice":"Forget","floor":10.0,"gold_loss":0.0,"damage_taken":0.0},{"damage_healed":0.0,"max_hp_gain":0.0,"max_hp_loss":0.0,"gold_gain":0.0,"event_name":"WeMeetAgain","player_choice":"Gave Potion","floor":13.0,"gold_loss":0.0,"damage_taken":0.0,"relics_obtained":["Unceasing Top"]},{"damage_healed":16,"gold_gain":0,"player_choice":"Heal","damage_taken":0,"max_hp_gain":0,"max_hp_loss":0,"event_name":"The Library","floor":21,"gold_loss":0}],"is_beta":false,"boss_relics":[{"not_picked":["Cursed Key","Calling Bell"],"picked":"Runic Pyramid"}],"items_purged_floors":[11,20],"is_endless":false,"potions_floor_spawned":[1,2,7,22],"killed_by":"Snecko","ascension_level":17}