{"gold_per_floor":[118,118,130,29,29,29,58,133,133,156,166,17,52,38,38,133,133,153,153,171,183,283,283,283],"floor_reached":24,"playtime":914,"items_purged":["Shame","Strike_R"],"score":326,"play_id":"2c0f4a5b-09ac-4691-aaa9-c03dff24ddca","local_time":"20190318233245","is_ascension_mode":true,"campfire_choices":[{"data":"Infernal Blade","floor":6,"key":"SMITH"},{"floor":15,"key":"REST"},{"floor":23,"key":"REST"}],"neow_cost":"NONE","seed_source_timestamp":416996328124880,"circlet_count":0,"master_deck":["AscendersBane","Strike_R","Strike_R","Strike_R","Strike_R","Defend_R","Defend_R","Defend_R","Defend_R","Bash+1","Infernal Blade+1","Bandage Up","Evolve","Flex","Disarm","True Grit+1","Whirlwind","Power Through","Bludgeon","Wild Strike","Flex","Flame Barrier"],"relics":["Burning Blood","Omamori","Bag of Marbles","Odd Mushroom","Pear","Cursed Key"],"potions_floor_usage":[3,10,13,13,16,20,21,21,24],"damage_taken":[{"damage":3,"enemies":"Small Slimes","floor":1,"turns":4},{"damage":1,"enemies":"Cultist","floor":3,"turns":3},{"damage":30,"enemies":"Gremlin Nob","floor":7,"turns":4},{"damage":15,"enemies":"The Mushroom Lair","floor":10,"turns":4},{"damage":12,"enemies":"Jaw Worm","floor":11,"turns":4},{"damage":13,"enemies":"3 Sentries","floor":13,"turns":3},{"damage":32,"enemies":"Exordium Thugs","floor":14,"turns":4},{"damage":50,"enemies":"The Guardian","floor":16,"turns":13},{"damage":23,"enemies":"Spheric Guardian","floor":18,"turns":4},{"damage":17,"enemies":"Shell Parasite","floor":20,"turns":5},{"damage":45,"enemies":"Chosen and Byrds","floor":21,"turns":6},{"damage":48,"enemies":"Gremlin Leader","floor":24,"turns":4}],"seed_played":"8011518345706302171","potions_obtained":[{"floor":1,"key":"Poison Potion"},{"floor":7,"key":"Weak Potion"},{"floor":10,"key":"FearPotion"},{"floor":13,"key":"Ancient Potion"},{"floor":14,"key":"Strength Potion"},{"floor":18,"key":"Energy Potion"},{"floor":20,"key":"LiquidBronze"},{"floor":21,"key":"Strength Potion"}],"is_trial":false,"path_per_floor":["M","?","M","$","?","R","E","?","T","?","M","$","E","M","R","B",null,"M","?","M","M","?","R","E"],"character_chosen":"IRONCLAD","items_purchased":["Flex","PowerPotion"],"campfire_rested":2,"item_purchase_floors":[4,12],"current_hp_per_floor":[75,75,80,80,80,80,56,45,45,40,38,38,45,23,50,10,70,57,57,50,15,15,42,0],"gold":283,"neow_bonus":"UPGRADE_CARD","is_prod":false,"is_daily":false,"chose_seed":false,"campfire_upgraded":1,"win_rate":0,"timestamp":1552919565,"path_taken":["M","?","?","$","?","R","E","?","T","?","M","?","E","?","R","BOSS","M","?","?","M","?","R","E"],"build_version":"2019-01-23","purchased_purges":2,"victory":false,"max_hp_per_floor":[80,80,80,80,80,80,80,80,80,80,80,80,90,90,90,90,90,90,90,90,90,90,90,90],"card_choices":[{"not_picked":["Hemokinesis","Iron Wave"],"picked":"Infernal Blade","floor":1},{"not_picked":["Sever Soul","Heavy Blade"],"picked":"Evolve","floor":3},{"not_picked":["Fiend Fire","Headbutt"],"picked":"Disarm","floor":7},{"not_picked":["Iron Wave","Seeing Red"],"picked":"True Grit","floor":10},{"not_picked":["Sword Boomerang","Clash"],"picked":"Whirlwind","floor":11},{"not_picked":["Clash","Sever Soul","Brutality"],"picked":"SKIP","floor":13},{"not_picked":["Cleave","Twin Strike"],"picked":"Power Through","floor":14},{"not_picked":["Demon Form","Fiend Fire"],"picked":"Bludgeon","floor":16},{"not_picked":["Sword Boomerang","Clothesline"],"picked":"Wild Strike","floor":18},{"not_picked":["Heavy Blade","Twin Strike"],"picked":"Flex","floor":20},{"not_picked":["Corruption+1","Headbutt"],"picked":"Flame Barrier","floor":21}],"player_experience":559405,"relics_obtained":[{"floor":7,"key":"Omamori"},{"floor":9,"key":"Bag of Marbles"},{"floor":10,"key":"Odd Mushroom"},{"floor":13,"key":"Pear"}],"event_choices":[{"damage_healed":0,"gold_gain":0,"player_choice":"2 cards matched","damage_taken":0,"max_hp_gain":0,"max_hp_loss":0,"event_name":"Match and Keep!","floor":2,"gold_loss":0,"cards_obtained":["Shame","Bandage Up"]},{"damage_healed":0,"gold_gain":0,"player_choice":"Leave","damage_taken":0,"max_hp_gain":0,"max_hp_loss":0,"event_name":"The Cleric","floor":5,"gold_loss":0},{"damage_healed":0,"gold_gain":75,"player_choice":"Gather Gold","damage_taken":11,"max_hp_gain":0,"max_hp_loss":0,"event_name":"World of Goop","floor":8,"gold_loss":0},{"damage_healed":0,"gold_gain":0,"player_choice":"Fought Mushrooms","damage_taken":0,"max_hp_gain":0,"max_hp_loss":0,"event_name":"Mushrooms","floor":10,"gold_loss":0},{"damage_healed":0,"gold_gain":0,"player_choice":"Upgraded","damage_taken":0,"max_hp_gain":0,"max_hp_loss":0,"event_name":"Upgrade Shrine","floor":19,"gold_loss":0,"cards_upgraded":["True Grit"]},{"damage_healed":0,"gold_gain":100,"player_choice":"Pray","damage_taken":0,"max_hp_gain":0,"max_hp_loss":0,"event_name":"Golden Shrine","floor":22,"gold_loss":0}],"is_beta":false,"boss_relics":[{"not_picked":["Lizard Tail","Runic Pyramid"],"picked":"Cursed Key"}],"items_purged_floors":[4,12],"is_endless":false,"potions_floor_spawned":[1,7,10,13,14,18,20,21],"killed_by":"Gremlin Leader","ascension_level":12}