{"gold_per_floor":[115,46,46,46,66,66,86,97,97,97,113,113,131,131,131,255,255,273,198,288,312,2,2,16,56,80,80,105,105,105,105,105,235,235,259,384,155,0,15,15,31,46,46,64,64,64,89,189,189,189],"floor_reached":51,"playtime":3207,"items_purged":["Strike_R"],"score":800,"play_id":"41497471-8dc1-48e5-8a82-f3c8b9e02b43","local_time":"20190318001555","is_ascension_mode":true,"campfire_choices":[{"data":"Armaments","floor":6.0,"key":"SMITH"},{"data":"Disarm","floor":10.0,"key":"SMITH"},{"data":"Impervious","floor":12.0,"key":"SMITH"},{"data":"Body Slam","floor":15.0,"key":"SMITH"},{"data":"Rampage","floor":23.0,"key":"SMITH"},{"data":"True Grit","floor":27.0,"key":"SMITH"},{"floor":32,"key":"REST"},{"data":"Barricade","floor":40,"key":"SMITH"},{"data":"Impervious","floor":45,"key":"SMITH"},{"data":"Offering","floor":49,"key":"SMITH"}],"neow_cost":"NONE","seed_source_timestamp":410804846102823,"circlet_count":0,"master_deck":["Defend_R","Defend_R","Defend_R","Defend_R","Bash","Impervious+1","Armaments+1","Impervious+1","Disarm+1","Battle Trance","Body Slam+1","Offering+1","Rampage+1","True Grit+1","Barricade+1","Shrug It Off+1","Flame Barrier+1"],"special_seed":0,"relics":["Burning Blood","FaceOfCleric","Pantograph","Golden Idol","Philosopher\u0027s Stone","Bronze Scales","Matryoshka","Strawberry","Vajra","Sozu","Incense Burner","Bag of Preparation","Red Mask","Kunai","Happy Flower"],"potions_floor_usage":[33,50,50,50],"damage_taken":[{"damage":0.0,"enemies":"Small Slimes","floor":1.0,"turns":4.0},{"damage":0.0,"enemies":"2 Louse","floor":5.0,"turns":6.0},{"damage":9.0,"enemies":"Cultist","floor":7.0,"turns":5.0},{"damage":0.0,"enemies":"Large Slime","floor":8.0,"turns":9.0},{"damage":2.0,"enemies":"3 Louse","floor":11.0,"turns":4.0},{"damage":9.0,"enemies":"Exordium Thugs","floor":13.0,"turns":6.0},{"damage":2.0,"enemies":"Hexaghost","floor":16.0,"turns":10.0},{"damage":0.0,"enemies":"Spheric Guardian","floor":18.0,"turns":4.0},{"damage":5.0,"enemies":"Shell Parasite","floor":21.0,"turns":4.0},{"damage":8.0,"enemies":"Cultist and Chosen","floor":24.0,"turns":6.0},{"damage":40.0,"enemies":"Slavers","floor":25.0,"turns":4.0},{"damage":9,"enemies":"Snecko","floor":28,"turns":6},{"damage":55,"enemies":"Automaton","floor":33,"turns":12},{"damage":6,"enemies":"3 Darklings","floor":35,"turns":5},{"damage":6,"enemies":"Mind Bloom Boss Battle","floor":36,"turns":4},{"damage":6,"enemies":"Orb Walker","floor":39,"turns":3},{"damage":6,"enemies":"3 Darklings","floor":41,"turns":6},{"damage":6,"enemies":"4 Shapes","floor":42,"turns":6},{"damage":6,"enemies":"Spire Growth","floor":44,"turns":4},{"damage":6,"enemies":"Sphere and 2 Shapes","floor":47,"turns":5},{"damage":6,"enemies":"Donu and Deca","floor":50,"turns":9}],"seed_played":"-6506894184554659886","potions_obtained":[{"floor":1.0,"key":"Explosive Potion"},{"floor":5.0,"key":"AttackPotion"},{"floor":8.0,"key":"Energy Potion"},{"floor":13.0,"key":"Fire Potion"},{"floor":16.0,"key":"SpeedPotion"},{"floor":33,"key":"Block Potion"}],"is_trial":false,"path_per_floor":["M","$","?","?","M","R","M","M","T","R","M","R","M","?","R","B",null,"M","?","?","M","$","R","M","E","T","R","M","?","$","$","R","B",null,"M","?","$","?","M","R","M","M","T","M","R","?","M","?","R","B",null],"character_chosen":"IRONCLAD","items_purchased":["Impervious","Bronze Scales","Offering","Rampage","Bag of Preparation"],"campfire_rested":1,"item_purchase_floors":[2,22,22,22,37],"current_hp_per_floor":[80,80,73,73,80,80,78,83,83,83,84,84,82,61,61,86,86,87,87,71,73,73,73,72,39,46,46,44,44,44,44,73,50,99,100,101,101,101,102,102,103,104,104,105,105,105,106,106,106,107],"gold":189,"neow_bonus":"TRANSFORM_CARD","is_prod":false,"is_daily":false,"chose_seed":false,"campfire_upgraded":9,"win_rate":0,"timestamp":1552882555,"path_taken":["M","$","?","?","M","R","M","M","T","R","?","R","M","?","R","BOSS","M","?","?","?","$","R","M","E","T","R","M","?","?","$","R","BOSS","M","?","$","?","M","R","M","M","T","M","R","?","M","?","R","BOSS"],"build_version":"2019-01-23","purchased_purges":1,"victory":true,"max_hp_per_floor":[80,80,80,80,81,81,82,83,83,83,84,84,85,85,85,86,86,87,87,87,88,88,88,89,90,97,97,98,98,98,98,98,99,99,100,101,101,101,102,102,103,104,104,105,105,105,106,106,106,107],"card_choices":[{"not_picked":["Second Wind","Fire Breathing"],"picked":"Armaments","floor":1.0},{"not_picked":["Headbutt","Bloodletting","Sever Soul"],"picked":"SKIP","floor":5.0},{"not_picked":["Armaments","Heavy Blade"],"picked":"Disarm","floor":7.0},{"not_picked":["Burning Pact","Blood for Blood","Heavy Blade"],"picked":"SKIP","floor":8.0},{"not_picked":["Headbutt","Armaments"],"picked":"Battle Trance","floor":11.0},{"not_picked":["Second Wind","Combust"],"picked":"Body Slam","floor":13.0},{"not_picked":["Perfected Strike","Hemokinesis","Armaments+1"],"picked":"SKIP","floor":18.0},{"not_picked":["Iron Wave","Twin Strike","Armaments"],"picked":"SKIP","floor":21.0},{"not_picked":["Havoc","Infernal Blade","Armaments"],"picked":"SKIP","floor":24.0},{"not_picked":["Warcry","Spot Weakness"],"picked":"True Grit","floor":25.0},{"not_picked":["Spot Weakness","Thunderclap","True Grit+1"],"picked":"SKIP","floor":28},{"not_picked":["Fiend Fire","Bludgeon"],"picked":"Barricade","floor":33},{"not_picked":["Anger+1","Thunderclap","Clothesline+1"],"picked":"SKIP","floor":35},{"not_picked":["Sword Boomerang+1","Immolate"],"picked":"Shrug It Off+1","floor":39},{"not_picked":["Wild Strike","Perfected Strike+1","Searing Blow"],"picked":"SKIP","floor":41},{"not_picked":["Spot Weakness+1","True Grit","Blood for Blood+1"],"picked":"SKIP","floor":42},{"not_picked":["Intimidate+1","Cleave+1"],"picked":"Flame Barrier+1","floor":44},{"not_picked":["Burning Pact+1","Headbutt","Rampage"],"picked":"SKIP","floor":47}],"player_experience":1257018,"relics_obtained":[{"floor":9.0,"key":"Pantograph"},{"floor":25.0,"key":"Matryoshka"},{"floor":26.0,"key":"Strawberry"},{"floor":26.0,"key":"Vajra"},{"floor":36,"key":"Incense Burner"},{"floor":43,"key":"Kunai"},{"floor":43,"key":"Happy Flower"}],"event_choices":[{"cards_removed":["Strike_R"],"damage_healed":0.0,"max_hp_gain":0.0,"max_hp_loss":0.0,"gold_gain":0.0,"event_name":"Golden Wing","player_choice":"Card Removal","floor":3.0,"gold_loss":0.0,"damage_taken":7.0},{"damage_healed":0.0,"max_hp_gain":0.0,"max_hp_loss":0.0,"gold_gain":0.0,"event_name":"FaceTrader","player_choice":"Trade","floor":4.0,"gold_loss":0.0,"damage_taken":0.0,"relics_obtained":["FaceOfCleric"]},{"damage_healed":0.0,"max_hp_gain":0.0,"max_hp_loss":0.0,"gold_gain":0.0,"event_name":"Golden Idol","player_choice":"Take Damage","floor":14.0,"gold_loss":0.0,"damage_taken":21.0,"relics_obtained":["Golden Idol"]},{"cards_removed":["Strike_R"],"damage_healed":0.0,"max_hp_gain":0.0,"max_hp_loss":0.0,"gold_gain":0.0,"event_name":"Beggar","player_choice":"Gave Gold","floor":19.0,"gold_loss":75.0,"damage_taken":0.0},{"damage_healed":0.0,"max_hp_gain":0.0,"max_hp_loss":0.0,"gold_gain":90.0,"event_name":"Knowing Skull","player_choice":"GOLD ","floor":20.0,"potions_obtained":[],"gold_loss":0.0,"damage_taken":16.0,"cards_obtained":[]},{"cards_removed":["Strike_R"],"damage_healed":0,"gold_gain":0,"player_choice":"Purged","damage_taken":0,"max_hp_gain":0,"max_hp_loss":0,"event_name":"Purifier","floor":29,"gold_loss":0},{"damage_healed":0,"gold_gain":0,"player_choice":"Fight","damage_taken":0,"max_hp_gain":0,"max_hp_loss":0,"event_name":"MindBloom","floor":36,"gold_loss":0},{"damage_healed":0,"gold_gain":0,"player_choice":"Paid","damage_taken":0,"relics_obtained":["Red Mask"],"max_hp_gain":0,"max_hp_loss":0,"event_name":"Tomb of Lord Red Mask","floor":38,"gold_loss":155},{"damage_healed":0,"gold_gain":0,"player_choice":"Memory 1","damage_taken":0,"max_hp_gain":0,"max_hp_loss":0,"event_name":"SensoryStone","floor":46,"gold_loss":0},{"damage_healed":0,"gold_gain":100,"player_choice":"Pray","damage_taken":0,"max_hp_gain":0,"max_hp_loss":0,"event_name":"Golden Shrine","floor":48,"gold_loss":0}],"is_beta":false,"boss_relics":[{"not_picked":["Astrolabe","Lizard Tail"],"picked":"Philosopher\u0027s Stone"},{"not_picked":["White Beast Statue","Fusion Hammer"],"picked":"Sozu"}],"items_purged_floors":[37],"is_endless":false,"potions_floor_spawned":[1,5,8,13,16,21,28,33,42,44,47],"ascension_level":2}