{"gold_per_floor":[368,70,245,261,273,273,335,348,419,452,452,464,483,502,502,605,605,618,629,554,554,574,574,605,605,605,637,648,186,186,200,200,295,295,314,314,327,131,148,148,176,176,176,191,220,220,240,260,260,260],"floor_reached":51,"playtime":5203,"items_purged":[],"score":1019,"play_id":"6dc9c102-ca83-4b5e-9e68-4c8cac7f0fbe","local_time":"20190303155745","is_ascension_mode":true,"campfire_choices":[{"data":"Zap","floor":6.0,"key":"SMITH"},{"data":"White Noise","floor":11.0,"key":"SMITH"},{"floor":15.0,"key":"REST"},{"floor":23.0,"key":"REST"},{"data":"Machine Learning","floor":25.0,"key":"SMITH"},{"data":"Loop","floor":30.0,"key":"SMITH"},{"floor":32.0,"key":"REST"},{"data":"Rainbow","floor":40.0,"key":"SMITH"},{"data":"Chaos","floor":42.0,"key":"SMITH"},{"floor":46,"key":"REST"},{"floor":49,"key":"REST"}],"neow_cost":"TEN_PERCENT_HP_LOSS","seed_source_timestamp":3089989431220,"circlet_count":0,"master_deck":["Defend_B","Defend_B","Defend_B","Defend_B","Zap+1","Dualcast","Cold Snap","FTL","Compile Driver","Go for the Eyes","Go for the Eyes","Rebound+1","White Noise+1","Ball Lightning","Glacier","Beam Cell","Machine Learning+1","Undo","Conserve Battery+1","Bite","Bite","Bite+1","Bite","Bite","Defragment","Rainbow+1","Apotheosis","Loop+1","Core Surge","Conserve Battery+1","Leap+1","Glacier+1","Chaos+1","Tempest+1","Conserve Battery+1"],"special_seed":0,"relics":["Cracked Core","Symbiotic Virus","Boot","Letter Opener","Dead Branch","Velvet Choker","Whetstone","Blue Candle","Gremlin Horn","Strawberry","Eternal Feather","ClockworkSouvenir","Frozen Egg 2","Ginger","Smiling Mask"],"potions_floor_usage":[50],"damage_taken":[{"damage":4.0,"enemies":"Jaw Worm","floor":1.0,"turns":4.0},{"damage":0.0,"enemies":"Small Slimes","floor":4.0,"turns":2.0},{"damage":6.0,"enemies":"2 Louse","floor":5.0,"turns":2.0},{"damage":15.0,"enemies":"3 Sentries","floor":7.0,"turns":8.0},{"damage":4.0,"enemies":"Blue Slaver","floor":8.0,"turns":2.0},{"damage":5.0,"enemies":"3 Sentries","floor":10.0,"turns":4.0},{"damage":21.0,"enemies":"Exordium Thugs","floor":12.0,"turns":2.0},{"damage":0.0,"enemies":"2 Fungi Beasts","floor":13.0,"turns":1.0},{"damage":5.0,"enemies":"Red Slaver","floor":14.0,"turns":2.0},{"damage":4.0,"enemies":"The Guardian","floor":16.0,"turns":8.0},{"damage":21.0,"enemies":"3 Byrds","floor":18.0,"turns":3.0},{"damage":18.0,"enemies":"Spheric Guardian","floor":19.0,"turns":4.0},{"damage":1.0,"enemies":"3 Cultists","floor":22.0,"turns":5.0},{"damage":8.0,"enemies":"Book of Stabbing","floor":24.0,"turns":5.0},{"damage":11.0,"enemies":"Gremlin Leader","floor":27.0,"turns":6.0},{"damage":0.0,"enemies":"Centurion and Healer","floor":28.0,"turns":6.0},{"damage":26.0,"enemies":"Shelled Parasite and Fungi","floor":31.0,"turns":4.0},{"damage":35.0,"enemies":"Champ","floor":33.0,"turns":9.0},{"damage":13.0,"enemies":"Orb Walker","floor":35.0,"turns":3.0},{"damage":4.0,"enemies":"3 Shapes","floor":37.0,"turns":4.0},{"damage":14.0,"enemies":"Maw","floor":39.0,"turns":6.0},{"damage":16.0,"enemies":"Nemesis","floor":41.0,"turns":8.0},{"damage":23.0,"enemies":"Jaw Worm Horde","floor":44.0,"turns":5.0},{"damage":35,"enemies":"Giant Head","floor":45,"turns":11},{"damage":27,"enemies":"3 Darklings","floor":47,"turns":6},{"damage":18,"enemies":"Sphere and 2 Shapes","floor":48,"turns":4},{"damage":56,"enemies":"Time Eater","floor":50,"turns":12}],"seed_played":"5997414803311440861","potions_obtained":[{"floor":5.0,"key":"Dexterity Potion"},{"floor":8.0,"key":"FocusPotion"},{"floor":10.0,"key":"AttackPotion"},{"floor":13.0,"key":"EntropicBrew"},{"floor":22.0,"key":"Block Potion"},{"floor":28.0,"key":"PowerPotion"},{"floor":35.0,"key":"SpeedPotion"},{"floor":39.0,"key":"SmokeBomb"},{"floor":41.0,"key":"Fire Potion"}],"is_trial":false,"path_per_floor":["M","$","?","M","M","R","?","M","T","E","R","M","M","M","R","B",null,"M","M","?","?","M","R","E","R","T","E","M","$","R","M","R","B",null,"M","?","M","$","M","R","E","R","T","M","E","R","M","M","R","B",null],"character_chosen":"DEFECT","items_purchased":["Symbiotic Virus","FTL","Strawberry","Rainbow","Apotheosis","Loop","ClockworkSouvenir"],"campfire_rested":5,"item_purchase_floors":[2,2,29,29,29,29,38],"current_hp_per_floor":[64,64,64,64,58,58,43,39,39,34,34,13,13,8,28,24,57,36,18,18,18,25,39,41,41,41,43,47,54,54,30,46,25,47,39,39,35,35,33,51,47,54,54,43,17,54,33,20,54,13],"gold":260,"neow_bonus":"TWO_FIFTY_GOLD","is_prod":false,"is_daily":false,"chose_seed":false,"campfire_upgraded":6,"win_rate":0,"timestamp":1551657465,"path_taken":["M","$","?","M","M","R","?","M","T","E","R","M","M","M","R","BOSS","M","M","?","?","M","R","E","R","T","E","M","$","R","M","R","BOSS","M","?","M","$","M","R","E","R","T","M","E","R","M","M","R","BOSS"],"build_version":"2019-01-23","purchased_purges":0,"victory":true,"max_hp_per_floor":[68,68,68,68,68,68,68,68,68,68,68,68,68,68,68,68,68,68,68,68,47,47,47,47,47,47,47,47,54,54,54,54,54,54,54,54,54,54,54,54,54,54,54,54,54,54,54,54,54,54],"card_choices":[{"not_picked":["Barrage","Darkness"],"picked":"Cold Snap","floor":1.0},{"not_picked":["Barrage","Sweeping Beam"],"picked":"Compile Driver","floor":4.0},{"not_picked":["Melter","Rip and Tear"],"picked":"Go for the Eyes","floor":5.0},{"not_picked":["Skim","Sweeping Beam"],"picked":"Go for the Eyes","floor":7.0},{"not_picked":["Capacitor","Coolheaded"],"picked":"Rebound","floor":8.0},{"not_picked":["Redo","Hologram"],"picked":"White Noise","floor":10.0},{"not_picked":["Hello World","Storm"],"picked":"Ball Lightning","floor":12.0},{"not_picked":["Ball Lightning","Multi-Cast"],"picked":"Glacier","floor":13.0},{"not_picked":["Rip and Tear","Hologram"],"picked":"Beam Cell","floor":14.0},{"not_picked":["Reboot","Rainbow"],"picked":"Machine Learning","floor":16.0},{"not_picked":["Rip and Tear","Fusion"],"picked":"Undo","floor":18.0},{"not_picked":["Turbo+1","Stack"],"picked":"Conserve Battery+1","floor":19.0},{"not_picked":["Cold Snap+1","Recycle"],"picked":"Defragment","floor":22.0},{"not_picked":["Consume","Steam","Turbo"],"picked":"SKIP","floor":24.0},{"not_picked":["Cold Snap","Force Field","Coolheaded+1"],"picked":"SKIP","floor":27.0},{"not_picked":["Cold Snap","Seek","Gash"],"picked":"SKIP","floor":28.0},{"not_picked":["Go for the Eyes","Ball Lightning+1","FTL"],"picked":"SKIP","floor":31.0},{"not_picked":["Buffer","Biased Cognition"],"picked":"Core Surge","floor":33.0},{"not_picked":["Beam Cell","Barrage+1"],"picked":"Conserve Battery+1","floor":35.0},{"not_picked":["Sweeping Beam","White Noise"],"picked":"Leap+1","floor":37.0},{"not_picked":["Go for the Eyes","Streamline+1"],"picked":"Glacier+1","floor":39.0},{"not_picked":["Streamline","Multi-Cast"],"picked":"Chaos","floor":41.0},{"not_picked":["Ball Lightning","Barrage+1"],"picked":"Tempest+1","floor":44.0},{"not_picked":["Hologram+1","Barrage"],"picked":"Conserve Battery+1","floor":45},{"not_picked":["Darkness+1","Reprogram+1","Scrape"],"picked":"SKIP","floor":47},{"not_picked":["Go for the Eyes","Redo+1","Compile Driver"],"picked":"SKIP","floor":48}],"player_experience":391169,"relics_obtained":[{"floor":7.0,"key":"Boot"},{"floor":9.0,"key":"Letter Opener"},{"floor":10.0,"key":"Dead Branch"},{"floor":24.0,"key":"Whetstone"},{"floor":26.0,"key":"Blue Candle"},{"floor":27.0,"key":"Gremlin Horn"},{"floor":41.0,"key":"Frozen Egg 2"},{"floor":43.0,"key":"Ginger"},{"floor":45,"key":"Smiling Mask"}],"event_choices":[{"damage_healed":0.0,"max_hp_gain":0.0,"max_hp_loss":0.0,"gold_gain":175.0,"event_name":"Liars Game","player_choice":"AGREE","floor":3.0,"gold_loss":0.0,"damage_taken":0.0,"cards_obtained":["Doubt"]},{"damage_healed":0.0,"max_hp_gain":0.0,"max_hp_loss":0.0,"gold_gain":0.0,"event_name":"Dead Adventurer","player_choice":"Searched \u00271\u0027 times","floor":7.0,"gold_loss":0.0,"damage_taken":0.0},{"cards_removed":["Doubt"],"damage_healed":0.0,"max_hp_gain":0.0,"max_hp_loss":0.0,"gold_gain":0.0,"event_name":"Beggar","player_choice":"Gave Gold","floor":20.0,"gold_loss":75.0,"damage_taken":0.0},{"damage_healed":0.0,"max_hp_gain":0.0,"max_hp_loss":21.0,"gold_gain":0.0,"event_name":"Vampires","player_choice":"Became a vampire","floor":21.0,"gold_loss":0.0,"damage_taken":0.0,"cards_obtained":["Bite","Bite","Bite","Bite","Bite"]},{"damage_healed":0.0,"max_hp_gain":0.0,"max_hp_loss":0.0,"gold_gain":0.0,"event_name":"The Woman in Blue","player_choice":"Bought 0 Potions","floor":36.0,"gold_loss":0.0,"damage_taken":0.0}],"is_beta":false,"boss_relics":[{"not_picked":["Runic Pyramid","Black Star"],"picked":"Velvet Choker"},{"not_picked":["Busted Crown","Cursed Key"],"picked":"Eternal Feather"}],"items_purged_floors":[],"is_endless":false,"potions_floor_spawned":[5,8,10,13,16,22,28,31,35,39,41],"ascension_level":6}