{"gold_per_floor":[114,114,126,136,136,136,61,61,118,131,161,161,171,186,186,282,282,298,298,64,64,81,81,92,7,7,7,19,46,118,132,132,237,237,252,252,47,61,12,12,23,38,65,76,76,87,106,158,158,158],"floor_reached":51,"playtime":1844,"items_purged":["Strike_R"],"score":711,"play_id":"b7b46999-9f3a-40b7-b4d2-7c4357af8d78","local_time":"20190306193510","is_ascension_mode":false,"campfire_choices":[{"data":"Metallicize","floor":6,"key":"SMITH"},{"data":"Anger","floor":8,"key":"SMITH"},{"data":"Shrug It Off","floor":12,"key":"SMITH"},{"data":"Twin Strike","floor":15,"key":"SMITH"},{"data":"Spot Weakness","floor":23,"key":"SMITH"},{"floor":32,"key":"REST"},{"floor":40,"key":"REST"},{"floor":49,"key":"REST"}],"neow_cost":"NONE","seed_source_timestamp":782630304790124,"circlet_count":0,"master_deck":["Strike_R+1","Strike_R+1","Strike_R+1","Defend_R","Defend_R","Defend_R","Defend_R","Bash","Metallicize+1","Anger+1","Metallicize+1","Shrug It Off+1","Twin Strike+1","Juggernaut+1","Shrug It Off","Metallicize+1","Metallicize+1","Writhe","Spot Weakness+1","Anger+1","Juggernaut+1","Burning Pact+1","Iron Wave+1","Flex+1"],"relics":["Burning Blood","Regal Pillow","Tiny Chest","Frozen Egg 2","Busted Crown","Whetstone","Paper Frog","Orichalcum","Oddly Smooth Stone","Ginger","Toxic Egg 2","Fusion Hammer","Lee\u0027s Waffle","Lantern","Bronze Scales"],"potions_floor_usage":[16,27,33,44,44,50,50,50],"damage_taken":[{"damage":11,"enemies":"Jaw Worm","floor":1,"turns":5},{"damage":4,"enemies":"2 Louse","floor":3,"turns":3},{"damage":5,"enemies":"Small Slimes","floor":4,"turns":3},{"damage":2,"enemies":"2 Fungi Beasts","floor":10,"turns":4},{"damage":0,"enemies":"Large Slime","floor":13,"turns":6},{"damage":0,"enemies":"Red Slaver","floor":14,"turns":5},{"damage":22,"enemies":"Slime Boss","floor":16,"turns":14},{"damage":0,"enemies":"Chosen","floor":18,"turns":4},{"damage":9,"enemies":"3 Byrds","floor":22,"turns":5},{"damage":9,"enemies":"Shelled Parasite and Fungi","floor":24,"turns":5},{"damage":19,"enemies":"Colosseum Slavers","floor":27,"turns":5},{"damage":0,"enemies":"Sentry and Sphere","floor":28,"turns":4},{"damage":38,"enemies":"Gremlin Leader","floor":29,"turns":7},{"damage":11,"enemies":"Snake Plant","floor":31,"turns":3},{"damage":14,"enemies":"Automaton","floor":33,"turns":11},{"damage":21,"enemies":"3 Darklings","floor":35,"turns":4},{"damage":0,"enemies":"Orb Walker","floor":38,"turns":3},{"damage":0,"enemies":"Sphere and 2 Shapes","floor":41,"turns":5},{"damage":13,"enemies":"4 Shapes","floor":42,"turns":6},{"damage":14,"enemies":"Jaw Worm Horde","floor":44,"turns":5},{"damage":0,"enemies":"Transient","floor":46,"turns":5},{"damage":4,"enemies":"3 Darklings","floor":47,"turns":4},{"damage":37,"enemies":"Time Eater","floor":50,"turns":8}],"seed_played":"-1867793821225340398","potions_obtained":[{"floor":1,"key":"GamblersBrew"},{"floor":3,"key":"SpeedPotion"},{"floor":10,"key":"Energy Potion"},{"floor":13,"key":"Strength Potion"},{"floor":16,"key":"Regen Potion"},{"floor":28,"key":"FearPotion"},{"floor":31,"key":"AttackPotion"},{"floor":46,"key":"Dexterity Potion"},{"floor":47,"key":"Regen Potion"}],"is_trial":false,"path_per_floor":["M","?","M","M","?","R","$","R","T","M","?","R","M","M","R","B",null,"M","?","$","?","M","R","M","?","T","?","M","E","T","M","R","B",null,"M","?","$","M","$","R","M","M","T","M","?","M","M","T","R","B",null],"character_chosen":"IRONCLAD","items_purchased":["Whetstone","Metallicize+1","Lee\u0027s Waffle","PowerPotion"],"campfire_rested":3,"item_purchase_floors":[20,20,37,39],"current_hp_per_floor":[83,71,73,74,56,56,56,56,56,60,60,60,66,72,72,56,88,88,88,88,88,85,85,82,82,82,78,84,52,52,47,88,80,88,73,73,95,95,95,95,95,88,88,80,80,86,88,88,95,79],"gold":158,"neow_bonus":"TEN_PERCENT_HP_BONUS","is_prod":false,"is_daily":false,"chose_seed":false,"campfire_upgraded":5,"win_rate":0,"timestamp":1551900910,"path_taken":["M","?","M","M","?","R","$","R","T","M","?","R","M","M","R","BOSS","M","?","$","?","M","R","M","?","T","?","M","E","?","?","R","BOSS","M","?","$","?","$","R","M","M","T","M","?","?","M","?","R","BOSS"],"build_version":"2019-01-23","purchased_purges":1,"victory":true,"max_hp_per_floor":[88,88,88,88,88,88,88,88,88,88,88,88,88,88,88,88,88,88,88,88,88,88,88,88,88,88,88,88,88,88,88,88,88,88,88,88,95,95,95,95,95,95,95,95,95,95,95,95,95,95],"card_choices":[{"not_picked":["Shrug It Off","Rage"],"picked":"Metallicize","floor":1},{"not_picked":["Cleave","True Grit"],"picked":"Anger","floor":3},{"not_picked":["Sword Boomerang","Rampage"],"picked":"Metallicize","floor":4},{"not_picked":["Headbutt","Anger"],"picked":"Shrug It Off","floor":10},{"not_picked":["Fiend Fire","Cleave","Carnage"],"picked":"SKIP","floor":13},{"not_picked":["Shrug It Off","Havoc"],"picked":"Twin Strike","floor":14},{"not_picked":["Impervious","Dark Embrace+1"],"picked":"Juggernaut+1","floor":16},{"not_picked":[],"picked":"Shrug It Off","floor":18},{"not_picked":[],"picked":"Spot Weakness","floor":22},{"not_picked":["Fire Breathing+1"],"picked":"SKIP","floor":24},{"not_picked":["Heavy Blade"],"picked":"SKIP","floor":28},{"not_picked":[],"picked":"Anger+1","floor":29},{"not_picked":["Blood for Blood+1"],"picked":"SKIP","floor":31},{"not_picked":[],"picked":"Juggernaut+1","floor":33},{"not_picked":["Sword Boomerang+1"],"picked":"SKIP","floor":35},{"not_picked":["Corruption+1"],"picked":"SKIP","floor":38},{"not_picked":["Heavy Blade"],"picked":"SKIP","floor":41},{"not_picked":[],"picked":"Iron Wave+1","floor":42},{"not_picked":["Iron Wave"],"picked":"SKIP","floor":44},{"not_picked":[],"picked":"Flex+1","floor":46},{"not_picked":["Clash+1"],"picked":"SKIP","floor":47}],"player_experience":73079,"relics_obtained":[{"floor":9,"key":"Tiny Chest"},{"floor":26,"key":"Oddly Smooth Stone"},{"floor":29,"key":"Ginger"},{"floor":30,"key":"Toxic Egg 2"},{"floor":43,"key":"Lantern"},{"floor":48,"key":"Bronze Scales"}],"event_choices":[{"damage_healed":0,"gold_gain":0,"player_choice":"Success","damage_taken":12,"relics_obtained":["Regal Pillow"],"max_hp_gain":0,"max_hp_loss":0,"event_name":"Scrap Ooze","floor":2,"gold_loss":0},{"damage_healed":0,"gold_gain":0,"player_choice":"Entered Light","damage_taken":18,"max_hp_gain":0,"max_hp_loss":0,"event_name":"Shining Light","floor":5,"gold_loss":0,"cards_upgraded":["Strike_R","Metallicize"]},{"damage_healed":0,"gold_gain":30,"player_choice":"Searched \u00273\u0027 times","damage_taken":0,"relics_obtained":["Frozen Egg 2"],"max_hp_gain":0,"max_hp_loss":0,"event_name":"Dead Adventurer","floor":11,"gold_loss":0},{"damage_healed":0,"gold_gain":0,"player_choice":"Read","damage_taken":0,"max_hp_gain":0,"max_hp_loss":0,"event_name":"The Library","floor":19,"gold_loss":0,"cards_obtained":["Metallicize"]},{"damage_healed":0,"gold_gain":0,"player_choice":"Opened","damage_taken":0,"relics_obtained":["Paper Frog"],"max_hp_gain":0,"max_hp_loss":0,"event_name":"The Mausoleum","floor":21,"gold_loss":0,"cards_obtained":["Writhe"]},{"damage_healed":0,"gold_gain":0,"player_choice":"Obtained Relic","damage_taken":0,"relics_obtained":["Orichalcum"],"max_hp_gain":0,"max_hp_loss":0,"event_name":"Addict","floor":25,"gold_loss":85},{"damage_healed":0,"gold_gain":0,"player_choice":"Fight","damage_taken":0,"max_hp_gain":0,"max_hp_loss":0,"event_name":"Colosseum","floor":27,"gold_loss":0},{"damage_healed":0,"gold_gain":0,"player_choice":"Fled From Nobs","damage_taken":0,"max_hp_gain":0,"max_hp_loss":0,"event_name":"Colosseum","floor":27,"gold_loss":0},{"damage_healed":0,"gold_gain":0,"cards_transformed":["Strike_R"],"player_choice":"Transformed","damage_taken":0,"max_hp_gain":0,"max_hp_loss":0,"event_name":"Transmorgrifier","floor":36,"gold_loss":0,"cards_obtained":["Burning Pact"]},{"damage_healed":0,"gold_gain":0,"player_choice":"0 cards matched","damage_taken":0,"max_hp_gain":0,"max_hp_loss":0,"event_name":"Match and Keep!","floor":45,"gold_loss":0,"cards_obtained":[]}],"is_beta":false,"boss_relics":[{"not_picked":["White Beast Statue","Calling Bell"],"picked":"Busted Crown"},{"not_picked":["Coffee Dripper","Black Star"],"picked":"Fusion Hammer"}],"items_purged_floors":[7],"is_endless":false,"potions_floor_spawned":[1,3,10,13,16,24,28,31,41,42,46,47],"ascension_level":0}