{"gold_per_floor":[116,116,41,53,63,63,13,13,13,13,39,39],"floor_reached":12,"playtime":564,"items_purged":["Strike_B"],"score":91,"play_id":"4eab5d92-15d5-488e-a714-e9300d3a1758","local_time":"20190214205956","is_ascension_mode":true,"campfire_choices":[{"data":"Zap","floor":6,"key":"SMITH"},{"data":"Magnetism","floor":8,"key":"SMITH"}],"neow_cost":"PERCENT_DAMAGE","seed_source_timestamp":39215011415661,"circlet_count":0,"master_deck":["Strike_B","Defend_B","Defend_B","Defend_B","Defend_B","Zap+1","Dualcast","Sadistic Nature","Magnetism+1","Genetic Algorithm","Rip and Tear","Chill","Zap","Rainbow","Self Repair"],"relics":["Cracked Core","Blood Vial","Art of War"],"potions_floor_usage":[11],"damage_taken":[{"damage":5,"enemies":"Cultist","floor":1,"turns":5},{"damage":11,"enemies":"Jaw Worm","floor":4,"turns":3},{"damage":4,"enemies":"Small Slimes","floor":5,"turns":4},{"damage":18,"enemies":"Gremlin Nob","floor":11,"turns":3},{"damage":21,"enemies":"Gremlin Gang","floor":12,"turns":3}],"seed_played":"4333801651608801332","potions_obtained":[{"floor":4,"key":"SteroidPotion"},{"floor":5,"key":"Poison Potion"},{"floor":11,"key":"SteroidPotion"}],"is_trial":false,"path_per_floor":["M","?","$","M","M","R","?","R","T","?","E","M"],"character_chosen":"DEFECT","items_purchased":[],"campfire_rested":0,"item_purchase_floors":[],"current_hp_per_floor":[49,49,49,38,34,34,34,34,34,34,18,0],"gold":39,"neow_bonus":"RANDOM_COLORLESS_2","is_prod":false,"is_daily":false,"chose_seed":false,"campfire_upgraded":2,"win_rate":0,"timestamp":1550206796,"path_taken":["M","?","?","?","M","R","?","R","T","?","E","M"],"build_version":"2019-01-23","purchased_purges":1,"victory":false,"max_hp_per_floor":[75,75,75,75,75,75,75,75,75,75,75,75],"card_choices":[{"not_picked":["Conserve Battery","Beam Cell"],"picked":"Genetic Algorithm","floor":1},{"not_picked":["Cold Snap","Rebound"],"picked":"Rip and Tear","floor":4},{"not_picked":["Force Field","Turbo"],"picked":"Chill","floor":5},{"not_picked":["Compile Driver","Leap"],"picked":"Self Repair","floor":11}],"player_experience":270359,"relics_obtained":[{"floor":9,"key":"Blood Vial"},{"floor":11,"key":"Art of War"}],"event_choices":[{"cards_removed":["Strike_B"],"damage_healed":0,"gold_gain":0,"player_choice":"Offered Basic","damage_taken":0,"max_hp_gain":0,"max_hp_loss":0,"event_name":"Bonfire Elementals","floor":2,"gold_loss":0},{"cards_removed":["Strike_B"],"damage_healed":0,"gold_gain":0,"player_choice":"Card Removal","damage_taken":0,"max_hp_gain":0,"max_hp_loss":0,"event_name":"The Cleric","floor":7,"gold_loss":50},{"damage_healed":0,"gold_gain":0,"player_choice":"2 cards matched","damage_taken":0,"max_hp_gain":0,"max_hp_loss":0,"event_name":"Match and Keep!","floor":10,"gold_loss":0,"cards_obtained":["Zap","Rainbow"]}],"is_beta":false,"boss_relics":[],"items_purged_floors":[3],"is_endless":false,"potions_floor_spawned":[4,5,11],"killed_by":"Gremlin Gang","ascension_level":4}