{"gold_per_floor":[110,110,125,139,139,139,155,180,259,259,259,259,271,301,301,403,403,413,413,413,127,140,172,172,24,49,49,82,82,98,110,110,215,215,234,248,248,248,86,113,113,138,161,176,176,192,192,208,208,208],"floor_reached":51,"playtime":2499,"items_purged":["Strike_G+1"],"score":867,"play_id":"128e85ea-18c6-4cf8-8b15-c023203f4954","local_time":"20190317105818","is_ascension_mode":true,"campfire_choices":[{"data":"Corpse Explosion","floor":6,"key":"SMITH"},{"data":"Neutralize","floor":10,"key":"SMITH"},{"data":"Cloak And Dagger","floor":12,"key":"SMITH"},{"data":"Venomology","floor":15,"key":"SMITH"},{"data":"A Thousand Cuts","floor":24,"key":"SMITH"},{"data":"Crippling Poison","floor":27,"key":"SMITH"},{"data":"Leg Sweep","floor":29,"key":"SMITH"},{"data":"Footwork","floor":32,"key":"SMITH"},{"floor":41,"key":"REST"},{"floor":45,"key":"REST"},{"floor":47,"key":"REST"},{"floor":49,"key":"REST"}],"neow_cost":"NONE","seed_source_timestamp":665368683124022,"circlet_count":0,"master_deck":["Defend_G+1","Defend_G+1","Defend_G+1","Defend_G+1","Defend_G+1","Strike_G+1","Strike_G+1","Survivor","Neutralize+1","Flying Knee","Backflip","Skewer","Corpse Explosion+1","Escape Plan","Cloak And Dagger+1","Footwork+1","Venomology+1","Malaise","Leg Sweep+1","Crippling Poison+1","Blade Dance","A Thousand Cuts+1","Dodge and Roll+1","Envenom","Crippling Poison+1","Noxious Fumes","Expertise+1","Parasite"],"relics":["Ring of the Snake","Pocketwatch","Pear","Potion Belt","Happy Flower","WristBlade","Bottled Lightning","Lantern","Bag of Marbles","The Courier","HoveringKite","TwistedFunnel","Shovel","Letter Opener","Ancient Tea Set"],"potions_floor_usage":[16,18,22,28,28,30,31,33,33,36,40,40,42,44,48,50,50,50,50],"damage_taken":[{"damage":0,"enemies":"Cultist","floor":1,"turns":6},{"damage":0,"enemies":"Small Slimes","floor":3,"turns":4},{"damage":0,"enemies":"Jaw Worm","floor":4,"turns":4},{"damage":0,"enemies":"3 Louse","floor":7,"turns":1},{"damage":7,"enemies":"Lagavulin","floor":8,"turns":7},{"damage":0,"enemies":"Exordium Wildlife","floor":13,"turns":3},{"damage":1,"enemies":"3 Sentries","floor":14,"turns":3},{"damage":18,"enemies":"The Guardian","floor":16,"turns":9},{"damage":8,"enemies":"Chosen","floor":18,"turns":5},{"damage":1,"enemies":"3 Byrds","floor":22,"turns":3},{"damage":9,"enemies":"Gremlin Leader","floor":23,"turns":9},{"damage":5,"enemies":"Slavers","floor":28,"turns":3},{"damage":0,"enemies":"Snake Plant","floor":30,"turns":4},{"damage":2,"enemies":"Snecko","floor":31,"turns":4},{"damage":0,"enemies":"Collector","floor":33,"turns":9},{"damage":5,"enemies":"3 Shapes","floor":35,"turns":3},{"damage":3,"enemies":"Orb Walker","floor":36,"turns":4},{"damage":60,"enemies":"Giant Head","floor":40,"turns":9},{"damage":12,"enemies":"Nemesis","floor":42,"turns":7},{"damage":0,"enemies":"3 Darklings","floor":44,"turns":3},{"damage":0,"enemies":"Jaw Worm Horde","floor":46,"turns":2},{"damage":7,"enemies":"Writhing Mass","floor":48,"turns":5},{"damage":27,"enemies":"Donu and Deca","floor":50,"turns":7}],"seed_played":"2743298698286737358","potions_obtained":[{"floor":3,"key":"Dexterity Potion"},{"floor":8,"key":"Regen Potion"},{"floor":16,"key":"Swift Potion"},{"floor":28,"key":"SkillPotion"},{"floor":30,"key":"Ancient Potion"},{"floor":31,"key":"Weak Potion"},{"floor":40,"key":"Dexterity Potion"},{"floor":42,"key":"GhostInAJar"}],"is_trial":false,"path_per_floor":["M","$","M","M","?","R","M","E","T","R","?","R","M","E","R","B",null,"M","?","?","$","M","E","R","$","T","R","E","R","M","M","R","B",null,"M","M","?","?","$","E","R","E","T","M","R","M","R","M","R","B",null],"character_chosen":"THE_SILENT","items_purchased":["Bottled Lightning","Crippling Poison","GhostInAJar","TwistedFunnel"],"campfire_rested":4,"item_purchase_floors":[21,21,25,39],"current_hp_per_floor":[70,70,70,70,70,70,70,63,73,73,66,66,66,65,65,62,80,72,72,72,72,71,62,62,62,62,62,66,66,66,64,64,64,80,75,72,72,72,72,12,36,24,24,24,48,48,72,65,80,53],"gold":208,"neow_bonus":"REMOVE_CARD","is_prod":false,"is_daily":false,"chose_seed":false,"campfire_upgraded":8,"win_rate":0,"timestamp":1552820298,"path_taken":["M","?","M","M","?","R","?","E","T","R","?","R","M","E","R","BOSS","M","?","?","?","M","E","R","$","T","R","E","R","M","M","R","BOSS","M","M","?","?","$","E","R","E","T","M","R","M","R","M","R","BOSS"],"build_version":"2019-01-23","purchased_purges":1,"victory":true,"max_hp_per_floor":[70,70,70,70,70,70,70,70,80,80,80,80,80,80,80,80,80,80,80,80,80,80,80,80,80,80,80,80,80,80,80,80,80,80,80,80,80,80,80,80,80,80,80,80,80,80,80,80,80,80],"card_choices":[{"not_picked":["Underhanded Strike","Reflex"],"picked":"Flying Knee","floor":1},{"not_picked":["Dagger Spray","Dagger Throw"],"picked":"Backflip","floor":3},{"not_picked":["Sucker Punch","Dodge and Roll"],"picked":"Skewer","floor":4},{"not_picked":["Sucker Punch","Blade Dance"],"picked":"Escape Plan","floor":7},{"not_picked":["Flying Knee","Endless Agony"],"picked":"Cloak And Dagger","floor":8},{"not_picked":["Expertise","Riddle With Holes"],"picked":"Footwork","floor":13},{"not_picked":["Dagger Spray","Slice"],"picked":"Venomology","floor":14},{"not_picked":["Grand Finale","Die Die Die"],"picked":"Malaise","floor":16},{"not_picked":["Cloak And Dagger","Blade Dance"],"picked":"Leg Sweep","floor":18},{"not_picked":["Riddle With Holes","Poisoned Stab"],"picked":"Blade Dance","floor":22},{"not_picked":["Dagger Spray+1","Masterful Stab"],"picked":"A Thousand Cuts","floor":23},{"not_picked":["Outmaneuver","Dagger Spray+1","Underhanded Strike"],"picked":"SKIP","floor":28},{"not_picked":["Tactician","Dodge and Roll","Underhanded Strike"],"picked":"SKIP","floor":30},{"not_picked":["Deflect","Finisher+1"],"picked":"Dodge and Roll+1","floor":31},{"not_picked":["After Image","Burst"],"picked":"Envenom","floor":33},{"not_picked":["Dagger Throw","Poisoned Stab","Deflect"],"picked":"SKIP","floor":35},{"not_picked":["Blade Dance","PiercingWail"],"picked":"Crippling Poison+1","floor":36},{"not_picked":["Flying Knee","Blade Dance","Accuracy"],"picked":"SKIP","floor":40},{"not_picked":["Finisher","Underhanded Strike+1"],"picked":"Noxious Fumes","floor":42},{"not_picked":["Bane","Skewer+1","Terror"],"picked":"SKIP","floor":44},{"not_picked":["Doppelganger","All Out Attack"],"picked":"Expertise+1","floor":46},{"not_picked":["Dagger Throw+1","Outmaneuver+1","Dagger Spray+1"],"picked":"SKIP","floor":48}],"player_experience":123295,"relics_obtained":[{"floor":8,"key":"Pocketwatch"},{"floor":9,"key":"Pear"},{"floor":14,"key":"Happy Flower"},{"floor":23,"key":"Lantern"},{"floor":26,"key":"Bag of Marbles"},{"floor":28,"key":"The Courier"},{"floor":40,"key":"Shovel"},{"floor":42,"key":"Letter Opener"},{"floor":43,"key":"Ancient Tea Set"}],"event_choices":[{"damage_healed":0,"gold_gain":0,"cards_transformed":["Strike_G"],"player_choice":"Transformed","damage_taken":0,"max_hp_gain":0,"max_hp_loss":0,"event_name":"Transmorgrifier","floor":5,"gold_loss":0,"cards_obtained":["Corpse Explosion"]},{"damage_healed":0,"gold_gain":0,"player_choice":"Success","damage_taken":7,"relics_obtained":["Potion Belt"],"max_hp_gain":0,"max_hp_loss":0,"event_name":"Scrap Ooze","floor":11,"gold_loss":0},{"damage_healed":0,"gold_gain":0,"player_choice":"Ignored","damage_taken":0,"max_hp_gain":0,"max_hp_loss":0,"event_name":"Ghosts","floor":19,"gold_loss":0},{"damage_healed":0,"gold_gain":0,"player_choice":"Simplicity","damage_taken":0,"max_hp_gain":0,"max_hp_loss":0,"event_name":"Back to Basics","floor":20,"gold_loss":0,"cards_upgraded":["Defend_G","Defend_G","Defend_G","Defend_G","Defend_G","Strike_G","Strike_G","Strike_G"]},{"damage_healed":0,"gold_gain":0,"player_choice":"Ignored","damage_taken":0,"max_hp_gain":0,"max_hp_loss":0,"event_name":"Mysterious Sphere","floor":37,"gold_loss":0},{"damage_healed":0,"gold_gain":0,"player_choice":"Ignored","damage_taken":0,"max_hp_gain":0,"max_hp_loss":0,"event_name":"Tomb of Lord Red Mask","floor":38,"gold_loss":0}],"is_beta":false,"boss_relics":[{"not_picked":["Black Star","Tiny House"],"picked":"WristBlade"},{"not_picked":["Fusion Hammer","White Beast Statue"],"picked":"HoveringKite"}],"items_purged_floors":[25],"is_endless":false,"potions_floor_spawned":[3,8,16,28,30,31,40,42],"ascension_level":1}