{"gold_per_floor":[116,134,84,104,104,104,122,222,271,282,282,299,299,327,327,425,425,436,454,11,22,22,22,36,36,60,70,84,84,84,102,102,102],"floor_reached":33,"playtime":953,"items_purged":["Strike_B"],"score":251,"play_id":"ab2e7257-53b7-4ab4-a482-97644a3c588c","local_time":"20190313194507","is_ascension_mode":false,"campfire_choices":[{"data":"Darkness","floor":6,"key":"SMITH"},{"data":"Zap","floor":11,"key":"SMITH"},{"data":"Redo","floor":13,"key":"SMITH"},{"floor":15,"key":"REST"},{"data":"Dualcast","floor":23,"key":"SMITH"},{"data":"Darkness","floor":25,"key":"SMITH"},{"floor":30,"key":"REST"},{"floor":32,"key":"REST"}],"neow_cost":"NONE","seed_source_timestamp":352915258247899,"circlet_count":0,"master_deck":["Strike_B","Strike_B","Defend_B","Defend_B","Defend_B","Defend_B","Zap+1","Dualcast+1","Core Surge","Double Energy","Double Energy","Darkness+1","Redo+1","Darkness+1","Reboot","Static Discharge","Conserve Battery","Ball Lightning+1","Redo"],"relics":["Cracked Core","Anchor","Pen Nib","Busted Crown","Symbiotic Virus","Orichalcum"],"potions_floor_usage":[12,19,19,19],"damage_taken":[{"damage":2,"enemies":"2 Louse","floor":1,"turns":3},{"damage":1,"enemies":"Jaw Worm","floor":2,"turns":2},{"damage":0,"enemies":"Cultist","floor":4,"turns":3},{"damage":15,"enemies":"Looter","floor":7,"turns":3},{"damage":4,"enemies":"2 Fungi Beasts","floor":10,"turns":3},{"damage":0,"enemies":"Blue Slaver","floor":12,"turns":2},{"damage":26,"enemies":"3 Sentries","floor":14,"turns":6},{"damage":37,"enemies":"Hexaghost","floor":16,"turns":8},{"damage":12,"enemies":"Shell Parasite","floor":18,"turns":5},{"damage":0,"enemies":"3 Byrds","floor":19,"turns":4},{"damage":10,"enemies":"Centurion and Healer","floor":21,"turns":5},{"damage":6,"enemies":"Cultist and Chosen","floor":24,"turns":5},{"damage":21,"enemies":"Shelled Parasite and Fungi","floor":27,"turns":4},{"damage":21,"enemies":"Sentry and Sphere","floor":28,"turns":3},{"damage":13,"enemies":"Centurion and Healer","floor":31,"turns":5},{"damage":0,"enemies":"Collector","floor":33,"turns":2}],"seed_played":"-1129919933152722044","potions_obtained":[{"floor":4,"key":"Block Potion"},{"floor":7,"key":"Fire Potion"},{"floor":14,"key":"Poison Potion"},{"floor":16,"key":"SkillPotion"},{"floor":21,"key":"FocusPotion"},{"floor":24,"key":"Explosive Potion"}],"is_trial":false,"path_per_floor":["M","M","?","M","?","R","M","?","T","M","R","M","R","E","R","B",null,"M","M","$","M","?","R","M","R","T","M","M","$","R","M","R","B"],"character_chosen":"DEFECT","items_purchased":["Symbiotic Virus","Static Discharge","Conserve Battery"],"campfire_rested":3,"item_purchase_floors":[20,20,20],"current_hp_per_floor":[73,72,72,72,77,77,62,62,62,58,58,58,58,32,56,19,80,68,68,68,58,58,58,52,52,52,31,10,10,34,21,45,45],"gold":102,"neow_bonus":"ONE_RANDOM_RARE_CARD","is_prod":false,"is_daily":false,"chose_seed":false,"campfire_upgraded":5,"win_rate":0,"timestamp":1552506307,"path_taken":["M","M","?","M","?","R","M","?","T","M","R","M","R","E","R","BOSS","M","?","$","M","?","R","M","R","T","M","M","$","R","M","R","BOSS"],"build_version":"2019-01-23","purchased_purges":1,"victory":false,"max_hp_per_floor":[75,75,75,75,80,80,80,80,80,80,80,80,80,80,80,80,80,80,80,80,80,80,80,80,80,80,80,80,80,80,80,80,80],"card_choices":[{"not_picked":["Go for the Eyes","Coolheaded"],"picked":"Double Energy","floor":1},{"not_picked":["Hologram","Stack"],"picked":"Double Energy","floor":2},{"not_picked":["Barrage","Reboot"],"picked":"Darkness","floor":4},{"not_picked":["Beam Cell","Rebound","Compile Driver"],"picked":"SKIP","floor":7},{"not_picked":["Ball Lightning","Compile Driver"],"picked":"Redo","floor":10},{"not_picked":["Fusion","Beam Cell","Rebound"],"picked":"SKIP","floor":12},{"not_picked":["Go for the Eyes","Cold Snap"],"picked":"Darkness","floor":14},{"not_picked":["Buffer","All For One"],"picked":"Reboot","floor":16},{"not_picked":["Barrage"],"picked":"SKIP","floor":18},{"not_picked":["Hologram"],"picked":"SKIP","floor":19},{"not_picked":["Storm"],"picked":"SKIP","floor":21},{"not_picked":["Beam Cell"],"picked":"SKIP","floor":24},{"not_picked":[],"picked":"Ball Lightning+1","floor":27},{"not_picked":[],"picked":"Redo","floor":28},{"not_picked":["Turbo"],"picked":"SKIP","floor":31}],"player_experience":107347,"relics_obtained":[{"floor":9,"key":"Anchor"},{"floor":14,"key":"Pen Nib"},{"floor":26,"key":"Orichalcum"}],"event_choices":[{"cards_removed":["Strike_B"],"damage_healed":0,"gold_gain":0,"player_choice":"Card Removal","damage_taken":0,"max_hp_gain":0,"max_hp_loss":0,"event_name":"The Cleric","floor":3,"gold_loss":50},{"damage_healed":0,"gold_gain":0,"player_choice":"Donut","damage_taken":0,"max_hp_gain":5,"max_hp_loss":0,"event_name":"Big Fish","floor":5,"gold_loss":0},{"damage_healed":0,"gold_gain":100,"player_choice":"Pray","damage_taken":0,"max_hp_gain":0,"max_hp_loss":0,"event_name":"Golden Shrine","floor":8,"gold_loss":0},{"damage_healed":0,"gold_gain":0,"player_choice":"Ignored","damage_taken":0,"max_hp_gain":0,"max_hp_loss":0,"event_name":"Vampires","floor":22,"gold_loss":0}],"is_beta":false,"boss_relics":[{"not_picked":["Empty Cage","Black Star"],"picked":"Busted Crown"}],"items_purged_floors":[20],"is_endless":false,"potions_floor_spawned":[4,7,14,16,18,21,24],"killed_by":"Collector","ascension_level":0}