{"gold_per_floor":[115,17,17,32,47,82,92,92,92,105,105,34,65,81,81,184,184,200,200,210,41,41,72,91,91],"floor_reached":25,"playtime":2903,"items_purged":["Strike_R","Pain"],"score":258,"play_id":"3e0cac73-c1d3-49ff-a078-cd0ac64e319e","local_time":"20190319210342","is_ascension_mode":false,"campfire_choices":[{"data":"Barricade","floor":8,"key":"SMITH"},{"data":"Body Slam","floor":11,"key":"SMITH"},{"data":"Entrench","floor":15,"key":"SMITH"}],"neow_cost":"NONE","seed_source_timestamp":255668382069655,"circlet_count":0,"master_deck":["Strike_R","Strike_R","Strike_R","Strike_R","Defend_R","Defend_R","Defend_R","Bash","Body Slam+1","Shrug It Off","Metallicize","Barricade+1","Entrench+1","Shrug It Off","Armaments+1","Entrench+1","Headbutt","Ghostly Armor+1","Offering+1","Whirlwind","Metallicize","Seeing Red+1","Warcry+1","Entrench+1"],"relics":["Burning Blood","WarpedTongs","Regal Pillow","Toxic Egg 2","Champion Belt","Black Star","Juzu Bracelet","Du-Vu Doll"],"potions_floor_usage":[7,23,25],"damage_taken":[{"damage":8,"enemies":"Small Slimes","floor":1,"turns":3},{"damage":2,"enemies":"Cultist","floor":4,"turns":3},{"damage":5,"enemies":"Jaw Worm","floor":5,"turns":3},{"damage":22,"enemies":"Lagavulin","floor":6,"turns":10},{"damage":18,"enemies":"Gremlin Gang","floor":7,"turns":18},{"damage":5,"enemies":"Exordium Wildlife","floor":10,"turns":5},{"damage":52,"enemies":"Gremlin Nob","floor":13,"turns":7},{"damage":5,"enemies":"Looter","floor":14,"turns":4},{"damage":10,"enemies":"Hexaghost","floor":16,"turns":6},{"damage":6,"enemies":"3 Byrds","floor":18,"turns":9},{"damage":11,"enemies":"Chosen","floor":20,"turns":10},{"damage":11,"enemies":"Slavers","floor":23,"turns":13},{"damage":12,"enemies":"Snecko","floor":24,"turns":5},{"damage":55,"enemies":"Book of Stabbing","floor":25,"turns":9}],"seed_played":"-8684042055679813297","potions_obtained":[{"floor":1,"key":"Dexterity Potion"},{"floor":5,"key":"Strength Potion"},{"floor":6,"key":"Block Potion"},{"floor":14,"key":"AttackPotion"},{"floor":23,"key":"Ancient Potion"}],"is_trial":false,"path_per_floor":["M","$","?","M","M","E","M","R","T","M","R","$","E","M","R","B",null,"M","?","M","$","?","E","M","E"],"character_chosen":"IRONCLAD","items_purchased":["Shrug It Off","Entrench+1","Seeing Red+1"],"campfire_rested":0,"item_purchase_floors":[2,12,21],"current_hp_per_floor":[86,86,86,88,88,72,60,60,60,61,61,61,15,16,16,12,88,88,88,83,83,66,61,55,0],"gold":91,"neow_bonus":"TEN_PERCENT_HP_BONUS","is_prod":false,"is_daily":false,"chose_seed":false,"campfire_upgraded":3,"win_rate":0,"timestamp":1553040222,"path_taken":["M","$","?","M","M","E","?","R","T","M","R","?","E","M","R","BOSS","M","?","?","$","?","E","M","E"],"build_version":"2019-01-23","purchased_purges":2,"victory":false,"max_hp_per_floor":[88,88,88,88,88,88,88,88,88,88,88,88,88,88,88,88,88,88,88,88,88,93,93,93,93],"card_choices":[{"not_picked":["Hemokinesis","Burning Pact"],"picked":"Body Slam","floor":1},{"not_picked":["Fire Breathing","Anger"],"picked":"Metallicize","floor":4},{"not_picked":["Wild Strike","Clothesline"],"picked":"Barricade","floor":5},{"not_picked":["Twin Strike","Fire Breathing"],"picked":"Entrench","floor":6},{"not_picked":["Twin Strike","Perfected Strike"],"picked":"Shrug It Off","floor":7},{"not_picked":["Spot Weakness+1","True Grit+1"],"picked":"Armaments+1","floor":10},{"not_picked":["Thunderclap","Heavy Blade"],"picked":"Headbutt","floor":13},{"not_picked":["Sword Boomerang","Second Wind+1"],"picked":"Ghostly Armor+1","floor":14},{"not_picked":["Bludgeon","Fiend Fire"],"picked":"Offering+1","floor":16},{"not_picked":["Cleave","Armaments+1"],"picked":"Whirlwind","floor":18},{"not_picked":["Evolve+1","Twin Strike","Heavy Blade"],"picked":"SKIP","floor":20},{"not_picked":["True Grit+1","Sever Soul"],"picked":"Warcry+1","floor":23},{"not_picked":["Heavy Blade+1","Iron Wave"],"picked":"Entrench+1","floor":24}],"player_experience":52146,"relics_obtained":[{"floor":6,"key":"Regal Pillow"},{"floor":9,"key":"Toxic Egg 2"},{"floor":13,"key":"Champion Belt"},{"floor":23,"key":"Juzu Bracelet"},{"floor":23,"key":"Du-Vu Doll"}],"event_choices":[{"damage_healed":0,"gold_gain":0,"player_choice":"Rummage","damage_taken":0,"relics_obtained":["WarpedTongs"],"max_hp_gain":0,"max_hp_loss":0,"event_name":"Accursed Blacksmith","floor":3,"gold_loss":0,"cards_obtained":["Pain"]},{"damage_healed":0,"gold_gain":0,"cards_transformed":["Defend_R"],"player_choice":"Transformed","damage_taken":0,"max_hp_gain":0,"max_hp_loss":0,"event_name":"Transmorgrifier","floor":19,"gold_loss":0,"cards_obtained":["Metallicize"]},{"damage_healed":0,"gold_gain":0,"player_choice":"Shed Blood","damage_taken":22,"max_hp_gain":5,"max_hp_loss":0,"event_name":"Forgotten Altar","floor":22,"gold_loss":0}],"is_beta":false,"boss_relics":[{"not_picked":["Orrery","Tiny House"],"picked":"Black Star"}],"items_purged_floors":[2,21],"is_endless":false,"potions_floor_spawned":[1,5,6,14,18,20,23],"killed_by":"Book of Stabbing","ascension_level":0}