{"gold_per_floor":[110,128,143,162,337,337,372,372,397,415,435,435,451,461,461,461],"floor_reached":16,"playtime":686,"items_purged":[],"score":111,"play_id":"56a05caa-3426-409f-b119-4b6b50caa71f","local_time":"20180922144039","is_ascension_mode":true,"campfire_choices":[{"data":"Reinforced Body","floor":6,"key":"SMITH"},{"floor":8,"key":"REST"},{"data":"Zap","floor":12,"key":"SMITH"},{"floor":15,"key":"REST"}],"neow_cost":"NONE","seed_source_timestamp":794675632516198,"circlet_count":0,"master_deck":["Strike_B","Strike_B","Strike_B","Strike_B","Defend_B","Defend_B","Defend_B","Defend_B","Zap+1","Dualcast","Sweeping Beam","Reinforced Body+1","Go for the Eyes","Scrape","Doubt","Streamline","Rip and Tear","Rip and Tear","Gash","Sunder"],"relics":["Inserter","Potion Belt","Art of War"],"potions_floor_usage":[16],"damage_taken":[{"damage":9,"enemies":"2 Louse","floor":1,"turns":3},{"damage":3,"enemies":"Small Slimes","floor":2,"turns":2},{"damage":5,"enemies":"Cultist","floor":3,"turns":4},{"damage":8,"enemies":"Blue Slaver","floor":4,"turns":5},{"damage":30,"enemies":"Lagavulin","floor":7,"turns":8},{"damage":0,"enemies":"Exordium Wildlife","floor":10,"turns":4},{"damage":12,"enemies":"Looter","floor":11,"turns":3},{"damage":0,"enemies":"2 Fungi Beasts","floor":13,"turns":2},{"damage":7,"enemies":"Large Slime","floor":14,"turns":5},{"damage":47,"enemies":"Hexaghost","floor":16,"turns":9}],"seed_played":"2702474829448304984","potions_obtained":[{"floor":3,"key":"SteroidPotion"},{"floor":4,"key":"Swift Potion"},{"floor":7,"key":"SteroidPotion"}],"is_trial":false,"path_per_floor":["M","M","M","M","?","R","E","R","T","M","M","R","M","M","R"],"character_chosen":"DEFECT","items_purchased":[],"campfire_rested":2,"item_purchase_floors":[],"current_hp_per_floor":[66,63,58,50,50,50,20,42,42,42,30,30,30,23,45,0],"gold":461,"neow_bonus":"BOSS_RELIC","is_prod":false,"is_daily":false,"chose_seed":false,"campfire_upgraded":2,"win_rate":0,"timestamp":1537652439,"path_taken":["M","M","M","M","?","R","E","R","T","?","M","R","M","M","R","BOSS"],"build_version":"2018-09-20","purchased_purges":0,"victory":false,"max_hp_per_floor":[75,75,75,75,75,75,75,75,75,75,75,75,75,75,75,75],"card_choices":[{"not_picked":["Reinforced Body","Capacitor"],"picked":"Sweeping Beam","floor":1},{"not_picked":["Recycle","Redo"],"picked":"Reinforced Body","floor":2},{"not_picked":["Conserve Battery","Compile Driver"],"picked":"Go for the Eyes","floor":3},{"not_picked":["Turbo","Reinforced Body"],"picked":"Scrape","floor":4},{"not_picked":["Cold Snap","Creative AI"],"picked":"Streamline","floor":7},{"not_picked":["BootSequence","Lockon"],"picked":"Rip and Tear","floor":10},{"not_picked":["Hologram","Turbo"],"picked":"Rip and Tear","floor":11},{"not_picked":["Turbo","Compile Driver"],"picked":"Gash","floor":13},{"not_picked":["Undo","Steam"],"picked":"Sunder","floor":14}],"player_experience":133080,"relics_obtained":[{"floor":7,"key":"Potion Belt"},{"floor":9,"key":"Art of War"}],"event_choices":[{"event_name":"Liars Game","player_choice":"agreed","floor":5,"damage_taken":0}],"is_beta":false,"boss_relics":[],"items_purged_floors":[],"is_endless":false,"potions_floor_spawned":[3,4,7],"killed_by":"Hexaghost","ascension_level":1}