{"gold_per_floor":[359,43,54,73,92,92,118,130,167,179,205,230,255,267,279,386,398,420,448,476,501,513],"floor_reached":22,"playtime":1424,"items_purged":["Strike_G"],"score":192,"play_id":"58f8265a-4754-4afa-a6f3-c61d8d3fe17f","local_time":"20180728154353","is_ascension_mode":false,"campfire_choices":[{"data":"Neutralize","floor":6,"key":"SMITH"},{"floor":10,"key":"REST"},{"floor":15,"key":"REST"}],"neow_cost":"TEN_PERCENT_HP_LOSS","seed_source_timestamp":249212674524,"circlet_count":0,"master_deck":["Defend_G","Defend_G","Defend_G","Defend_G","Defend_G","Strike_G","Strike_G","Strike_G","Strike_G","Survivor","Neutralize+1","Dagger Spray","Backstab","Poisoned Stab","Noxious Fumes+1","Dash","Calculated Gamble","Finisher","Bullet Time","Bane","Distraction+1"],"relics":["Ring of the Snake","Singing Bowl","MawBank","Omamori","Ancient Tea Set","Busted Crown"],"potions_floor_usage":[16,16,20],"damage_taken":[{"damage":3,"enemies":"Cultist","floor":1,"turns":5},{"damage":0,"enemies":"2 Louse","floor":3,"turns":2},{"damage":2,"enemies":"Jaw Worm","floor":4,"turns":4},{"damage":2,"enemies":"Blue Slaver","floor":5,"turns":3},{"damage":25,"enemies":"3 Sentries","floor":7,"turns":6},{"damage":2,"enemies":"Exordium Thugs","floor":11,"turns":3},{"damage":8,"enemies":"Red Slaver","floor":12,"turns":3},{"damage":4,"enemies":"Looter","floor":13,"turns":3},{"damage":27,"enemies":"Hexaghost","floor":16,"turns":12},{"damage":5,"enemies":"3 Byrds","floor":18,"turns":4},{"damage":10,"enemies":"Spheric Guardian","floor":19,"turns":4},{"damage":18,"enemies":"Centurion and Healer","floor":20,"turns":5},{"damage":25,"enemies":"Snake Plant","floor":21,"turns":5},{"damage":11,"enemies":"3 Cultists","floor":22,"turns":3}],"seed_played":"-7371167192818755409","potions_obtained":[{"floor":3,"key":"Dexterity Potion"},{"floor":11,"key":"EssenceOfSteel"},{"floor":13,"key":"Block Potion"},{"floor":19,"key":"Swift Potion"},{"floor":21,"key":"SpeedPotion"}],"is_trial":false,"path_per_floor":["M","$","M","M","M","R","E","?","T","R","M","M","M","?","R","B",null,"M","M","M","M"],"character_chosen":"THE_SILENT","items_purchased":["Singing Bowl"],"campfire_rested":2,"item_purchase_floors":[2],"current_hp_per_floor":[60,60,60,58,56,56,31,19,19,37,35,29,25,25,44,17,65,60,52,36,11,0],"gold":513,"neow_bonus":"TWO_FIFTY_GOLD","is_prod":false,"is_daily":false,"chose_seed":false,"campfire_upgraded":1,"win_rate":0,"timestamp":1532817833,"path_taken":["M","$","M","?","M","R","E","?","T","R","M","M","M","?","R","BOSS","M","M","M","M","M"],"build_version":"2018-07-26","purchased_purges":1,"victory":false,"max_hp_per_floor":[63,63,63,63,63,63,63,63,63,63,63,65,65,65,65,65,65,65,67,69,69,69],"card_choices":[{"not_picked":["Flying Knee","Outmaneuver"],"picked":"Dagger Spray","floor":1},{"not_picked":["Blur","Dagger Throw"],"picked":"Backstab","floor":3},{"not_picked":["Expertise","Acrobatics"],"picked":"Poisoned Stab","floor":4},{"not_picked":["Prepared","Backflip"],"picked":"Noxious Fumes","floor":5},{"not_picked":["Underhanded Strike","Dodge and Roll"],"picked":"Dash","floor":7},{"not_picked":["Dash","Leg Sweep"],"picked":"Calculated Gamble","floor":11},{"not_picked":["Bouncing Flask","Underhanded Strike","Crippling Poison"],"picked":"Singing Bowl","floor":12},{"not_picked":["Deadly Poison","After Image"],"picked":"Finisher","floor":13},{"not_picked":["Doppelganger","Night Terror"],"picked":"Bullet Time","floor":16},{"not_picked":[],"picked":"Bane","floor":18},{"not_picked":["Finisher"],"picked":"Singing Bowl","floor":19},{"not_picked":["PiercingWail"],"picked":"Singing Bowl","floor":20},{"not_picked":[],"picked":"Distraction+1","floor":21}],"player_experience":92958,"relics_obtained":[{"floor":7,"key":"MawBank"},{"floor":9,"key":"Ancient Tea Set"}],"event_choices":[{"event_name":"Scrap Ooze","player_choice":"success","floor":8,"damage_taken":12},{"event_name":"Upgrade Shrine","player_choice":"Upgraded","floor":14,"damage_taken":0}],"is_beta":false,"boss_relics":[{"not_picked":["Runic Dome","Sozu"],"picked":"Busted Crown"}],"items_purged_floors":[2],"is_endless":false,"potions_floor_spawned":[3,11,13,19,21],"killed_by":"3 Cultists","ascension_level":0}