{"gold_per_floor":[115,115,128,14,30,30,61,80,149,324,52,52,87,101,101,201,201,174,134,154,4,23,23],"floor_reached":23,"playtime":1198,"items_purged":["Defend_B"],"score":261,"play_id":"71679bc1-8cb9-4aa2-bae3-60458dc2c355","local_time":"20190225211922","is_ascension_mode":true,"campfire_choices":[{"data":"Zap","floor":6.0,"key":"SMITH"},{"floor":12.0,"key":"REST"},{"floor":15.0,"key":"REST"}],"neow_cost":"NONE","seed_source_timestamp":874863696167921,"circlet_count":0,"master_deck":["Strike_B","Defend_B","Defend_B","Zap+1","Dualcast","Consume","Reinforced Body","Leap+1","Defragment","Static Discharge","Conserve Battery","Chill","Doubt","Storm","Storm","Conserve Battery+1","Thunder Strike","Loop","Force Field","Loop"],"special_seed":0,"relics":["Cracked Core","Ginger","Bottled Tornado","Question Card","PreservedInsect","Empty Cage","War Paint"],"potions_floor_usage":[],"damage_taken":[{"damage":2.0,"enemies":"Jaw Worm","floor":1.0,"turns":3.0},{"damage":3.0,"enemies":"2 Louse","floor":3.0,"turns":3.0},{"damage":0.0,"enemies":"Cultist","floor":5.0,"turns":3.0},{"damage":15.0,"enemies":"Lagavulin","floor":7.0,"turns":6.0},{"damage":27.0,"enemies":"Exordium Thugs","floor":8.0,"turns":4.0},{"damage":17.0,"enemies":"Gremlin Nob","floor":13.0,"turns":4.0},{"damage":13.0,"enemies":"Lots of Slimes","floor":14.0,"turns":3.0},{"damage":30.0,"enemies":"Hexaghost","floor":16.0,"turns":9.0},{"damage":25.0,"enemies":"2 Thieves","floor":18.0,"turns":5.0},{"damage":3.0,"enemies":"Chosen","floor":20.0,"turns":5.0},{"damage":25,"enemies":"Shelled Parasite and Fungi","floor":22,"turns":4},{"damage":6,"enemies":"Slavers","floor":23,"turns":1}],"seed_played":"-4309731684378755588","potions_obtained":[{"floor":1.0,"key":"FocusPotion"},{"floor":7.0,"key":"FocusPotion"},{"floor":13.0,"key":"AttackPotion"},{"floor":20.0,"key":"Fire Potion"}],"is_trial":false,"path_per_floor":["M","?","M","$","M","R","E","M","T","?","$","R","E","M","R","B",null,"M","$","M","$","M","E"],"character_chosen":"DEFECT","items_purchased":["Defragment","Question Card","Storm","Loop","War Paint"],"campfire_rested":2,"item_purchase_floors":[4,11,11,19,21],"current_hp_per_floor":[66,66,63,63,63,63,48,21,21,21,21,43,26,13,35,5,58,33,33,30,30,5,0],"gold":23,"neow_bonus":"REMOVE_CARD","is_prod":false,"is_daily":false,"chose_seed":false,"campfire_upgraded":1,"win_rate":0,"timestamp":1551158362,"path_taken":["M","?","M","$","M","R","E","M","T","?","?","R","E","M","R","BOSS","M","$","M","$","M","E"],"build_version":"2019-01-23","purchased_purges":1,"victory":false,"max_hp_per_floor":[75,75,75,75,75,75,75,75,75,75,75,75,75,75,75,75,75,75,75,75,75,75,75],"card_choices":[{"not_picked":["Gash","Sweeping Beam"],"picked":"Consume","floor":1.0},{"not_picked":["Capacitor","Cold Snap"],"picked":"Leap","floor":3.0},{"not_picked":["Steam","Chaos"],"picked":"Static Discharge","floor":5.0},{"not_picked":["Steam","Aggregate"],"picked":"Conserve Battery","floor":7.0},{"not_picked":["Machine Learning","Streamline"],"picked":"Chill","floor":8.0},{"not_picked":["Lockon","Ball Lightning","Force Field"],"picked":"Storm","floor":13.0},{"not_picked":["Turbo","Barrage","Fusion"],"picked":"Conserve Battery","floor":14.0},{"not_picked":["Core Surge","Machine Learning","Hyperbeam"],"picked":"Thunder Strike","floor":16.0},{"not_picked":["Hello World","Fusion","Gash","Barrage"],"picked":"SKIP","floor":18.0},{"not_picked":["Hello World","Cold Snap","Sweeping Beam"],"picked":"Force Field","floor":20.0},{"not_picked":["Sweeping Beam","Beam Cell","Redo"],"picked":"Loop","floor":22}],"player_experience":355235,"relics_obtained":[{"floor":7.0,"key":"Ginger"},{"floor":9.0,"key":"Bottled Tornado"},{"floor":13.0,"key":"PreservedInsect"}],"event_choices":[{"damage_healed":0.0,"max_hp_gain":0.0,"max_hp_loss":0.0,"gold_gain":0.0,"cards_transformed":["Strike_B"],"event_name":"Living Wall","player_choice":"Change","floor":2.0,"gold_loss":0.0,"damage_taken":0.0,"cards_obtained":["Reinforced Body"]},{"damage_healed":0.0,"max_hp_gain":0.0,"max_hp_loss":0.0,"gold_gain":175.0,"event_name":"Liars Game","player_choice":"AGREE","floor":10.0,"gold_loss":0.0,"damage_taken":0.0,"cards_obtained":["Doubt"]}],"is_beta":false,"boss_relics":[{"not_picked":["White Beast Statue","Calling Bell"],"picked":"Empty Cage"}],"items_purged_floors":[4],"is_endless":false,"potions_floor_spawned":[1,7,13,20],"killed_by":"Slavers","ascension_level":6}