{"gold_per_floor":[110,123,143,163,163,163,191,204,227,237,48,48],"floor_reached":12,"playtime":305,"items_purged":[],"score":82,"play_id":"5a78af93-d62b-477c-91f7-331f7159c5aa","local_time":"20190316190527","is_ascension_mode":false,"campfire_choices":[{"data":"Zap","floor":6,"key":"SMITH"}],"neow_cost":"NONE","seed_source_timestamp":610402616153710,"circlet_count":0,"master_deck":["Strike_B","Strike_B","Strike_B","Strike_B+1","Defend_B","Defend_B","Defend_B","Defend_B","Zap+1","Dualcast","Amplify","Defragment","Doom and Gloom+1","Conserve Battery","Genetic Algorithm","Machine Learning","Storm","Apotheosis"],"relics":["Cracked Core","Vajra","Gremlin Horn","Whetstone"],"potions_floor_usage":[],"damage_taken":[{"damage":0,"enemies":"Cultist","floor":1,"turns":3},{"damage":11,"enemies":"Jaw Worm","floor":2,"turns":3},{"damage":0,"enemies":"Small Slimes","floor":3,"turns":3},{"damage":7,"enemies":"Blue Slaver","floor":4,"turns":3},{"damage":29,"enemies":"Lagavulin","floor":7,"turns":8},{"damage":7,"enemies":"3 Louse","floor":8,"turns":2},{"damage":18,"enemies":"Lots of Slimes","floor":10,"turns":2},{"damage":0,"enemies":"Exordium Wildlife","floor":12,"turns":1}],"seed_played":"3078162124417620024","potions_obtained":[{"floor":2,"key":"Strength Potion"},{"floor":3,"key":"Swift Potion"},{"floor":7,"key":"FairyPotion"}],"is_trial":false,"path_per_floor":["M","M","M","M","T","R","E","M","T","M","$","M"],"character_chosen":"DEFECT","items_purchased":["Apotheosis"],"campfire_rested":0,"item_purchase_floors":[11],"current_hp_per_floor":[75,64,64,57,57,57,28,21,21,3,3,3],"gold":48,"neow_bonus":"ONE_RANDOM_RARE_CARD","is_prod":false,"is_daily":false,"chose_seed":false,"campfire_upgraded":1,"win_rate":0,"timestamp":1552763127,"path_taken":["M","M","M","M","?","R","E","M","T","M","$","M"],"build_version":"2019-01-23","purchased_purges":0,"victory":false,"max_hp_per_floor":[75,75,75,75,75,75,75,75,75,75,75,75],"card_choices":[{"not_picked":["Gash","Rebound"],"picked":"Defragment","floor":1},{"not_picked":["Reinforced Body","Hologram"],"picked":"Doom and Gloom","floor":2},{"not_picked":["Streamline","Barrage"],"picked":"Conserve Battery","floor":3},{"not_picked":["Self Repair","Go for the Eyes"],"picked":"Genetic Algorithm","floor":4},{"not_picked":["Steam","Streamline"],"picked":"Machine Learning","floor":7},{"not_picked":["Genetic Algorithm","Doom and Gloom","Stack"],"picked":"SKIP","floor":8},{"not_picked":["Go for the Eyes","Barrage"],"picked":"Storm","floor":10}],"player_experience":120908,"relics_obtained":[{"floor":5,"key":"Vajra"},{"floor":7,"key":"Gremlin Horn"},{"floor":9,"key":"Whetstone"}],"event_choices":[],"is_beta":false,"boss_relics":[],"items_purged_floors":[],"is_endless":false,"potions_floor_spawned":[2,3,7,10],"killed_by":"Exordium Wildlife","ascension_level":0}