{"gold_per_floor":[112,123,41,55,69,94,94,3,30,30,47,62,62,80,80,182,182,195,212,212,222,237,237],"floor_reached":23,"playtime":2438,"items_purged":[],"score":197,"play_id":"9065026f-0807-4d0c-8561-9066200b7ce8","local_time":"20190317202026","is_ascension_mode":false,"campfire_choices":[{"floor":10,"key":"REST"},{"data":"Pommel Strike","floor":15,"key":"SMITH"}],"neow_cost":"CURSE","seed_source_timestamp":80723539000635,"circlet_count":0,"master_deck":["Strike_R","Strike_R","Defend_R","Defend_R","Defend_R","Defend_R","Bash","Clumsy","Pommel Strike+1","Shrug It Off","Flex","Inflame","Rupture","Shrug It Off","Armaments","Infernal Blade","Twin Strike","Clash","Warcry","Clash","Ghostly Armor","Offering","Anger","Body Slam","Metallicize","Flame Barrier","Armaments","Fire Breathing","Inflame","Pommel Strike+1","Iron Wave+1"],"relics":["Burning Blood","Smiling Mask","Pen Nib","Bottled Flame","Nloth\u0027s Gift"],"potions_floor_usage":[6,16,16,19,21,22,23],"damage_taken":[{"damage":3,"enemies":"Jaw Worm","floor":1,"turns":5},{"damage":6,"enemies":"Cultist","floor":2,"turns":3},{"damage":0,"enemies":"Small Slimes","floor":4,"turns":3},{"damage":8,"enemies":"Exordium Wildlife","floor":5,"turns":8},{"damage":28,"enemies":"Lagavulin","floor":6,"turns":5},{"damage":9,"enemies":"2 Fungi Beasts","floor":11,"turns":3},{"damage":2,"enemies":"3 Louse","floor":12,"turns":2},{"damage":19,"enemies":"Exordium Thugs","floor":14,"turns":7},{"damage":41,"enemies":"Slime Boss","floor":16,"turns":20},{"damage":10,"enemies":"Spheric Guardian","floor":18,"turns":6},{"damage":20,"enemies":"3 Byrds","floor":19,"turns":4},{"damage":10,"enemies":"Snecko","floor":21,"turns":6},{"damage":41,"enemies":"Shelled Parasite and Fungi","floor":22,"turns":7},{"damage":33,"enemies":"Slavers","floor":23,"turns":2}],"seed_played":"1232368952919016439","potions_obtained":[{"floor":5,"key":"FearPotion"},{"floor":6,"key":"Block Potion"},{"floor":12,"key":"Dexterity Potion"},{"floor":14,"key":"AttackPotion"},{"floor":16,"key":"LiquidBronze"},{"floor":18,"key":"Block Potion"},{"floor":21,"key":"BloodPotion"}],"is_trial":false,"path_per_floor":["M","M","$","M","M","E","?","$","T","R","M","M","T","M","R","B",null,"M","M","?","M","M","E"],"character_chosen":"IRONCLAD","items_purchased":["Rupture","Shrug It Off","Clash","Warcry"],"campfire_rested":1,"item_purchase_floors":[3,3,8,8],"current_hp_per_floor":[80,80,80,80,78,56,49,49,49,73,70,74,74,61,61,26,80,76,62,62,58,31,0],"gold":237,"neow_bonus":"TRANSFORM_TWO_CARDS","is_prod":false,"is_daily":false,"chose_seed":false,"campfire_upgraded":1,"win_rate":0,"timestamp":1552864826,"path_taken":["M","M","$","M","M","E","?","$","T","R","M","M","?","M","R","BOSS","M","M","?","M","?","E"],"build_version":"2019-01-23","purchased_purges":0,"victory":false,"max_hp_per_floor":[80,80,80,80,80,80,80,80,80,80,80,80,80,80,80,80,80,80,80,80,80,80,80],"card_choices":[{"not_picked":["True Grit","Disarm"],"picked":"Flex","floor":1},{"not_picked":["Blood for Blood","Corruption"],"picked":"Inflame","floor":2},{"not_picked":["Twin Strike","Sword Boomerang"],"picked":"Armaments","floor":4},{"not_picked":["Rupture","Flame Barrier"],"picked":"Infernal Blade","floor":5},{"not_picked":["Pummel","Cleave"],"picked":"Twin Strike","floor":6},{"not_picked":["Fire Breathing","Twin Strike"],"picked":"Clash","floor":11},{"not_picked":["Wild Strike","Perfected Strike"],"picked":"Ghostly Armor","floor":12},{"not_picked":["Exhume","Havoc","Perfected Strike"],"picked":"SKIP","floor":14},{"not_picked":["Dark Embrace","Berserk"],"picked":"Offering","floor":16},{"not_picked":["Perfected Strike","Uppercut"],"picked":"Anger","floor":17},{"not_picked":["Intimidate","Clash"],"picked":"Body Slam","floor":17},{"not_picked":["Flex","Heavy Blade"],"picked":"Metallicize","floor":17},{"not_picked":["Body Slam","Reckless Charge"],"picked":"Flame Barrier","floor":17},{"not_picked":["Iron Wave","Clash"],"picked":"Armaments","floor":17},{"not_picked":["Dark Embrace","Clash"],"picked":"Fire Breathing","floor":18},{"not_picked":["Perfected Strike+1","Clothesline"],"picked":"Inflame","floor":19},{"not_picked":["Dual Wield+1","Twin Strike"],"picked":"Pommel Strike+1","floor":21},{"not_picked":["Entrench","Perfected Strike"],"picked":"Iron Wave+1","floor":22}],"player_experience":27032,"relics_obtained":[{"floor":6,"key":"Smiling Mask"},{"floor":9,"key":"Pen Nib"},{"floor":13,"key":"Bottled Flame"}],"event_choices":[{"cards_removed":["Strike_R"],"damage_healed":0,"gold_gain":0,"player_choice":"Card Removal","damage_taken":7,"max_hp_gain":0,"max_hp_loss":0,"event_name":"Golden Wing","floor":7,"gold_loss":0},{"damage_healed":0,"gold_gain":0,"player_choice":"Traded Relic","damage_taken":0,"relics_obtained":["Nloth\u0027s Gift"],"max_hp_gain":0,"max_hp_loss":0,"event_name":"N\u0027loth","floor":20,"relics_lost":["Orrery"],"gold_loss":0}],"is_beta":false,"boss_relics":[{"not_picked":["Tiny House","Black Star"],"picked":"Orrery"}],"items_purged_floors":[],"is_endless":false,"potions_floor_spawned":[5,6,12,14,16,18,21],"killed_by":"Slavers","ascension_level":0}