{"gold_per_floor":[114,114,39,53,53,83,83,93,93,108,138,155,155,166,166,264,264,274,285,301,321,350,350,385,385,385,405,456,466,466,476,476,571,571,591,602,877,892,43,73,73,89,171,182,196,37,259,269,269,269],"floor_reached":51,"playtime":4857,"items_purged":["Regret"],"score":848,"play_id":"a04827a9-dac7-4e4c-9de8-90bae03e35b7","local_time":"20190215175749","is_ascension_mode":true,"campfire_choices":[{"data":"Defragment","floor":7,"key":"SMITH"},{"floor":13,"key":"REST"},{"floor":15,"key":"REST"},{"floor":23,"key":"REST"},{"data":"Zap","floor":25,"key":"SMITH"},{"floor":30,"key":"REST"},{"floor":32,"key":"REST"},{"floor":41,"key":"REST"},{"floor":49,"key":"REST"}],"neow_cost":"CURSE","seed_source_timestamp":110387785815566,"circlet_count":0,"master_deck":["Strike_B","Strike_B","Strike_B","Defend_B","Defend_B","Defend_B","Zap+1","Dualcast","Core Surge","Defragment+1","Conserve Battery","Fusion","Lockon","FTL","Compile Driver","All For One","Beam Cell","Seek","Gash","Beam Cell","Ball Lightning+1","Cold Snap","Barrage","Ball Lightning+1","Doom and Gloom","Beam Cell+1","Self Repair+1","Buffer+1","White Noise+1","Redo+1","Regret","Sadistic Nature+1","Loop+1","Gash+1","Redo+1","Coolheaded+1","Go for the Eyes+1","Darkness+1","Coolheaded+1","Storm+1","Go for the Eyes+1"],"relics":["Cracked Core","Sundial","Symbiotic Virus","Blue Candle","Pear","Runic Pyramid","Red Mask","Mercury Hourglass","Frozen Egg 2","Anchor","Fusion Hammer","WingedGreaves","Turnip","Letter Opener","Toxic Egg 2"],"potions_floor_usage":[6,12,19,20,21,40,40,50,50],"damage_taken":[{"damage":2,"enemies":"Cultist","floor":1,"turns":3},{"damage":4,"enemies":"2 Louse","floor":4,"turns":2},{"damage":31,"enemies":"Gremlin Nob","floor":6,"turns":4},{"damage":7,"enemies":"Jaw Worm","floor":8,"turns":2},{"damage":6,"enemies":"Looter","floor":10,"turns":2},{"damage":23,"enemies":"Lagavulin","floor":11,"turns":6},{"damage":3,"enemies":"Lots of Slimes","floor":12,"turns":4},{"damage":18,"enemies":"Large Slime","floor":14,"turns":3},{"damage":30,"enemies":"Hexaghost","floor":16,"turns":8},{"damage":4,"enemies":"Spheric Guardian","floor":18,"turns":3},{"damage":11,"enemies":"3 Byrds","floor":19,"turns":3},{"damage":22,"enemies":"3 Cultists","floor":20,"turns":5},{"damage":12,"enemies":"Chosen and Byrds","floor":21,"turns":3},{"damage":8,"enemies":"Masked Bandits","floor":22,"turns":3},{"damage":27,"enemies":"Gremlin Leader","floor":24,"turns":6},{"damage":11,"enemies":"Snecko","floor":27,"turns":3},{"damage":6,"enemies":"Cultist and Chosen","floor":29,"turns":3},{"damage":5,"enemies":"3 Cultists","floor":31,"turns":3},{"damage":18,"enemies":"Champ","floor":33,"turns":7},{"damage":0,"enemies":"3 Shapes","floor":35,"turns":2},{"damage":0,"enemies":"3 Darklings","floor":36,"turns":4},{"damage":1,"enemies":"Jaw Worm Horde","floor":38,"turns":4},{"damage":55,"enemies":"Nemesis","floor":40,"turns":5},{"damage":24,"enemies":"Writhing Mass","floor":42,"turns":5},{"damage":1,"enemies":"3 Darklings","floor":44,"turns":5},{"damage":38,"enemies":"Jaw Worm Horde","floor":45,"turns":4},{"damage":1,"enemies":"Spire Growth","floor":48,"turns":4},{"damage":65,"enemies":"Awakened One","floor":50,"turns":9}],"seed_played":"-6090022111315904890","potions_obtained":[{"floor":1,"key":"AttackPotion"},{"floor":8,"key":"Fire Potion"},{"floor":11,"key":"GamblersBrew"},{"floor":12,"key":"Fire Potion"},{"floor":16,"key":"Explosive Potion"},{"floor":19,"key":"FairyPotion"},{"floor":20,"key":"AttackPotion"},{"floor":21,"key":"Swift Potion"},{"floor":40,"key":"EssenceOfSteel"},{"floor":44,"key":"LiquidBronze"}],"is_trial":false,"path_per_floor":["M","T","$","M","?","E","R","M","T","M","E","M","R","M","R","B",null,"M","M","M","M","?","R","E","R","T","M","T","M","R","M","R","B",null,"M","M","?","M","$","E","R","M","T","M","M","$","?","M","R","B",null],"character_chosen":"DEFECT","items_purchased":["WingedGreaves","Turnip","Sadistic Nature+1","Loop+1","Darkness+1","Coolheaded+1","Storm+1"],"campfire_rested":7,"item_purchase_floors":[39,39,39,39,46,46,46],"current_hp_per_floor":[73,73,73,69,75,44,44,37,37,31,18,15,40,22,47,17,85,81,70,48,36,28,53,26,26,26,15,15,9,34,29,54,46,85,85,85,85,85,85,40,65,51,51,60,32,32,32,41,66,11],"gold":269,"neow_bonus":"TRANSFORM_TWO_CARDS","is_prod":false,"is_daily":false,"chose_seed":false,"campfire_upgraded":2,"win_rate":0,"timestamp":1550282269,"path_taken":["M","?","?","?","?","E","R","M","T","M","E","M","R","M","R","BOSS","M","M","?","M","?","R","E","R","T","M","?","M","R","M","R","BOSS","M","M","?","M","$","E","R","?","T","?","M","$","?","M","R","BOSS"],"build_version":"2019-01-23","purchased_purges":1,"victory":true,"max_hp_per_floor":[75,75,75,75,75,75,75,75,75,75,85,85,85,85,85,85,85,85,85,85,85,85,85,85,85,85,85,85,85,85,85,85,85,85,85,85,85,85,85,85,85,85,85,85,85,85,85,85,85,85],"card_choices":[{"not_picked":["Storm","Beam Cell"],"picked":"Defragment","floor":1},{"not_picked":["Barrage","Leap"],"picked":"Conserve Battery","floor":4},{"not_picked":["Capacitor","Aggregate"],"picked":"Fusion","floor":6},{"not_picked":["Go for the Eyes","Skim"],"picked":"Lockon","floor":8},{"not_picked":["Redo","Gash"],"picked":"FTL","floor":10},{"not_picked":["Rip and Tear","Sweeping Beam"],"picked":"Compile Driver","floor":11},{"not_picked":["Go for the Eyes","Reprogram"],"picked":"All For One","floor":12},{"not_picked":["Streamline","Hologram"],"picked":"Beam Cell","floor":14},{"not_picked":["Hyperbeam","Fission"],"picked":"Seek","floor":16},{"not_picked":["Conserve Battery","Auto Shields"],"picked":"Gash","floor":18},{"not_picked":["Reinforced Body","Steam Power"],"picked":"Beam Cell","floor":19},{"not_picked":["Conserve Battery+1","Biased Cognition"],"picked":"Ball Lightning+1","floor":20},{"not_picked":["Leap","Compile Driver"],"picked":"Cold Snap","floor":21},{"not_picked":["Aggregate","Stack"],"picked":"Barrage","floor":22},{"not_picked":["Sweeping Beam","Melter"],"picked":"Ball Lightning+1","floor":24},{"not_picked":["Steam Power","Barrage"],"picked":"Doom and Gloom","floor":27},{"not_picked":["Rebound+1","Tempest+1"],"picked":"Beam Cell+1","floor":29},{"not_picked":["Heatsinks+1","Tempest"],"picked":"Self Repair+1","floor":31},{"not_picked":["Rainbow","Biased Cognition+1"],"picked":"Buffer+1","floor":33},{"not_picked":["Hologram+1","Fusion"],"picked":"White Noise+1","floor":35},{"not_picked":["Steam","Barrage"],"picked":"Redo+1","floor":36},{"not_picked":["Sunder","Hologram","Beam Cell"],"picked":"SKIP","floor":38},{"not_picked":["Aggregate+1","Sweeping Beam+1"],"picked":"Gash+1","floor":40},{"not_picked":["Leap","Storm+1"],"picked":"Redo+1","floor":42},{"not_picked":["Stack+1","Ball Lightning"],"picked":"Coolheaded+1","floor":44},{"not_picked":["Hologram+1","Doom and Gloom"],"picked":"Go for the Eyes+1","floor":45},{"not_picked":["Blizzard+1","Multi-Cast+1"],"picked":"Go for the Eyes+1","floor":48}],"player_experience":293433,"relics_obtained":[{"floor":2,"key":"Sundial"},{"floor":6,"key":"Symbiotic Virus"},{"floor":9,"key":"Blue Candle"},{"floor":11,"key":"Pear"},{"floor":22,"key":"Red Mask"},{"floor":24,"key":"Mercury Hourglass"},{"floor":26,"key":"Frozen Egg 2"},{"floor":28,"key":"Anchor"},{"floor":40,"key":"Letter Opener"},{"floor":43,"key":"Toxic Egg 2"}],"event_choices":[{"cards_removed":["Double Energy"],"damage_healed":6,"gold_gain":0,"player_choice":"Offered Uncommon","damage_taken":0,"max_hp_gain":0,"max_hp_loss":0,"event_name":"Bonfire Elementals","floor":5,"gold_loss":0},{"damage_healed":0,"gold_gain":0,"player_choice":"Fought Bandits","damage_taken":0,"max_hp_gain":0,"max_hp_loss":0,"event_name":"Masked Bandits","floor":22,"gold_loss":0},{"damage_healed":0,"gold_gain":275,"player_choice":"Desecrate","damage_taken":0,"max_hp_gain":0,"max_hp_loss":0,"event_name":"Golden Shrine","floor":37,"gold_loss":0,"cards_obtained":["Regret"]},{"damage_healed":0,"gold_gain":222,"player_choice":"Wore Mask","damage_taken":0,"max_hp_gain":0,"max_hp_loss":0,"event_name":"Tomb of Lord Red Mask","floor":47,"gold_loss":0}],"is_beta":false,"boss_relics":[{"not_picked":["Orrery","Pandora\u0027s Box"],"picked":"Runic Pyramid"},{"not_picked":["Black Star","Lizard Tail"],"picked":"Fusion Hammer"}],"items_purged_floors":[3],"is_endless":false,"potions_floor_spawned":[1,8,11,12,16,19,20,21,27,40,44],"ascension_level":4}