{"gold_per_floor":[111,111,111,186,109,137,149,163,163,163,173,173,198,215,215,320,320,335,348,56,56,56,56,68,95,95,112,124,136,136,151,151,256,256,268,368,144,156,210,210,18,18,67,67,86,100,116,135,135,135],"floor_reached":51,"playtime":6219,"items_purged":["Strike_G"],"score":845,"play_id":"058dc760-9a46-4737-a504-7fab13e1fc12","local_time":"20190223162218","is_ascension_mode":true,"campfire_choices":[{"floor":10,"key":"REST"},{"data":"Tools of the Trade","floor":12,"key":"SMITH"},{"floor":15,"key":"REST"},{"data":"Neutralize","floor":23,"key":"SMITH"},{"floor":30,"key":"REST"},{"floor":32,"key":"REST"},{"data":"Eviscerate","floor":40,"key":"SMITH"},{"data":"Deadly Poison","floor":42,"key":"SMITH"},{"floor":49,"key":"REST"}],"neow_cost":"NONE","seed_source_timestamp":679202209997904,"circlet_count":0,"master_deck":["Defend_G","Defend_G","Defend_G","Defend_G","Strike_G","Strike_G","Survivor","Neutralize+1","Flying Knee+1","Acrobatics+1","Poisoned Stab+1","Deflect","Tools of the Trade+1","Unload","Deflect","Caltrops","Deadly Poison+1","Flying Knee","Leg Sweep","Glass Knife","Well Laid Plans","Dodge and Roll+1","Calculated Gamble","Deflect","Leg Sweep","Underhanded Strike","Quick Slash","Tools of the Trade","Deadly Poison+1","Eviscerate+1","Underhanded Strike","Heel Hook","Noxious Fumes+1","Cloak And Dagger","Pain","Backflip","Dodge and Roll+1"],"relics":["Astrolabe","Oddly Smooth Stone","Mercury Hourglass","Bottled Tornado","Ninja Scroll","Busted Crown","StoneCalendar","Dodecahedron","Pen Nib","Eternal Feather","Ice Cream","Torii","Snake Skull","Smiling Mask","WarpedTongs"],"potions_floor_usage":[24,25,28,28,29,33,33,33,33,35,38,39,39,50,50,50],"damage_taken":[{"damage":0,"enemies":"Cultist","floor":1,"turns":3},{"damage":32,"enemies":"Gremlin Nob","floor":6,"turns":5},{"damage":0,"enemies":"Small Slimes","floor":7,"turns":2},{"damage":3,"enemies":"Jaw Worm","floor":8,"turns":3},{"damage":14,"enemies":"Lots of Slimes","floor":11,"turns":2},{"damage":4,"enemies":"Lagavulin","floor":13,"turns":6},{"damage":0,"enemies":"2 Fungi Beasts","floor":14,"turns":3},{"damage":6,"enemies":"Slime Boss","floor":16,"turns":9},{"damage":0,"enemies":"Chosen","floor":18,"turns":4},{"damage":1,"enemies":"Shell Parasite","floor":19,"turns":4},{"damage":7,"enemies":"Cultist and Chosen","floor":24,"turns":5},{"damage":20,"enemies":"Gremlin Leader","floor":25,"turns":7},{"damage":6,"enemies":"Snecko","floor":27,"turns":5},{"damage":0,"enemies":"3 Cultists","floor":28,"turns":4},{"damage":0,"enemies":"Shelled Parasite and Fungi","floor":29,"turns":4},{"damage":0,"enemies":"Snecko","floor":31,"turns":4},{"damage":1,"enemies":"Automaton","floor":33,"turns":10},{"damage":6,"enemies":"3 Shapes","floor":35,"turns":7},{"damage":0,"enemies":"Mind Bloom Boss Battle","floor":36,"turns":7},{"damage":12,"enemies":"3 Darklings","floor":38,"turns":5},{"damage":8,"enemies":"2 Orb Walkers","floor":39,"turns":5},{"damage":24,"enemies":"Spire Growth","floor":45,"turns":5},{"damage":9,"enemies":"Transient","floor":46,"turns":5},{"damage":1,"enemies":"3 Darklings","floor":47,"turns":5},{"damage":1,"enemies":"Sphere and 2 Shapes","floor":48,"turns":6},{"damage":49,"enemies":"Time Eater","floor":50,"turns":9}],"seed_played":"-3625810647946706839","potions_obtained":[{"floor":8,"key":"GamblersBrew"},{"floor":13,"key":"SteroidPotion"},{"floor":14,"key":"FearPotion"},{"floor":24,"key":"Fire Potion"},{"floor":27,"key":"AttackPotion"},{"floor":28,"key":"Ancient Potion"},{"floor":29,"key":"EntropicBrew"},{"floor":31,"key":"SkillPotion"},{"floor":38,"key":"Swift Potion"},{"floor":46,"key":"AttackPotion"},{"floor":47,"key":"SkillPotion"},{"floor":48,"key":"FearPotion"}],"is_trial":false,"path_per_floor":["M","$","T","?","$","E","M","M","T","R","M","R","E","M","R","B",null,"M","M","$","?","?","R","M","E","T","M","M","M","R","M","R","B",null,"M","?","$","M","?","R","$","R","T","?","M","M","M","M","R","B",null],"character_chosen":"THE_SILENT","items_purchased":["Tools of the Trade","StoneCalendar","Underhanded Strike","Strength Potion","Heel Hook","Snake Skull","Cloak And Dagger"],"campfire_rested":5,"item_purchase_floors":[5,20,37,37,37,41,41],"current_hp_per_floor":[63,63,63,52,52,20,20,17,17,38,24,24,20,20,41,35,61,61,60,60,47,47,47,40,20,20,14,14,14,36,36,58,57,71,65,65,65,53,45,63,63,75,75,75,51,42,41,40,75,26],"gold":135,"neow_bonus":"BOSS_RELIC","is_prod":false,"is_daily":false,"chose_seed":false,"campfire_upgraded":4,"win_rate":0,"timestamp":1550967738,"path_taken":["M","$","?","?","?","E","M","M","T","R","M","R","E","M","R","BOSS","M","M","?","?","?","R","M","E","T","M","M","M","R","?","R","BOSS","M","?","$","M","?","R","?","R","T","?","M","M","M","?","R","BOSS"],"build_version":"2019-01-23","purchased_purges":1,"victory":true,"max_hp_per_floor":[70,70,70,70,70,70,70,70,70,70,70,70,70,70,70,70,70,70,70,70,75,75,75,75,75,75,75,75,75,75,75,75,75,75,75,75,75,75,75,75,75,75,75,75,75,75,75,75,75,75],"card_choices":[{"not_picked":["Outmaneuver","Deadly Poison"],"picked":"Deflect","floor":1},{"not_picked":["Sucker Punch","Slice"],"picked":"Unload","floor":6},{"not_picked":["Bane","Calculated Gamble"],"picked":"Deflect","floor":7},{"not_picked":["Acrobatics","Backflip"],"picked":"Caltrops","floor":8},{"not_picked":["Blade Dance","Well Laid Plans"],"picked":"Deadly Poison","floor":11},{"not_picked":["Flechettes","Skewer"],"picked":"Flying Knee","floor":13},{"not_picked":["Calculated Gamble","Concentrate"],"picked":"Leg Sweep","floor":14},{"not_picked":["Envenom","Burst"],"picked":"Glass Knife","floor":16},{"not_picked":[],"picked":"Well Laid Plans","floor":18},{"not_picked":["Setup"],"picked":"SKIP","floor":19},{"not_picked":[],"picked":"Dodge and Roll+1","floor":24},{"not_picked":[],"picked":"Calculated Gamble","floor":25},{"not_picked":[],"picked":"Deflect","floor":27},{"not_picked":[],"picked":"Leg Sweep","floor":28},{"not_picked":[],"picked":"Underhanded Strike","floor":29},{"not_picked":[],"picked":"Quick Slash","floor":31},{"not_picked":[],"picked":"Tools of the Trade","floor":33},{"not_picked":[],"picked":"Deadly Poison+1","floor":35},{"not_picked":[],"picked":"Eviscerate","floor":36},{"not_picked":[],"picked":"Noxious Fumes+1","floor":38},{"not_picked":["Outmaneuver"],"picked":"SKIP","floor":45},{"not_picked":[],"picked":"Backflip","floor":46},{"not_picked":[],"picked":"Dodge and Roll+1","floor":47},{"not_picked":["Slice"],"picked":"SKIP","floor":48}],"player_experience":324379,"relics_obtained":[{"floor":3,"key":"Oddly Smooth Stone"},{"floor":6,"key":"Mercury Hourglass"},{"floor":9,"key":"Bottled Tornado"},{"floor":13,"key":"Ninja Scroll"},{"floor":25,"key":"Dodecahedron"},{"floor":26,"key":"Pen Nib"},{"floor":36,"key":"Ice Cream"},{"floor":39,"key":"Torii"},{"floor":43,"key":"Smiling Mask"}],"event_choices":[{"damage_healed":0,"gold_gain":75,"player_choice":"Gather Gold","damage_taken":11,"max_hp_gain":0,"max_hp_loss":0,"event_name":"World of Goop","floor":4,"gold_loss":0},{"damage_healed":0,"gold_gain":0,"player_choice":"Shed Blood","damage_taken":18,"max_hp_gain":5,"max_hp_loss":0,"event_name":"Forgotten Altar","floor":21,"gold_loss":0},{"damage_healed":0,"gold_gain":0,"player_choice":"Bought 0 Potions","damage_taken":0,"max_hp_gain":0,"max_hp_loss":0,"event_name":"The Woman in Blue","floor":22,"gold_loss":0},{"damage_healed":0,"gold_gain":0,"player_choice":"Fight","damage_taken":0,"max_hp_gain":0,"max_hp_loss":0,"event_name":"MindBloom","floor":36,"gold_loss":0},{"damage_healed":0,"gold_gain":0,"player_choice":"Fight","damage_taken":0,"max_hp_gain":0,"max_hp_loss":0,"event_name":"Mysterious Sphere","floor":39,"gold_loss":0},{"damage_healed":0,"gold_gain":0,"player_choice":"Rummage","damage_taken":0,"relics_obtained":["WarpedTongs"],"max_hp_gain":0,"max_hp_loss":0,"event_name":"Accursed Blacksmith","floor":44,"gold_loss":0,"cards_obtained":["Pain"]}],"is_beta":false,"boss_relics":[{"not_picked":["Runic Pyramid","Philosopher\u0027s Stone"],"picked":"Busted Crown"},{"not_picked":["Calling Bell","Tiny House"],"picked":"Eternal Feather"}],"items_purged_floors":[37],"is_endless":false,"potions_floor_spawned":[8,13,14,24,27,28,29,31,38,46,47,48],"ascension_level":6}