{"gold_per_floor":[110,35,45,45,62,97,58,58,58,89,100,100,275,285,285,285],"floor_reached":16,"playtime":649,"items_purged":["Pain"],"score":171,"play_id":"159d1275-fa72-4881-9097-e6de8c410932","local_time":"20190318024459","is_ascension_mode":true,"campfire_choices":[{"floor":8,"key":"REST"},{"data":"Entrench","floor":12,"key":"SMITH"},{"data":"Barricade","floor":15,"key":"SMITH"}],"neow_cost":"CURSE","seed_source_timestamp":342395003569225,"circlet_count":0,"master_deck":["AscendersBane","Strike_R","Strike_R","Strike_R","Strike_R","Strike_R","Defend_R","Defend_R","Defend_R","Defend_R","Bash","Impervious","Infernal Blade","Pommel Strike","Armaments","Entrench+1","Uppercut","Barricade+1","Disarm","Doubt","Iron Wave"],"relics":["Burning Blood","Magic Flower","Incense Burner","Ginger","Singing Bowl"],"potions_floor_usage":[10,14],"damage_taken":[{"damage":15,"enemies":"Cultist","floor":1,"turns":5},{"damage":7,"enemies":"2 Louse","floor":3,"turns":4},{"damage":7,"enemies":"Small Slimes","floor":5,"turns":3},{"damage":58,"enemies":"3 Sentries","floor":6,"turns":12},{"damage":28,"enemies":"Gremlin Nob","floor":10,"turns":4},{"damage":6,"enemies":"Exordium Wildlife","floor":11,"turns":6},{"damage":2,"enemies":"2 Fungi Beasts","floor":14,"turns":4},{"damage":37,"enemies":"Slime Boss","floor":16,"turns":15}],"seed_played":"-1102299243343181057","potions_obtained":[{"floor":1,"key":"FearPotion"},{"floor":6,"key":"Strength Potion"},{"floor":10,"key":"PowerPotion"}],"is_trial":false,"path_per_floor":["M","$","M","?","M","E","$","R","T","E","M","R","?","M","R","B"],"character_chosen":"IRONCLAD","items_purchased":["Uppercut"],"campfire_rested":1,"item_purchase_floors":[7],"current_hp_per_floor":[63,63,62,62,64,15,15,39,39,20,23,23,23,30,30,0],"gold":285,"neow_bonus":"THREE_RARE_CARDS","is_prod":false,"is_daily":false,"chose_seed":false,"campfire_upgraded":2,"win_rate":0,"timestamp":1552844699,"path_taken":["M","?","M","?","?","E","?","R","T","E","M","R","?","M","R","BOSS"],"build_version":"2019-01-23","purchased_purges":1,"victory":false,"max_hp_per_floor":[80,80,80,80,80,80,80,80,80,80,80,80,80,80,80,80],"card_choices":[{"not_picked":["Feed","Reaper"],"picked":"Impervious","floor":0},{"not_picked":["Searing Blow","Pommel Strike"],"picked":"Infernal Blade","floor":1},{"not_picked":["Anger","Warcry"],"picked":"Pommel Strike","floor":3},{"not_picked":["Perfected Strike","Anger"],"picked":"Armaments","floor":5},{"not_picked":["Sword Boomerang","Warcry"],"picked":"Entrench","floor":6},{"not_picked":["Uppercut","Feel No Pain"],"picked":"Barricade","floor":10},{"not_picked":["Clash","Combust"],"picked":"Disarm","floor":11},{"not_picked":["Armaments","Clash"],"picked":"Iron Wave","floor":14}],"player_experience":551882,"relics_obtained":[{"floor":6,"key":"Incense Burner"},{"floor":9,"key":"Ginger"},{"floor":10,"key":"Singing Bowl"}],"event_choices":[{"damage_healed":0,"gold_gain":0,"player_choice":"Gave Potion","damage_taken":0,"relics_obtained":["Magic Flower"],"max_hp_gain":0,"max_hp_loss":0,"event_name":"WeMeetAgain","floor":4,"gold_loss":0},{"damage_healed":0,"gold_gain":175,"player_choice":"AGREE","damage_taken":0,"max_hp_gain":0,"max_hp_loss":0,"event_name":"Liars Game","floor":13,"gold_loss":0,"cards_obtained":["Doubt"]}],"is_beta":false,"boss_relics":[],"items_purged_floors":[2],"is_endless":false,"potions_floor_spawned":[1,6,10],"killed_by":"Slime Boss","ascension_level":11}