{"gold_per_floor":[119,135,149,165,19,19,31,45,45,45,57,72,72,72,72,173,173,187,187,74,0,100,100],"floor_reached":23,"playtime":621,"items_purged":["Strike_B"],"score":183,"play_id":"2cc895b1-a55c-43dd-95ab-601983a4cf57","local_time":"20190313195543","is_ascension_mode":false,"campfire_choices":[{"data":"Storm","floor":6,"key":"SMITH"},{"floor":15,"key":"REST"}],"neow_cost":"NONE","seed_source_timestamp":353884464490841,"circlet_count":0,"master_deck":["Strike_B","Strike_B","Defend_B","Defend_B","Defend_B","Defend_B","Zap+1","Dualcast","Conserve Battery","BootSequence","Loop+1","Storm+1","Genetic Algorithm","Undo","Seek","Glacier","Static Discharge"],"relics":["Cracked Core","PreservedInsect","Symbiotic Virus","Blood Vial","Velvet Choker"],"potions_floor_usage":[11,16,16],"damage_taken":[{"damage":1,"enemies":"Jaw Worm","floor":1,"turns":3},{"damage":0,"enemies":"Small Slimes","floor":2,"turns":3},{"damage":0,"enemies":"2 Louse","floor":3,"turns":2},{"damage":6,"enemies":"2 Fungi Beasts","floor":4,"turns":4},{"damage":6,"enemies":"Large Slime","floor":7,"turns":4},{"damage":17,"enemies":"Exordium Thugs","floor":8,"turns":5},{"damage":3,"enemies":"3 Louse","floor":11,"turns":4},{"damage":0,"enemies":"Exordium Wildlife","floor":12,"turns":4},{"damage":8,"enemies":"Hexaghost","floor":16,"turns":6},{"damage":9,"enemies":"3 Byrds","floor":18,"turns":5},{"damage":29,"enemies":"Slavers","floor":23,"turns":5}],"seed_played":"5755995204599903061","potions_obtained":[{"floor":1,"key":"LiquidBronze"},{"floor":3,"key":"Weak Potion"},{"floor":7,"key":"Block Potion"},{"floor":16,"key":"Strength Potion"}],"is_trial":false,"path_per_floor":["M","M","M","M","$","R","M","M","T","?","M","M","?","T","R","B",null,"M","?","$","?","?","E"],"character_chosen":"DEFECT","items_purchased":["PreservedInsect","Static Discharge"],"campfire_rested":1,"item_purchase_floors":[5,20],"current_hp_per_floor":[74,74,74,68,68,68,62,45,45,38,35,35,35,35,57,51,75,66,66,66,66,66,39],"gold":100,"neow_bonus":"UPGRADE_CARD","is_prod":false,"is_daily":false,"chose_seed":false,"campfire_upgraded":1,"win_rate":0,"timestamp":1552506943,"path_taken":["M","M","M","M","$","R","M","M","T","?","M","M","?","?","R","BOSS","M","?","$","?","?","E"],"build_version":"2019-01-23","purchased_purges":1,"victory":false,"max_hp_per_floor":[75,75,75,75,75,75,75,75,75,75,75,75,75,75,75,75,75,75,75,75,75,75,75],"card_choices":[{"not_picked":["Recycle","Go for the Eyes"],"picked":"Conserve Battery","floor":1},{"not_picked":["Go for the Eyes","Rebound"],"picked":"BootSequence","floor":2},{"not_picked":["Barrage","Ball Lightning"],"picked":"Loop","floor":3},{"not_picked":["Stack","Biased Cognition"],"picked":"Storm","floor":4},{"not_picked":["Compile Driver","Hello World","Redo"],"picked":"SKIP","floor":7},{"not_picked":["Redo","Beam Cell"],"picked":"Genetic Algorithm","floor":8},{"not_picked":["Blizzard","Reprogram","Compile Driver"],"picked":"SKIP","floor":11},{"not_picked":["Stack","Double Energy"],"picked":"Undo","floor":12},{"not_picked":["Multi-Cast","Rainbow"],"picked":"Seek","floor":16},{"not_picked":["Heatsinks","Redo+1"],"picked":"Glacier","floor":18}],"player_experience":108300,"relics_obtained":[{"floor":9,"key":"Symbiotic Virus"},{"floor":14,"key":"Blood Vial"}],"event_choices":[{"cards_removed":["Strike_B"],"damage_healed":0,"gold_gain":0,"player_choice":"Card Removal","damage_taken":7,"max_hp_gain":0,"max_hp_loss":0,"event_name":"Golden Wing","floor":10,"gold_loss":0},{"damage_healed":0,"gold_gain":0,"player_choice":"Grow","damage_taken":0,"max_hp_gain":0,"max_hp_loss":0,"event_name":"Living Wall","floor":13,"gold_loss":0,"cards_upgraded":["Loop"]},{"damage_healed":0,"gold_gain":0,"player_choice":"Ignored","damage_taken":0,"max_hp_gain":0,"max_hp_loss":0,"event_name":"Ghosts","floor":19,"gold_loss":0},{"damage_healed":0,"gold_gain":0,"player_choice":"Paid Fearfully","damage_taken":0,"max_hp_gain":0,"max_hp_loss":0,"event_name":"Masked Bandits","floor":21,"gold_loss":74},{"damage_healed":0,"gold_gain":100,"player_choice":"Pray","damage_taken":0,"max_hp_gain":0,"max_hp_loss":0,"event_name":"Golden Shrine","floor":22,"gold_loss":0}],"is_beta":false,"boss_relics":[{"not_picked":["Inserter","Calling Bell"],"picked":"Velvet Choker"}],"items_purged_floors":[20],"is_endless":false,"potions_floor_spawned":[1,3,7,16],"killed_by":"Slavers","ascension_level":0}