{"gold_per_floor":[116,133,147,97,115,149,149,182,182,182,207,207,226,10,10,114,114,132,151,151,162,162,162,180,180,206,3,3,19,54,71,71,170,170,180,180,200,3,103,43,43,63,63,63,76,94,31,63,63,63,63,63,2,29,29],"floor_reached":55,"playtime":2732,"items_purged":["Strike_R"],"score":737,"play_id":"51619b16-afd8-4454-a524-4a9b6e63d9bf","local_time":"20190316190008","is_ascension_mode":false,"campfire_choices":[{"floor":10,"key":"REST"},{"floor":15,"key":"REST"},{"floor":23,"key":"RECALL"},{"data":"Bludgeon","floor":25,"key":"SMITH"},{"data":"Iron Wave","floor":32,"key":"SMITH"},{"data":"Strike_R","floor":41,"key":"PURGE"},{"data":"Strike_R","floor":44,"key":"PURGE"},{"data":"Strike_R","floor":49,"key":"PURGE"},{"data":"Flex","floor":52,"key":"PURGE"}],"neow_cost":"NONE","seed_source_timestamp":607650860798036,"circlet_count":0,"master_deck":["Defend_R+1","Defend_R+1","Defend_R","Defend_R+1","Bash","Shrug It Off+1","Uppercut+1","Thunderclap+1","Bludgeon+1","Flex","Iron Wave+1","Shrug It Off+1","Dropkick","Entrench+1","Offering+1","Flex+1","Infernal Blade+1","Armaments+1","Blood for Blood","Warcry+1","Apotheosis+1","Spot Weakness+1","Iron Wave+1","Dual Wield+1","Uppercut+1"],"relics":["Burning Blood","Pen Nib","War Paint","Bag of Preparation","Toxic Egg 2","The Courier","Whetstone","Busted Crown","Oddly Smooth Stone","Toolbox","Meat on the Bone","Pantograph","Fusion Hammer","Lee\u0027s Waffle","Peace Pipe","Mummified Hand","Red Skull"],"potions_floor_usage":[16,30,33,50,50,55,55],"damage_taken":[{"damage":2,"enemies":"2 Louse","floor":1,"turns":3},{"damage":1,"enemies":"Small Slimes","floor":2,"turns":4},{"damage":3,"enemies":"Jaw Worm","floor":3,"turns":3},{"damage":8,"enemies":"Blue Slaver","floor":5,"turns":5},{"damage":32,"enemies":"Lagavulin","floor":6,"turns":7},{"damage":7,"enemies":"Gremlin Nob","floor":8,"turns":4},{"damage":25,"enemies":"3 Sentries","floor":11,"turns":5},{"damage":0,"enemies":"Exordium Wildlife","floor":13,"turns":2},{"damage":41,"enemies":"Hexaghost","floor":16,"turns":10},{"damage":9,"enemies":"2 Thieves","floor":18,"turns":4},{"damage":8,"enemies":"Spheric Guardian","floor":19,"turns":3},{"damage":10,"enemies":"Snake Plant","floor":21,"turns":2},{"damage":10,"enemies":"Centurion and Healer","floor":24,"turns":4},{"damage":6,"enemies":"3 Cultists","floor":29,"turns":3},{"damage":26,"enemies":"Slavers","floor":30,"turns":3},{"damage":6,"enemies":"Snecko","floor":31,"turns":5},{"damage":51,"enemies":"Champ","floor":33,"turns":11},{"damage":7,"enemies":"Orb Walker","floor":35,"turns":2},{"damage":11,"enemies":"3 Darklings","floor":37,"turns":3},{"damage":6,"enemies":"Mind Bloom Boss Battle","floor":39,"turns":3},{"damage":6,"enemies":"Transient","floor":42,"turns":5},{"damage":11,"enemies":"Maw","floor":45,"turns":6},{"damage":6,"enemies":"Spire Growth","floor":46,"turns":2},{"damage":15,"enemies":"Giant Head","floor":48,"turns":6},{"damage":69,"enemies":"Awakened One","floor":50,"turns":11},{"damage":35,"enemies":"Shield and Spear","floor":54,"turns":4},{"damage":75,"enemies":"The Heart","floor":55,"turns":5}],"seed_played":"5148358607077328142","potions_obtained":[{"floor":2,"key":"SpeedPotion"},{"floor":5,"key":"Poison Potion"},{"floor":13,"key":"AttackPotion"},{"floor":16,"key":"SpeedPotion"},{"floor":21,"key":"Regen Potion"},{"floor":29,"key":"Energy Potion"},{"floor":37,"key":"Weak Potion"},{"floor":48,"key":"AttackPotion"}],"is_trial":false,"path_per_floor":["M","M","M","?","M","E","?","E","T","R","E","?","M","$","R","B",null,"M","M","?","M","?","R","M","R","T","$","T","M","E","M","R","B",null,"M","?","M","$","?","$","R","M","T","R","M","M","$","E","R","B",null,"R","$","E","B"],"character_chosen":"IRONCLAD","items_purchased":["Dropkick","Entrench+1","Whetstone","Toolbox","Armaments+1","Spot Weakness+1","Lee\u0027s Waffle","GamblersBrew","Regen Potion"],"campfire_rested":2,"item_purchase_floors":[14,14,14,27,27,38,38,47,53],"current_hp_per_floor":[88,88,88,88,86,60,42,41,41,67,48,36,42,42,68,33,88,85,83,83,79,62,62,58,58,58,58,58,58,59,59,59,51,93,92,92,87,100,100,100,100,100,100,100,95,95,95,86,86,49,100,100,100,71,35],"gold":29,"neow_bonus":"TEN_PERCENT_HP_BONUS","is_prod":false,"is_daily":false,"chose_seed":false,"campfire_upgraded":2,"win_rate":0,"timestamp":1552762808,"path_taken":["M","M","M","?","M","E","?","E","T","R","E","?","M","$","R","BOSS","M","M","?","M","?","R","M","R","T","?","?","M","E","M","R","BOSS","M","?","M","$","?","?","R","M","T","R","M","?","$","E","R","BOSS","R","$","E","BOSS"],"build_version":"2019-01-23","purchased_purges":1,"victory":false,"max_hp_per_floor":[88,88,88,88,88,88,88,88,88,88,88,88,88,88,88,88,88,88,88,88,88,93,93,93,93,93,93,93,93,93,93,93,93,93,93,93,93,100,100,100,100,100,100,100,100,100,100,100,100,100,100,100,100,100,100],"card_choices":[{"not_picked":["Clash","Sever Soul"],"picked":"Shrug It Off","floor":1},{"not_picked":["Twin Strike","Shockwave"],"picked":"Uppercut","floor":2},{"not_picked":["Uppercut","Body Slam"],"picked":"Thunderclap","floor":3},{"not_picked":["Twin Strike","Thunderclap"],"picked":"Flex","floor":5},{"not_picked":["Heavy Blade","Intimidate"],"picked":"Bludgeon","floor":6},{"not_picked":["Iron Wave","Combust"],"picked":"Flex","floor":8},{"not_picked":["Uppercut","Pummel"],"picked":"Iron Wave","floor":11},{"not_picked":["Heavy Blade","Twin Strike"],"picked":"Shrug It Off+1","floor":13},{"not_picked":["Brutality","Fiend Fire"],"picked":"Offering+1","floor":16},{"not_picked":["Pommel Strike"],"picked":"SKIP","floor":18},{"not_picked":[],"picked":"Flex+1","floor":19},{"not_picked":[],"picked":"Infernal Blade+1","floor":21},{"not_picked":["Heavy Blade"],"picked":"SKIP","floor":24},{"not_picked":[],"picked":"Blood for Blood","floor":29},{"not_picked":[],"picked":"Warcry+1","floor":30},{"not_picked":["Sword Boomerang+1"],"picked":"SKIP","floor":31},{"not_picked":["Blood for Blood+1"],"picked":"SKIP","floor":35},{"not_picked":[],"picked":"Apotheosis+1","floor":36},{"not_picked":["Uppercut+1"],"picked":"SKIP","floor":37},{"not_picked":[],"picked":"Iron Wave+1","floor":42},{"not_picked":["Sentinel+1"],"picked":"SKIP","floor":45},{"not_picked":[],"picked":"Dual Wield+1","floor":46},{"not_picked":["Whirlwind"],"picked":"SKIP","floor":48},{"not_picked":[],"picked":"Uppercut+1","floor":54}],"player_experience":118176,"relics_obtained":[{"floor":6,"key":"Pen Nib"},{"floor":8,"key":"War Paint"},{"floor":9,"key":"Bag of Preparation"},{"floor":11,"key":"Toxic Egg 2"},{"floor":26,"key":"Oddly Smooth Stone"},{"floor":28,"key":"Meat on the Bone"},{"floor":30,"key":"Pantograph"},{"floor":39,"key":"Peace Pipe"},{"floor":48,"key":"Mummified Hand"},{"floor":54,"key":"Red Skull"}],"event_choices":[{"cards_removed":["Strike_R"],"damage_healed":0,"gold_gain":0,"player_choice":"Card Removal","damage_taken":0,"max_hp_gain":0,"max_hp_loss":0,"event_name":"The Cleric","floor":4,"gold_loss":50},{"damage_healed":0,"gold_gain":0,"player_choice":"Entered Light","damage_taken":18,"max_hp_gain":0,"max_hp_loss":0,"event_name":"Shining Light","floor":7,"gold_loss":0,"cards_upgraded":["Defend_R","Shrug It Off"]},{"damage_healed":0,"gold_gain":0,"player_choice":"Success","damage_taken":12,"relics_obtained":["The Courier"],"max_hp_gain":0,"max_hp_loss":0,"event_name":"Scrap Ooze","floor":12,"gold_loss":0},{"damage_healed":0,"gold_gain":0,"player_choice":"Ignored","damage_taken":0,"max_hp_gain":0,"max_hp_loss":0,"event_name":"Ghosts","floor":20,"gold_loss":0},{"damage_healed":0,"gold_gain":0,"player_choice":"Shed Blood","damage_taken":22,"max_hp_gain":5,"max_hp_loss":0,"event_name":"Forgotten Altar","floor":22,"gold_loss":0},{"damage_healed":0,"gold_gain":0,"player_choice":"Memory 1","damage_taken":0,"max_hp_gain":0,"max_hp_loss":0,"event_name":"SensoryStone","floor":36,"gold_loss":0},{"damage_healed":0,"gold_gain":0,"player_choice":"Fight","damage_taken":0,"max_hp_gain":0,"max_hp_loss":0,"event_name":"MindBloom","floor":39,"gold_loss":0}],"is_beta":false,"boss_relics":[{"not_picked":["Runic Cube","White Beast Statue"],"picked":"Busted Crown"},{"not_picked":["Calling Bell","Philosopher\u0027s Stone"],"picked":"Fusion Hammer"}],"items_purged_floors":[40],"is_endless":false,"potions_floor_spawned":[2,5,13,16,21,24,29,37,48],"killed_by":"The Heart","ascension_level":0}