{"gold_per_floor":[111,186,186,78,89,89,103,130,154,154,172,172,188,188,188,286,286,302,289,305,305],"floor_reached":21,"playtime":1089,"items_purged":["Strike_B"],"score":235,"play_id":"eafd0c6c-16f9-429e-a881-892e1354983c","local_time":"20190302124447","is_ascension_mode":true,"campfire_choices":[{"floor":6,"key":"REST"},{"data":"Zap","floor":10,"key":"SMITH"},{"floor":12,"key":"REST"},{"data":"Good Instincts","floor":15,"key":"SMITH"}],"neow_cost":"PERCENT_DAMAGE","seed_source_timestamp":132377770517,"circlet_count":0,"master_deck":["Strike_B","Defend_B","Defend_B","Defend_B","Defend_B","Zap+1","Dualcast","White Noise","White Noise","Loop","Sweeping Beam","Gash","BootSequence","Genetic Algorithm","Rainbow","Good Instincts+1","Echo Form","Gash+1","Gash","Defragment"],"relics":["Cracked Core","Regal Pillow","Vajra","Sozu"],"potions_floor_usage":[8],"damage_taken":[{"damage":0,"enemies":"Small Slimes","floor":1,"turns":4},{"damage":5,"enemies":"2 Louse","floor":5,"turns":4},{"damage":0,"enemies":"Cultist","floor":7,"turns":3},{"damage":20,"enemies":"3 Sentries","floor":8,"turns":4},{"damage":25,"enemies":"Gremlin Gang","floor":11,"turns":3},{"damage":2,"enemies":"Looter","floor":13,"turns":3},{"damage":14,"enemies":"Hexaghost","floor":16,"turns":9},{"damage":0,"enemies":"Chosen","floor":18,"turns":6},{"damage":26,"enemies":"2 Thieves","floor":19,"turns":4},{"damage":36,"enemies":"Snake Plant","floor":20,"turns":5},{"damage":23,"enemies":"Shelled Parasite and Fungi","floor":21,"turns":3}],"seed_played":"9113865462479155155","potions_obtained":[{"floor":3,"key":"LiquidBronze"},{"floor":3,"key":"FairyPotion"},{"floor":3,"key":"SpeedPotion"}],"is_trial":false,"path_per_floor":["M","?","?","$","M","R","M","E","T","R","M","R","M","?","R","B",null,"M","M","M","M"],"character_chosen":"DEFECT","items_purchased":["White Noise"],"campfire_rested":2,"item_purchase_floors":[4],"current_hp_per_floor":[50,39,39,39,34,56,56,36,36,36,11,48,46,46,46,32,64,64,38,2,0],"gold":305,"neow_bonus":"REMOVE_TWO","is_prod":false,"is_daily":false,"chose_seed":false,"campfire_upgraded":2,"win_rate":0,"timestamp":1551559487,"path_taken":["M","?","?","$","?","R","M","E","T","R","M","R","?","?","R","BOSS","M","M","?","M"],"build_version":"2019-01-23","purchased_purges":1,"victory":false,"max_hp_per_floor":[75,75,75,75,75,75,75,75,75,75,75,75,75,75,75,75,75,75,75,75,75],"card_choices":[{"not_picked":["Compile Driver","Capacitor"],"picked":"White Noise","floor":1},{"not_picked":["Go for the Eyes","Double Energy"],"picked":"Loop","floor":5},{"not_picked":["Hologram","Streamline"],"picked":"Sweeping Beam","floor":7},{"not_picked":["Steam Power","Redo"],"picked":"Gash","floor":8},{"not_picked":["Barrage","Compile Driver"],"picked":"BootSequence","floor":11},{"not_picked":["Fusion","Capacitor"],"picked":"Genetic Algorithm","floor":13},{"not_picked":["Creative AI","Seek"],"picked":"Echo Form","floor":16},{"not_picked":["Steam","Redo+1"],"picked":"Gash+1","floor":18},{"not_picked":["Barrage","Capacitor"],"picked":"Gash","floor":19},{"not_picked":["Ball Lightning","Beam Cell"],"picked":"Defragment","floor":20}],"player_experience":375490,"relics_obtained":[{"floor":8,"key":"Regal Pillow"},{"floor":9,"key":"Vajra"}],"event_choices":[{"damage_healed":0,"gold_gain":75,"player_choice":"Gather Gold","damage_taken":11,"max_hp_gain":0,"max_hp_loss":0,"event_name":"World of Goop","floor":2,"gold_loss":0},{"damage_healed":0,"gold_gain":0,"player_choice":"Got Potions","damage_taken":0,"max_hp_gain":0,"max_hp_loss":0,"event_name":"Lab","floor":3,"gold_loss":0},{"damage_healed":0,"gold_gain":0,"player_choice":"2 cards matched","damage_taken":0,"max_hp_gain":0,"max_hp_loss":0,"event_name":"Match and Keep!","floor":14,"gold_loss":0,"cards_obtained":["Rainbow","Good Instincts"]}],"is_beta":false,"boss_relics":[{"not_picked":["Empty Cage","Fusion Hammer"],"picked":"Sozu"}],"items_purged_floors":[4],"is_endless":false,"potions_floor_spawned":[5,7,20],"killed_by":"Shelled Parasite and Fungi","ascension_level":6}