{"gold_per_floor":[117,117,130,91,101,136,136,136,136,151,163,179,197,213,213,312,312,328,268,287,20,20,20],"floor_reached":23,"playtime":1320,"items_purged":["Acrobatics"],"score":254,"play_id":"48f16360-1ff4-4497-8527-e69fbecd1a36","local_time":"20190221181644","is_ascension_mode":true,"campfire_choices":[{"floor":7,"key":"REST"},{"data":"Infinite Blades","floor":15,"key":"SMITH"}],"neow_cost":"NONE","seed_source_timestamp":518152026514979,"circlet_count":0,"master_deck":["Defend_G","Defend_G","Defend_G","Defend_G","Strike_G","Strike_G","Survivor","Neutralize","Leg Sweep","Accuracy","All Out Attack","Endless Agony","Dagger Throw","Accuracy","Sucker Punch+1","Slice+1","Infinite Blades+1","Footwork","Setup","Storm of Steel","All Out Attack+1","Blur","Riddle With Holes+1","Dagger Throw+1","Infinite Blades","Poisoned Stab+1","Underhanded Strike+1"],"relics":["Ring of the Snake","NeowsBlessing","Bottled Tornado","Pen Nib","Molten Egg 2","Sozu","Membership Card"],"potions_floor_usage":[6,13,16,23,23],"damage_taken":[{"damage":0,"enemies":"2 Louse","floor":1,"turns":1},{"damage":0,"enemies":"Cultist","floor":3,"turns":1},{"damage":0,"enemies":"Small Slimes","floor":5,"turns":1},{"damage":29,"enemies":"Lagavulin","floor":6,"turns":10},{"damage":1,"enemies":"2 Fungi Beasts","floor":10,"turns":3},{"damage":4,"enemies":"3 Louse","floor":11,"turns":4},{"damage":0,"enemies":"Red Slaver","floor":12,"turns":3},{"damage":0,"enemies":"Lots of Slimes","floor":13,"turns":3},{"damage":5,"enemies":"Looter","floor":14,"turns":3},{"damage":9,"enemies":"The Guardian","floor":16,"turns":14},{"damage":10,"enemies":"Spheric Guardian","floor":18,"turns":4},{"damage":18,"enemies":"Shell Parasite","floor":20,"turns":4},{"damage":34,"enemies":"Slavers","floor":23,"turns":2}],"seed_played":"5130232438093105661","potions_obtained":[{"floor":1,"key":"EssenceOfSteel"},{"floor":5,"key":"SkillPotion"},{"floor":6,"key":"Poison Potion"},{"floor":10,"key":"Energy Potion"},{"floor":16,"key":"Fire Potion"}],"is_trial":false,"path_per_floor":["M","?","M","$","M","E","R","T","T","M","M","M","M","M","R","B",null,"M","?","M","$","?","E"],"character_chosen":"THE_SILENT","items_purchased":["Endless Agony","Membership Card","Infinite Blades"],"campfire_rested":1,"item_purchase_floors":[4,21,21],"current_hp_per_floor":[63,63,63,63,63,34,55,55,55,54,50,50,50,45,45,36,62,52,52,34,34,34,0],"gold":20,"neow_bonus":"THREE_ENEMY_KILL","is_prod":false,"is_daily":false,"chose_seed":false,"campfire_upgraded":1,"win_rate":0,"timestamp":1550801804,"path_taken":["M","?","?","$","M","E","R","?","T","M","M","M","M","?","R","BOSS","M","?","?","$","?","E"],"build_version":"2019-01-23","purchased_purges":1,"victory":false,"max_hp_per_floor":[70,70,70,70,70,70,70,70,70,70,70,70,70,70,70,70,70,70,70,70,70,70,70],"card_choices":[{"not_picked":["Finisher","Bane"],"picked":"Leg Sweep","floor":1},{"not_picked":["Deflect","PiercingWail"],"picked":"All Out Attack","floor":3},{"not_picked":["Quick Slash","Slice"],"picked":"Dagger Throw","floor":5},{"not_picked":["Crippling Poison","Backflip"],"picked":"Accuracy","floor":6},{"not_picked":["Prepared","Bane+1"],"picked":"Sucker Punch+1","floor":10},{"not_picked":["Deflect","Bane+1"],"picked":"Slice+1","floor":11},{"not_picked":["Flying Knee+1","Slice+1"],"picked":"Infinite Blades","floor":12},{"not_picked":["Deflect","Acrobatics"],"picked":"Footwork","floor":13},{"not_picked":["Dash+1","Predator+1"],"picked":"Setup","floor":14},{"not_picked":["Glass Knife+1","Grand Finale+1"],"picked":"Storm of Steel","floor":16},{"not_picked":["Distraction","Dodge and Roll"],"picked":"All Out Attack+1","floor":18},{"not_picked":["Distraction","Underhanded Strike+1"],"picked":"Dagger Throw+1","floor":20}],"player_experience":311553,"relics_obtained":[{"floor":6,"key":"Bottled Tornado"},{"floor":8,"key":"Pen Nib"},{"floor":9,"key":"Molten Egg 2"}],"event_choices":[{"damage_healed":0,"gold_gain":0,"player_choice":"2 cards matched","damage_taken":0,"max_hp_gain":0,"max_hp_loss":0,"event_name":"Match and Keep!","floor":2,"gold_loss":0,"cards_obtained":["Acrobatics","Accuracy"]},{"damage_healed":0,"gold_gain":0,"cards_transformed":["Strike_G","Strike_G"],"player_choice":"Transformed Cards","damage_taken":0,"max_hp_gain":0,"max_hp_loss":0,"event_name":"Designer","floor":19,"gold_loss":60,"cards_obtained":["Blur","Riddle With Holes"]},{"damage_healed":0,"gold_gain":0,"cards_transformed":["Strike_G","Defend_G"],"player_choice":"Became Test Subject","damage_taken":0,"max_hp_gain":0,"max_hp_loss":0,"event_name":"Drug Dealer","floor":22,"gold_loss":0,"cards_obtained":["Poisoned Stab","Underhanded Strike"]}],"is_beta":false,"boss_relics":[{"not_picked":["Ring of the Serpent","Ectoplasm"],"picked":"Sozu"}],"items_purged_floors":[21],"is_endless":false,"potions_floor_spawned":[1,5,6,10,16,18],"killed_by":"Slavers","ascension_level":6}