{"gold_per_floor":[112,125,50,69,80,80,98,98,122,149,169,182,207,226,226,226],"floor_reached":16,"playtime":1078,"items_purged":["Strike_B"],"score":116,"play_id":"0718f07b-1bc1-4b76-9bf4-2782208b977e","local_time":"20190316122947","is_ascension_mode":false,"campfire_choices":[{"data":"Zap","floor":6,"key":"SMITH"},{"data":"Sunder","floor":8,"key":"SMITH"},{"floor":15,"key":"RECALL"}],"neow_cost":"NONE","seed_source_timestamp":261880096281535,"circlet_count":0,"master_deck":["Strike_B","Strike_B","Strike_B","Defend_B","Defend_B","Defend_B","Defend_B","Zap+1","Dualcast","Seek","Doom and Gloom","Coolheaded","Cold Snap","Sunder+1","BootSequence"],"relics":["Cracked Core","Bag of Marbles","Potion Belt"],"potions_floor_usage":[13,13],"damage_taken":[{"damage":0,"enemies":"Cultist","floor":1,"turns":3},{"damage":15,"enemies":"Small Slimes","floor":2,"turns":2},{"damage":3,"enemies":"2 Louse","floor":4,"turns":2},{"damage":5,"enemies":"2 Fungi Beasts","floor":5,"turns":4},{"damage":6,"enemies":"Large Slime","floor":7,"turns":5},{"damage":4,"enemies":"Gremlin Nob","floor":10,"turns":3},{"damage":1,"enemies":"Exordium Wildlife","floor":11,"turns":2},{"damage":0,"enemies":"Exordium Thugs","floor":12,"turns":4},{"damage":11,"enemies":"Lagavulin","floor":13,"turns":4},{"damage":0,"enemies":"2 Fungi Beasts","floor":14,"turns":2},{"damage":20,"enemies":"The Guardian","floor":16,"turns":6}],"seed_played":"4511700103000911335","potions_obtained":[{"floor":4,"key":"SpeedPotion"},{"floor":5,"key":"SneckoOil"},{"floor":10,"key":"Ancient Potion"},{"floor":11,"key":"Weak Potion"},{"floor":14,"key":"LiquidBronze"}],"is_trial":false,"path_per_floor":["M","M","$","M","M","R","M","R","T","E","M","M","E","M","R","B"],"character_chosen":"DEFECT","items_purchased":[],"campfire_rested":0,"item_purchase_floors":[],"current_hp_per_floor":[75,60,60,57,52,52,46,46,46,42,41,41,30,30,30,10],"gold":226,"neow_bonus":"ONE_RANDOM_RARE_CARD","is_prod":false,"is_daily":false,"chose_seed":false,"campfire_upgraded":2,"win_rate":0,"timestamp":1552764587,"path_taken":["M","M","$","M","M","R","M","R","T","E","M","M","E","M","R","BOSS"],"build_version":"2019-01-23","purchased_purges":1,"victory":false,"max_hp_per_floor":[75,75,75,75,75,75,75,75,75,75,75,75,75,75,75,75],"card_choices":[{"not_picked":["Sweeping Beam","Compile Driver"],"picked":"Doom and Gloom","floor":1},{"not_picked":["Darkness","Sweeping Beam"],"picked":"Coolheaded","floor":2},{"not_picked":["Rebound","Chaos"],"picked":"Cold Snap","floor":4},{"not_picked":["Redo","Scrape","Steam"],"picked":"SKIP","floor":5},{"not_picked":["Redo","Streamline"],"picked":"Sunder","floor":7},{"not_picked":["Sunder","Double Energy"],"picked":"BootSequence","floor":10},{"not_picked":["Redo","Steam Power","Chaos"],"picked":"SKIP","floor":11},{"not_picked":["Multi-Cast","Redo","Sweeping Beam"],"picked":"SKIP","floor":12},{"not_picked":["Fusion","Reboot","Hyperbeam"],"picked":"SKIP","floor":13},{"not_picked":["Reprogram","Darkness","Beam Cell"],"picked":"SKIP","floor":14}],"player_experience":490417,"relics_obtained":[{"floor":10,"key":"Bag of Marbles"},{"floor":13,"key":"Potion Belt"}],"event_choices":[],"is_beta":false,"boss_relics":[],"items_purged_floors":[3],"is_endless":false,"potions_floor_spawned":[4,5,10,11,14],"killed_by":"The Guardian","ascension_level":0}