{"gold_per_floor":[113,113,128,143,155,155,155,155,155,155,155],"floor_reached":11,"playtime":569,"items_purged":[],"score":79,"play_id":"054cb475-3851-4da6-8d4d-59a7a25d0c1f","local_time":"20190210105927","is_ascension_mode":true,"campfire_choices":[{"data":"Headbutt","floor":6,"key":"SMITH"},{"data":"Inflame","floor":8,"key":"SMITH"},{"data":"Uppercut","floor":10,"key":"SMITH"}],"neow_cost":"TEN_PERCENT_HP_LOSS","seed_source_timestamp":689104830956132,"circlet_count":0,"master_deck":["Strike_R","Strike_R","Strike_R","Defend_R","Defend_R","Defend_R","Bash","Corruption","Clothesline","Uppercut+1","Headbutt+1","Inflame+1","Decay"],"relics":["Burning Blood","Darkstone Periapt"],"potions_floor_usage":[11],"damage_taken":[{"damage":3,"enemies":"2 Louse","floor":1,"turns":3},{"damage":0,"enemies":"Cultist","floor":3,"turns":3},{"damage":7,"enemies":"Jaw Worm","floor":4,"turns":3},{"damage":36,"enemies":"Exordium Thugs","floor":5,"turns":5},{"damage":41,"enemies":"3 Sentries","floor":11,"turns":7}],"seed_played":"3712139828060500880","potions_obtained":[{"floor":3,"key":"Energy Potion"},{"floor":4,"key":"EssenceOfSteel"},{"floor":5,"key":"SkillPotion"}],"is_trial":false,"path_per_floor":["M","?","M","M","M","R","?","R","T","R","E"],"character_chosen":"IRONCLAD","items_purchased":[],"campfire_rested":0,"item_purchase_floors":[],"current_hp_per_floor":[72,65,71,70,40,40,40,40,40,40,0],"gold":155,"neow_bonus":"TRANSFORM_TWO_CARDS","is_prod":false,"is_daily":false,"chose_seed":false,"campfire_upgraded":3,"win_rate":0,"timestamp":1549825167,"path_taken":["M","?","M","M","M","R","?","R","T","R","E"],"build_version":"2019-01-23","purchased_purges":0,"victory":false,"max_hp_per_floor":[72,72,72,72,72,72,72,72,72,72,72],"card_choices":[{"not_picked":["Heavy Blade","Reckless Charge"],"picked":"Uppercut","floor":1},{"not_picked":["Flex","Thunderclap"],"picked":"Headbutt","floor":3},{"not_picked":["Corruption","Clash","True Grit"],"picked":"SKIP","floor":4},{"not_picked":["Pommel Strike","Burning Pact"],"picked":"Inflame","floor":5}],"player_experience":226046,"relics_obtained":[{"floor":9,"key":"Darkstone Periapt"}],"event_choices":[{"cards_removed":["Strike_R"],"damage_healed":0,"gold_gain":0,"player_choice":"Card Removal","damage_taken":7,"max_hp_gain":0,"max_hp_loss":0,"event_name":"Golden Wing","floor":2,"gold_loss":0},{"damage_healed":0,"gold_gain":0,"player_choice":"Cursed","damage_taken":0,"max_hp_gain":0,"max_hp_loss":0,"event_name":"Wheel of Change","floor":7,"gold_loss":0,"cards_obtained":["Decay"]}],"is_beta":false,"boss_relics":[],"items_purged_floors":[],"is_endless":false,"potions_floor_spawned":[3,4,5],"killed_by":"3 Sentries","ascension_level":5}