{"gold_per_floor":[117,67,81,28,28,28,28,71,83,108,120],"floor_reached":11,"playtime":582,"items_purged":[],"score":71,"play_id":"5d3f63e6-76e7-475d-a61c-53c3d6374731","local_time":"20190317161045","is_ascension_mode":false,"campfire_choices":[{"data":"Perfected Strike","floor":6,"key":"SMITH"}],"neow_cost":"NONE","seed_source_timestamp":67599732945784,"circlet_count":0,"master_deck":["Strike_R","Strike_R","Strike_R","Strike_R","Strike_R","Defend_R","Defend_R","Defend_R","Bash","Shrug It Off","Heavy Blade","Perfected Strike+1","Inflame","Iron Wave"],"relics":["Burning Blood","Golden Idol","MawBank","Peace Pipe"],"potions_floor_usage":[11],"damage_taken":[{"damage":1,"enemies":"Cultist","floor":1,"turns":3},{"damage":3,"enemies":"Small Slimes","floor":3,"turns":3},{"damage":23,"enemies":"3 Sentries","floor":8,"turns":8},{"damage":18,"enemies":"Jaw Worm","floor":10,"turns":3},{"damage":43,"enemies":"Lagavulin","floor":11,"turns":6}],"seed_played":"-2921375804089246576","potions_obtained":[{"floor":10,"key":"Weak Potion"}],"is_trial":false,"path_per_floor":["M","?","M","$","?","R","$","E","T","M","E"],"character_chosen":"IRONCLAD","items_purchased":["Perfected Strike"],"campfire_rested":0,"item_purchase_floors":[4],"current_hp_per_floor":[88,88,88,88,66,66,66,49,49,37,0],"gold":120,"neow_bonus":"TEN_PERCENT_HP_BONUS","is_prod":false,"is_daily":false,"chose_seed":false,"campfire_upgraded":1,"win_rate":0,"timestamp":1552849845,"path_taken":["M","?","M","$","?","R","?","E","T","M","E"],"build_version":"2019-01-23","purchased_purges":0,"victory":false,"max_hp_per_floor":[88,88,88,88,88,88,88,88,88,88,88],"card_choices":[{"not_picked":["Sword Boomerang","Corruption"],"picked":"Shrug It Off","floor":1},{"not_picked":["Corruption","Intimidate"],"picked":"Heavy Blade","floor":3},{"not_picked":["Clothesline","Rupture"],"picked":"Inflame","floor":8},{"not_picked":["Sword Boomerang","Feel No Pain"],"picked":"Iron Wave","floor":10}],"player_experience":15437,"relics_obtained":[{"floor":8,"key":"MawBank"},{"floor":9,"key":"Peace Pipe"}],"event_choices":[{"cards_removed":["Defend_R"],"damage_healed":0,"gold_gain":0,"player_choice":"Card Removal","damage_taken":0,"max_hp_gain":0,"max_hp_loss":0,"event_name":"The Cleric","floor":2,"gold_loss":50},{"damage_healed":0,"gold_gain":0,"player_choice":"Take Damage","damage_taken":22,"relics_obtained":["Golden Idol"],"max_hp_gain":0,"max_hp_loss":0,"event_name":"Golden Idol","floor":5,"gold_loss":0}],"is_beta":false,"boss_relics":[],"items_purged_floors":[],"is_endless":false,"potions_floor_spawned":[10],"killed_by":"Lagavulin","ascension_level":0}