{"gold_per_floor":[112,82,97,97,62,62,103,117,117,161,180,330,330,35,35,128,128,147,327,351,66,66,66],"floor_reached":23,"playtime":1116,"items_purged":["Strike_B"],"score":364,"play_id":"be9f788f-662f-4c02-bb15-05339cf5d852","local_time":"20190210220133","is_ascension_mode":true,"campfire_choices":[{"data":"Buffer","floor":6,"key":"SMITH"},{"floor":15,"key":"REST"}],"neow_cost":"PERCENT_DAMAGE","seed_source_timestamp":221152574380100,"circlet_count":0,"master_deck":["AscendersBane","Strike_B","Strike_B","Defend_B","Defend_B","Defend_B","Defend_B","Zap","Dualcast","Buffer+1","Coolheaded","Auto Shields","Cold Snap+1","Go for the Eyes+1","Buffer","Hologram","PanicButton","Rip and Tear+1"],"relics":["Cracked Core","Golden Idol","Molten Egg 2","Bottled Flame","Blood Vial","Regal Pillow","Sozu","Lee\u0027s Waffle"],"potions_floor_usage":[3,10,16],"damage_taken":[{"damage":0,"enemies":"Cultist","floor":1,"turns":3},{"damage":7,"enemies":"Small Slimes","floor":3,"turns":4},{"damage":36,"enemies":"3 Sentries","floor":7,"turns":12},{"damage":0,"enemies":"2 Louse","floor":8,"turns":3},{"damage":10,"enemies":"Lagavulin","floor":10,"turns":8},{"damage":4,"enemies":"Looter","floor":11,"turns":4},{"damage":35,"enemies":"Slime Boss","floor":16,"turns":16},{"damage":8,"enemies":"Shell Parasite","floor":18,"turns":11},{"damage":0,"enemies":"Chosen","floor":20,"turns":7},{"damage":95,"enemies":"Slavers","floor":23,"turns":6}],"seed_played":"-7226874867048570604","potions_obtained":[{"floor":2,"key":"Ancient Potion"},{"floor":2,"key":"SpeedPotion"},{"floor":3,"key":"FairyPotion"},{"floor":7,"key":"PowerPotion"},{"floor":10,"key":"Fire Potion"}],"is_trial":false,"path_per_floor":["M","?","M","?","?","R","E","M","T","E","M","?","?","$","R","B",null,"M","?","M","$","?","E"],"character_chosen":"DEFECT","items_purchased":["Regal Pillow","Go for the Eyes+1","Lee\u0027s Waffle","Rip and Tear+1"],"campfire_rested":1,"item_purchase_floors":[14,14,21,21],"current_hp_per_floor":[46,46,39,39,55,55,19,19,19,9,7,7,7,7,41,8,50,44,20,22,71,71,0],"gold":66,"neow_bonus":"THREE_RARE_CARDS","is_prod":false,"is_daily":false,"chose_seed":false,"campfire_upgraded":1,"win_rate":0,"timestamp":1549864893,"path_taken":["M","?","?","?","?","R","E","M","T","E","M","?","?","$","R","BOSS","M","?","?","$","?","E"],"build_version":"2019-01-23","purchased_purges":1,"victory":false,"max_hp_per_floor":[71,71,71,64,64,64,64,64,64,64,64,64,64,64,64,64,64,64,64,64,71,71,71],"card_choices":[{"not_picked":["Multi-Cast","Rainbow"],"picked":"Buffer","floor":0},{"not_picked":["Leap","Stack"],"picked":"Coolheaded","floor":1},{"not_picked":["Rainbow","Gash"],"picked":"Auto Shields","floor":3},{"not_picked":["All For One","Rebound"],"picked":"Cold Snap","floor":7},{"not_picked":["Cold Snap+1","Melter+1","Reprogram"],"picked":"SKIP","floor":8},{"not_picked":["Stack","Hello World","Storm"],"picked":"SKIP","floor":10},{"not_picked":["Stack","Compile Driver+1","Conserve Battery"],"picked":"SKIP","floor":11},{"not_picked":["All For One+1","Creative AI"],"picked":"Buffer","floor":16},{"not_picked":["Chaos","Chill"],"picked":"Hologram","floor":18},{"not_picked":["Double Energy","Redo","Chaos"],"picked":"SKIP","floor":20}],"player_experience":1237702,"relics_obtained":[{"floor":7,"key":"Molten Egg 2"},{"floor":9,"key":"Bottled Flame"},{"floor":10,"key":"Blood Vial"}],"event_choices":[{"damage_healed":0,"gold_gain":0,"player_choice":"Bought 2 Potions","damage_taken":0,"max_hp_gain":0,"max_hp_loss":0,"event_name":"The Woman in Blue","floor":2,"gold_loss":0},{"damage_healed":0,"gold_gain":0,"player_choice":"Lose Max HP","damage_taken":0,"relics_obtained":["Golden Idol"],"max_hp_gain":0,"max_hp_loss":7,"event_name":"Golden Idol","floor":4,"gold_loss":0},{"damage_healed":16,"gold_gain":0,"player_choice":"Healed","damage_taken":0,"max_hp_gain":0,"max_hp_loss":0,"event_name":"The Cleric","floor":5,"gold_loss":35},{"damage_healed":0,"gold_gain":150,"player_choice":"AGREE","damage_taken":0,"max_hp_gain":0,"max_hp_loss":0,"event_name":"Liars Game","floor":12,"gold_loss":0,"cards_obtained":["Doubt"]},{"cards_removed":["Doubt"],"damage_healed":0,"gold_gain":0,"player_choice":"Forget","damage_taken":0,"max_hp_gain":0,"max_hp_loss":0,"event_name":"Living Wall","floor":13,"gold_loss":0},{"damage_healed":0,"gold_gain":180,"player_choice":"CARD GOLD GOLD ","damage_taken":24,"max_hp_gain":0,"max_hp_loss":0,"event_name":"Knowing Skull","floor":19,"potions_obtained":[],"gold_loss":0,"cards_obtained":["PanicButton"]},{"cards_removed":["Strike_B"],"damage_healed":0,"gold_gain":0,"player_choice":"Offered Basic","damage_taken":0,"max_hp_gain":0,"max_hp_loss":0,"event_name":"Bonfire Elementals","floor":22,"gold_loss":0}],"is_beta":false,"boss_relics":[{"not_picked":["Empty Cage","Cursed Key"],"picked":"Sozu"}],"items_purged_floors":[14],"is_endless":false,"potions_floor_spawned":[3,7,10,18],"killed_by":"Slavers","ascension_level":17}