{"gold_per_floor":[111,111,111,136,61,61,101,101,101,137,137,160,196,220,220,345,345,368,389,410,325,62,62,62,62,110,110,110,135,135,153,153,276,276,294,294,309,309],"floor_reached":38,"playtime":2648,"items_purged":["Strike_R"],"score":490,"play_id":"4e5995b9-c5b5-49ce-960f-f34b3514bfb0","local_time":"20190211221720","is_ascension_mode":true,"campfire_choices":[{"data":"Shrug It Off","floor":6,"key":"SMITH"},{"floor":8,"key":"REST"},{"floor":11,"key":"REST"},{"data":"Iron Wave","floor":15,"key":"SMITH"},{"floor":23,"key":"REST"},{"data":"Pommel Strike","floor":25,"key":"SMITH"},{"data":"Armaments","floor":27,"key":"SMITH"},{"data":"Metallicize","floor":30,"key":"SMITH"},{"data":"Shrug It Off","floor":32,"key":"SMITH"}],"neow_cost":"NONE","seed_source_timestamp":814121787726399,"circlet_count":0,"master_deck":["Strike_R","Strike_R","Strike_R","Defend_R","Defend_R","Defend_R","Defend_R","Bash","Shrug It Off+1","Burning Pact","Fire Breathing","Fire Breathing","Iron Wave+1","Ghostly Armor","Feel No Pain","Barricade","Shrug It Off+1","Flex","Pommel Strike+1","Armaments+1","Metallicize+1","Armaments","Flame Barrier","Reaper","Doubt","Pain","Regret","Armaments+1","Metallicize+1","Bloodletting+1"],"relics":["Burning Blood","Golden Idol","Gremlin Horn","Mercury Hourglass","Paper Frog","Blue Candle","Busted Crown","Anchor","HandDrill","Bronze Scales","Calling Bell","Centennial Puzzle","Frozen Egg 2","Champion Belt"],"potions_floor_usage":[4,7,7,10,10,10,13,16,16,33,33],"damage_taken":[{"damage":5,"enemies":"2 Louse","floor":1,"turns":4},{"damage":0,"enemies":"Small Slimes","floor":4,"turns":3},{"damage":33,"enemies":"Gremlin Nob","floor":7,"turns":5},{"damage":47,"enemies":"Lagavulin","floor":10,"turns":10},{"damage":0,"enemies":"Cultist","floor":12,"turns":4},{"damage":11,"enemies":"Gremlin Nob","floor":13,"turns":5},{"damage":6,"enemies":"Lots of Slimes","floor":14,"turns":2},{"damage":44,"enemies":"The Guardian","floor":16,"turns":15},{"damage":0,"enemies":"Chosen","floor":18,"turns":6},{"damage":30,"enemies":"3 Byrds","floor":19,"turns":5},{"damage":39,"enemies":"Sentry and Sphere","floor":20,"turns":14},{"damage":10,"enemies":"Chosen and Byrds","floor":29,"turns":8},{"damage":9,"enemies":"Snecko","floor":31,"turns":7},{"damage":1,"enemies":"Champ","floor":33,"turns":19},{"damage":4,"enemies":"Orb Walker","floor":35,"turns":8},{"damage":40,"enemies":"3 Darklings","floor":37,"turns":8},{"damage":138,"enemies":"Transient","floor":38,"turns":4}],"seed_played":"4669671431890510426","potions_obtained":[{"floor":3,"key":"EntropicBrew"},{"floor":3,"key":"EntropicBrew"},{"floor":3,"key":"SkillPotion"},{"floor":12,"key":"Strength Potion"},{"floor":14,"key":"LiquidBronze"},{"floor":16,"key":"FairyPotion"},{"floor":18,"key":"GamblersBrew"},{"floor":19,"key":"Dexterity Potion"}],"is_trial":false,"path_per_floor":["M","?","?","M","$","R","E","R","T","E","R","M","E","M","R","B",null,"M","M","M","?","$","R","?","R","T","R","?","M","R","M","R","B",null,"M","?","M","M"],"character_chosen":"IRONCLAD","items_purchased":["Pommel Strike","Armaments","HandDrill"],"campfire_rested":3,"item_purchase_floors":[22,22,22],"current_hp_per_floor":[88,66,66,72,72,72,45,71,71,30,56,62,57,57,57,19,71,77,53,20,20,20,46,46,46,46,46,46,42,42,39,39,44,77,83,83,61,0],"gold":309,"neow_bonus":"TEN_PERCENT_HP_BONUS","is_prod":false,"is_daily":false,"chose_seed":false,"campfire_upgraded":6,"win_rate":0,"timestamp":1549952240,"path_taken":["M","?","?","M","$","R","E","R","T","E","R","M","E","M","R","BOSS","M","?","?","?","$","R","?","R","T","R","?","M","R","M","R","BOSS","M","?","?","M"],"build_version":"2019-01-23","purchased_purges":1,"victory":false,"max_hp_per_floor":[88,88,88,88,88,88,88,88,88,88,88,88,88,88,88,88,88,88,88,88,88,88,88,88,88,88,88,88,88,88,88,88,88,88,88,88,88,88],"card_choices":[{"not_picked":["Corruption","Wild Strike"],"picked":"Shrug It Off","floor":1},{"not_picked":["Clothesline","Dropkick"],"picked":"Burning Pact","floor":4},{"not_picked":["Corruption","Shrug It Off"],"picked":"Fire Breathing","floor":7},{"not_picked":["Power Through","Entrench"],"picked":"Fire Breathing","floor":10},{"not_picked":["Sentinel","Pommel Strike"],"picked":"Iron Wave","floor":12},{"not_picked":["Headbutt","Clothesline"],"picked":"Ghostly Armor","floor":13},{"not_picked":["Anger","Clash"],"picked":"Feel No Pain","floor":14},{"not_picked":["Demon Form","Double Tap"],"picked":"Barricade","floor":16},{"not_picked":["Dropkick"],"picked":"SKIP","floor":18},{"not_picked":[],"picked":"Shrug It Off","floor":19},{"not_picked":[],"picked":"Flex","floor":20},{"not_picked":[],"picked":"Armaments","floor":29},{"not_picked":[],"picked":"Flame Barrier","floor":31},{"not_picked":[],"picked":"Reaper","floor":33},{"not_picked":[],"picked":"Armaments+1","floor":35},{"not_picked":[],"picked":"Bloodletting+1","floor":37}],"player_experience":254396,"relics_obtained":[{"floor":7,"key":"Gremlin Horn"},{"floor":9,"key":"Mercury Hourglass"},{"floor":10,"key":"Paper Frog"},{"floor":13,"key":"Blue Candle"},{"floor":26,"key":"Bronze Scales"},{"floor":34,"key":"Centennial Puzzle"},{"floor":34,"key":"Frozen Egg 2"},{"floor":34,"key":"Champion Belt"}],"event_choices":[{"damage_healed":0,"gold_gain":0,"player_choice":"Take Damage","damage_taken":22,"relics_obtained":["Golden Idol"],"max_hp_gain":0,"max_hp_loss":0,"event_name":"Golden Idol","floor":2,"gold_loss":0},{"damage_healed":0,"gold_gain":0,"player_choice":"Got Potions","damage_taken":0,"max_hp_gain":0,"max_hp_loss":0,"event_name":"Lab","floor":3,"gold_loss":0},{"damage_healed":0,"gold_gain":0,"player_choice":"Obtained Relic","damage_taken":0,"relics_obtained":["Anchor"],"max_hp_gain":0,"max_hp_loss":0,"event_name":"Addict","floor":21,"gold_loss":85},{"damage_healed":0,"gold_gain":0,"player_choice":"Ignored","damage_taken":0,"max_hp_gain":0,"max_hp_loss":0,"event_name":"Beggar","floor":24,"gold_loss":0},{"damage_healed":0,"gold_gain":0,"cards_transformed":["Strike_R"],"player_choice":"Transformed","damage_taken":0,"max_hp_gain":0,"max_hp_loss":0,"event_name":"Transmorgrifier","floor":28,"gold_loss":0,"cards_obtained":["Metallicize"]},{"damage_healed":0,"gold_gain":0,"player_choice":"Copied","damage_taken":0,"max_hp_gain":0,"max_hp_loss":0,"event_name":"Duplicator","floor":36,"gold_loss":0,"cards_obtained":["Metallicize"]}],"is_beta":false,"boss_relics":[{"not_picked":["Empty Cage","Philosopher\u0027s Stone"],"picked":"Busted Crown"},{"not_picked":["Astrolabe","Lizard Tail"],"picked":"Calling Bell"}],"items_purged_floors":[5],"is_endless":false,"potions_floor_spawned":[12,14,16,18,19,31],"killed_by":"Transient","ascension_level":5}