{"gold_per_floor":[117,132,132,144,144,144,209,209,235,235,260,279,329,344,344,344],"floor_reached":16,"playtime":619,"items_purged":[],"score":281,"play_id":"f7c435ac-94b5-4345-aeb7-def9edc847c7","local_time":"20190302232107","is_ascension_mode":true,"campfire_choices":[{"data":"Hologram","floor":6.0,"key":"SMITH"},{"floor":8.0,"key":"REST"},{"floor":10.0,"key":"RECALL"},{"floor":15.0,"key":"REST"}],"neow_cost":"NONE","seed_source_timestamp":0,"circlet_count":0,"master_deck":["AscendersBane","Strike_B","Strike_B","Strike_B","Defend_B","Defend_B","Defend_B","Defend_B","Zap+1","Dualcast+1","Gash","Hologram+1","Gash","Auto Shields","Stack","Streamline","Beam Cell"],"special_seed":0,"relics":["Cracked Core","SsserpentHead","Potion Belt","Anchor"],"potions_floor_usage":[],"damage_taken":[{"damage":7.0,"enemies":"Small Slimes","floor":1.0,"turns":4.0},{"damage":7.0,"enemies":"Jaw Worm","floor":2.0,"turns":3.0},{"damage":1.0,"enemies":"Cultist","floor":4.0,"turns":3.0},{"damage":2.0,"enemies":"2 Fungi Beasts","floor":7.0,"turns":3.0},{"damage":30.0,"enemies":"Lagavulin","floor":11.0,"turns":5.0},{"damage":2.0,"enemies":"3 Louse","floor":12.0,"turns":4.0},{"damage":1.0,"enemies":"Blue Slaver","floor":14.0,"turns":3.0},{"damage":39,"enemies":"The Guardian","floor":16,"turns":5}],"seed_played":"5808698486389746426","potions_obtained":[{"floor":7.0,"key":"Fire Potion"},{"floor":11.0,"key":"SpeedPotion"},{"floor":12.0,"key":"SneckoOil"},{"floor":14.0,"key":"Energy Potion"}],"is_trial":false,"path_per_floor":["M","M","?","M","?","R","M","R","T","R","E","M","?","M","R","B"],"character_chosen":"DEFECT","items_purchased":[],"campfire_rested":2,"item_purchase_floors":[],"current_hp_per_floor":[57,50,29,28,28,28,26,47,47,47,17,15,15,14,35,0],"gold":344,"neow_bonus":"THREE_CARDS","is_prod":false,"is_daily":false,"chose_seed":false,"campfire_upgraded":1,"win_rate":0,"timestamp":1551597667,"path_taken":["M","M","?","M","?","R","?","R","T","R","E","M","?","M","R","BOSS"],"build_version":"2019-01-23","purchased_purges":0,"victory":false,"max_hp_per_floor":[71,71,71,71,71,71,71,71,71,71,71,71,71,71,71,71],"card_choices":[{"not_picked":["Rebound","Reprogram"],"picked":"Steam","floor":0.0},{"not_picked":["Compile Driver","Darkness"],"picked":"Gash","floor":1.0},{"not_picked":["Steam","Darkness","Melter"],"picked":"SKIP","floor":2.0},{"not_picked":["Steam","Genetic Algorithm"],"picked":"Hologram","floor":4.0},{"not_picked":["Steam","Static Discharge"],"picked":"Gash","floor":7.0},{"not_picked":["Conserve Battery","Double Energy"],"picked":"Auto Shields","floor":11.0},{"not_picked":["Auto Shields","Rebound"],"picked":"Stack","floor":12.0},{"not_picked":["Barrage","Streamline"],"picked":"Beam Cell","floor":14.0}],"player_experience":1240124,"relics_obtained":[{"floor":9.0,"key":"Potion Belt"},{"floor":11.0,"key":"Anchor"}],"event_choices":[{"damage_healed":0.0,"max_hp_gain":0.0,"max_hp_loss":0.0,"gold_gain":0.0,"event_name":"Shining Light","player_choice":"Entered Light","floor":3.0,"gold_loss":0.0,"damage_taken":21.0,"cards_upgraded":["Zap","Dualcast"]},{"damage_healed":0.0,"max_hp_gain":0.0,"max_hp_loss":0.0,"gold_gain":0.0,"event_name":"FaceTrader","player_choice":"Trade","floor":5.0,"gold_loss":0.0,"damage_taken":0.0,"relics_obtained":["SsserpentHead"]},{"damage_healed":0.0,"max_hp_gain":0.0,"max_hp_loss":0.0,"gold_gain":0.0,"cards_transformed":["Strike_B"],"event_name":"Living Wall","player_choice":"Change","floor":13.0,"gold_loss":0.0,"damage_taken":0.0,"cards_obtained":["Streamline"]}],"is_beta":false,"boss_relics":[],"items_purged_floors":[],"is_endless":false,"potions_floor_spawned":[7,11,12,14],"killed_by":"The Guardian","ascension_level":17}