{"gold_per_floor":[116,116,131,131,131,131,174,251,303,303,322,322,397,50,50,50],"floor_reached":16,"playtime":365,"items_purged":["Injury"],"score":178,"play_id":"8be1ee4c-818d-4741-ba78-8d3e4361357f","local_time":"20190310142946","is_ascension_mode":true,"campfire_choices":[{"data":"Go for the Eyes","floor":6,"key":"SMITH"},{"floor":10,"key":"REST"},{"data":"Sunder","floor":12,"key":"SMITH"},{"floor":15,"key":"REST"}],"neow_cost":"NONE","seed_source_timestamp":757592489567400,"circlet_count":0,"master_deck":["AscendersBane","Strike_B","Strike_B","Strike_B","Defend_B","Defend_B","Defend_B","Defend_B+1","Zap","Dualcast+1","Sunder+1","Go for the Eyes+1","Capacitor","Auto Shields","Cold Snap"],"relics":["Cracked Core","Golden Idol","Kunai","Art of War","Happy Flower"],"potions_floor_usage":[16],"damage_taken":[{"damage":0,"enemies":"2 Louse","floor":1,"turns":2},{"damage":2,"enemies":"Cultist","floor":3,"turns":4},{"damage":20,"enemies":"Lagavulin","floor":7,"turns":6},{"damage":4,"enemies":"Small Slimes","floor":11,"turns":3},{"damage":48,"enemies":"Slime Boss","floor":16,"turns":9}],"seed_played":"2967009978520302533","potions_obtained":[],"is_trial":false,"path_per_floor":["M","?","M","?","?","R","E","?","T","R","M","R","?","$","R","B"],"character_chosen":"DEFECT","items_purchased":["Happy Flower","Cold Snap","AttackPotion"],"campfire_rested":2,"item_purchase_floors":[14,14,14],"current_hp_per_floor":[64,64,62,41,41,41,21,21,21,42,38,38,27,27,48,0],"gold":50,"neow_bonus":"THREE_CARDS","is_prod":false,"is_daily":false,"chose_seed":false,"campfire_upgraded":2,"win_rate":0,"timestamp":1552253386,"path_taken":["M","?","?","?","?","R","E","?","T","R","M","R","?","$","R","BOSS"],"build_version":"2019-01-23","purchased_purges":1,"victory":false,"max_hp_per_floor":[71,71,71,71,71,71,71,71,71,71,71,71,71,71,71,71],"card_choices":[{"not_picked":["Redo","Storm"],"picked":"Sunder","floor":0},{"not_picked":["Beam Cell","Auto Shields"],"picked":"Go for the Eyes","floor":1},{"not_picked":["Go for the Eyes","Tempest"],"picked":"Capacitor","floor":3},{"not_picked":["Storm","Rebound","Streamline"],"picked":"SKIP","floor":7},{"not_picked":["Go for the Eyes","Barrage"],"picked":"Auto Shields","floor":11}],"player_experience":1259139,"relics_obtained":[{"floor":7,"key":"Kunai"},{"floor":9,"key":"Art of War"}],"event_choices":[{"cards_removed":["Strike_B"],"damage_healed":0,"gold_gain":0,"player_choice":"Purged","damage_taken":0,"max_hp_gain":0,"max_hp_loss":0,"event_name":"Purifier","floor":2,"gold_loss":0},{"damage_healed":0,"gold_gain":0,"player_choice":"Entered Light","damage_taken":21,"max_hp_gain":0,"max_hp_loss":0,"event_name":"Shining Light","floor":4,"gold_loss":0,"cards_upgraded":["Defend_B","Dualcast"]},{"damage_healed":0,"gold_gain":0,"player_choice":"Take Wound","damage_taken":0,"relics_obtained":["Golden Idol"],"max_hp_gain":0,"max_hp_loss":0,"event_name":"Golden Idol","floor":5,"gold_loss":0,"cards_obtained":["Injury"]},{"damage_healed":0,"gold_gain":77,"player_choice":"Gained Gold","damage_taken":0,"max_hp_gain":0,"max_hp_loss":0,"event_name":"Golden Wing","floor":8,"gold_loss":0},{"damage_healed":0,"gold_gain":75,"player_choice":"Gather Gold","damage_taken":11,"max_hp_gain":0,"max_hp_loss":0,"event_name":"World of Goop","floor":13,"gold_loss":0}],"is_beta":false,"boss_relics":[],"items_purged_floors":[14],"is_endless":false,"potions_floor_spawned":[],"killed_by":"Slime Boss","ascension_level":17}