{"gold_per_floor":[118,118,64,74,224,224,149,179,179,179,179,202,227,263,263,263],"floor_reached":16,"playtime":403,"items_purged":["Pain"],"score":200,"play_id":"a4ec5753-7aad-4d84-9e12-0fac0cd48a59","local_time":"20190210225227","is_ascension_mode":true,"campfire_choices":[{"data":"Zap","floor":6,"key":"SMITH"},{"floor":15,"key":"REST"}],"neow_cost":"NONE","seed_source_timestamp":224920326977000,"circlet_count":0,"master_deck":["AscendersBane","Strike_B","Strike_B","Strike_B","Strike_B","Defend_B","Defend_B","Defend_B","Defend_B","Zap+1","Dualcast","Cold Snap","Beam Cell","Ball Lightning","Doom and Gloom","Doubt","Electrodynamics","Go for the Eyes","Steam","Storm"],"relics":["Cracked Core","WarpedTongs","Sundial","Golden Idol","Pantograph","Question Card"],"potions_floor_usage":[14,14],"damage_taken":[{"damage":5,"enemies":"Jaw Worm","floor":1,"turns":4},{"damage":9,"enemies":"Cultist","floor":4,"turns":3},{"damage":24,"enemies":"Gremlin Nob","floor":8,"turns":4},{"damage":0,"enemies":"Small Slimes","floor":12,"turns":2},{"damage":6,"enemies":"Blue Slaver","floor":13,"turns":3},{"damage":18,"enemies":"Lagavulin","floor":14,"turns":6},{"damage":47,"enemies":"The Guardian","floor":16,"turns":6}],"seed_played":"-500581398218392022","potions_obtained":[{"floor":8,"key":"GamblersBrew"},{"floor":13,"key":"SkillPotion"}],"is_trial":false,"path_per_floor":["M","?","$","M","?","R","$","E","T","?","T","M","M","E","R","B"],"character_chosen":"DEFECT","items_purchased":["Ball Lightning"],"campfire_rested":1,"item_purchase_floors":[3],"current_hp_per_floor":[59,59,59,50,50,50,50,26,26,26,26,26,20,2,21,0],"gold":263,"neow_bonus":"THREE_CARDS","is_prod":false,"is_daily":false,"chose_seed":false,"campfire_upgraded":1,"win_rate":0,"timestamp":1549867947,"path_taken":["M","?","?","?","?","R","?","E","T","?","?","?","M","E","R","BOSS"],"build_version":"2019-01-23","purchased_purges":1,"victory":false,"max_hp_per_floor":[71,71,71,71,71,71,71,71,71,64,64,64,64,64,64,64],"card_choices":[{"not_picked":["Rebound","Conserve Battery"],"picked":"Cold Snap","floor":0},{"not_picked":["Cold Snap","Fusion"],"picked":"Beam Cell","floor":1},{"not_picked":["Turbo","Compile Driver"],"picked":"Doom and Gloom","floor":4},{"not_picked":["Storm","Steam"],"picked":"Electrodynamics","floor":8},{"not_picked":["Compile Driver","Lockon"],"picked":"Go for the Eyes","floor":12},{"not_picked":["Blizzard","Darkness"],"picked":"Steam","floor":13},{"not_picked":["Hyperbeam","Blizzard"],"picked":"Storm","floor":14}],"player_experience":1238818,"relics_obtained":[{"floor":8,"key":"Sundial"},{"floor":11,"key":"Pantograph"},{"floor":14,"key":"Question Card"}],"event_choices":[{"damage_healed":0,"gold_gain":0,"player_choice":"Rummage","damage_taken":0,"relics_obtained":["WarpedTongs"],"max_hp_gain":0,"max_hp_loss":0,"event_name":"Accursed Blacksmith","floor":2,"gold_loss":0,"cards_obtained":["Pain"]},{"damage_healed":0,"gold_gain":150,"player_choice":"AGREE","damage_taken":0,"max_hp_gain":0,"max_hp_loss":0,"event_name":"Liars Game","floor":5,"gold_loss":0,"cards_obtained":["Doubt"]},{"damage_healed":0,"gold_gain":0,"player_choice":"Lose Max HP","damage_taken":0,"relics_obtained":["Golden Idol"],"max_hp_gain":0,"max_hp_loss":7,"event_name":"Golden Idol","floor":10,"gold_loss":0}],"is_beta":false,"boss_relics":[],"items_purged_floors":[7],"is_endless":false,"potions_floor_spawned":[8,13],"killed_by":"The Guardian","ascension_level":17}