{"gold_per_floor":[359,369,385,0,13,13,44,44,70,85,85,85,105,120,120,223,223,243,243,158,142,67,67,100,20,20,20,20,35,35,51,51,149,149,159,159,159,93,112,112,112,124,424,424,441,453,478,494,494,494,494,494,37,62,62],"floor_reached":55,"playtime":2186,"items_purged":["Strike_R","Strike_R"],"score":689,"play_id":"eb81d49f-fbcd-4e2e-b8a0-2e205812f4e8","local_time":"20190309214042","is_ascension_mode":false,"campfire_choices":[{"data":"Armaments","floor":6,"key":"SMITH"},{"data":"Juggernaut","floor":8,"key":"SMITH"},{"floor":11,"key":"RECALL"},{"data":"Shrug It Off","floor":15,"key":"SMITH"},{"data":"Spot Weakness","floor":23,"key":"SMITH"},{"floor":30,"key":"REST"},{"floor":32,"key":"REST"},{"data":"Metallicize","floor":40,"key":"SMITH"},{"data":"Rage","floor":44,"key":"SMITH"},{"floor":49,"key":"REST"},{"data":"Offering","floor":52,"key":"SMITH"}],"neow_cost":"PERCENT_DAMAGE","seed_source_timestamp":13017876569168,"circlet_count":0,"master_deck":["Strike_R","Defend_R","Defend_R+1","Defend_R","Defend_R+1","Bash","Anger","Thunderclap","Armaments+1","Double Tap","Uppercut","Juggernaut+1","Flame Barrier+1","Shrug It Off+1","Impervious","Spot Weakness+1","Offering+1","Metallicize+1","Rage+1","Body Slam+1"],"relics":["Burning Blood","Singing Bowl","Bronze Scales","Empty Cage","War Paint","The Courier","Incense Burner","Sozu","Old Coin","Ancient Tea Set","Mercury Hourglass","Gambling Chip","Blood Vial"],"potions_floor_usage":[7,16,16,21,24,29,33,50],"damage_taken":[{"damage":1,"enemies":"2 Louse","floor":1,"turns":3},{"damage":1,"enemies":"Cultist","floor":2,"turns":3},{"damage":1,"enemies":"Jaw Worm","floor":3,"turns":3},{"damage":6,"enemies":"3 Louse","floor":5,"turns":3},{"damage":20,"enemies":"Lagavulin","floor":7,"turns":5},{"damage":11,"enemies":"Exordium Wildlife","floor":10,"turns":4},{"damage":9,"enemies":"Blue Slaver","floor":13,"turns":4},{"damage":0,"enemies":"2 Fungi Beasts","floor":14,"turns":3},{"damage":22,"enemies":"Slime Boss","floor":16,"turns":9},{"damage":12,"enemies":"Shell Parasite","floor":18,"turns":7},{"damage":17,"enemies":"2 Thieves","floor":21,"turns":4},{"damage":35,"enemies":"Gremlin Leader","floor":24,"turns":5},{"damage":5,"enemies":"Snecko","floor":29,"turns":6},{"damage":10,"enemies":"Cultist and Chosen","floor":31,"turns":7},{"damage":52,"enemies":"Automaton","floor":33,"turns":12},{"damage":6,"enemies":"3 Shapes","floor":35,"turns":4},{"damage":6,"enemies":"Orb Walker","floor":39,"turns":3},{"damage":14,"enemies":"Sphere and 2 Shapes","floor":42,"turns":5},{"damage":4,"enemies":"4 Shapes","floor":45,"turns":9},{"damage":6,"enemies":"Jaw Worm Horde","floor":46,"turns":5},{"damage":17,"enemies":"Spire Growth","floor":48,"turns":3},{"damage":56,"enemies":"Awakened One","floor":50,"turns":12},{"damage":64,"enemies":"Shield and Spear","floor":54,"turns":6},{"damage":48,"enemies":"The Heart","floor":55,"turns":2}],"seed_played":"-1954525631950952141","potions_obtained":[{"floor":1,"key":"Strength Potion"},{"floor":2,"key":"PowerPotion"},{"floor":3,"key":"Dexterity Potion"},{"floor":13,"key":"Explosive Potion"},{"floor":16,"key":"SkillPotion"},{"floor":18,"key":"SkillPotion"},{"floor":21,"key":"SpeedPotion"},{"floor":24,"key":"Explosive Potion"}],"is_trial":false,"path_per_floor":["M","M","M","$","M","R","E","R","T","M","R","?","M","M","R","B",null,"M","?","?","M","$","R","E","$","T","$","?","M","R","M","R","B",null,"M","?","?","$","M","R","?","M","T","R","M","M","T","M","R","B",null,"R","$","E","B"],"character_chosen":"IRONCLAD","items_purchased":["Singing Bowl","Double Tap","Metallicize","Mercury Hourglass","Gambling Chip"],"campfire_rested":3,"item_purchase_floors":[4,4,38,53,53],"current_hp_per_floor":[61,66,71,71,71,71,57,57,57,52,52,52,51,57,57,41,82,78,62,62,51,51,51,24,24,24,24,24,27,54,52,80,34,95,97,92,94,94,96,96,96,90,90,90,92,94,94,85,102,52,102,102,102,46,0],"gold":62,"neow_bonus":"TWO_FIFTY_GOLD","is_prod":false,"is_daily":false,"chose_seed":false,"campfire_upgraded":7,"win_rate":0,"timestamp":1552167642,"path_taken":["M","M","M","$","M","R","E","R","T","M","R","?","M","?","R","BOSS","M","?","?","M","?","R","E","$","T","?","?","M","R","M","R","BOSS","M","?","?","$","M","R","?","M","T","R","M","?","?","M","R","BOSS","R","$","E","BOSS"],"build_version":"2019-01-23","purchased_purges":2,"victory":false,"max_hp_per_floor":[80,80,80,80,80,80,80,80,80,80,80,80,82,82,82,82,82,84,89,89,89,89,89,91,91,91,91,91,93,93,95,95,95,95,97,92,94,94,96,96,96,98,98,98,98,100,100,102,102,102,102,102,102,104,104],"card_choices":[{"not_picked":["Corruption","Headbutt"],"picked":"Anger","floor":1},{"not_picked":["Clash","Blood for Blood"],"picked":"Thunderclap","floor":2},{"not_picked":["Wild Strike","Rage"],"picked":"Armaments","floor":3},{"not_picked":["Pummel","Heavy Blade"],"picked":"Uppercut","floor":5},{"not_picked":["Anger","Rage"],"picked":"Juggernaut","floor":7},{"not_picked":["Rage","Ghostly Armor"],"picked":"Flame Barrier","floor":10},{"not_picked":["Dropkick","Clothesline","Heavy Blade"],"picked":"Singing Bowl","floor":13},{"not_picked":["Shockwave","Perfected Strike"],"picked":"Shrug It Off","floor":14},{"not_picked":["Limit Break","Dark Embrace"],"picked":"Impervious","floor":16},{"not_picked":["Armaments","Clash","Anger"],"picked":"Singing Bowl","floor":18},{"not_picked":["Dual Wield","Armaments"],"picked":"Spot Weakness","floor":21},{"not_picked":["Corruption+1","Havoc","Second Wind"],"picked":"Singing Bowl","floor":24},{"not_picked":["Shrug It Off","Headbutt","Disarm"],"picked":"Singing Bowl","floor":29},{"not_picked":["Shockwave","Rampage","Battle Trance"],"picked":"Singing Bowl","floor":31},{"not_picked":["Demon Form","Limit Break"],"picked":"Offering","floor":33},{"not_picked":["Bloodletting+1","Uppercut","True Grit"],"picked":"Singing Bowl","floor":35},{"not_picked":["Panache","Purity","Mind Blast"],"picked":"Singing Bowl","floor":37},{"not_picked":["Combust","Heavy Blade+1","Cleave"],"picked":"Singing Bowl","floor":39},{"not_picked":["Warcry","Perfected Strike","Havoc"],"picked":"Singing Bowl","floor":42},{"not_picked":["Clothesline","Perfected Strike"],"picked":"Body Slam+1","floor":45},{"not_picked":["Disarm","Rampage","Havoc+1"],"picked":"Singing Bowl","floor":46},{"not_picked":["Perfected Strike+1","Wild Strike","Clothesline"],"picked":"Singing Bowl","floor":48},{"not_picked":["Dual Wield+1","Disarm","Flex"],"picked":"Singing Bowl","floor":54}],"player_experience":88742,"relics_obtained":[{"floor":7,"key":"Bronze Scales"},{"floor":24,"key":"The Courier"},{"floor":26,"key":"Incense Burner"},{"floor":43,"key":"Old Coin"},{"floor":47,"key":"Ancient Tea Set"},{"floor":54,"key":"Blood Vial"}],"event_choices":[{"damage_healed":0,"gold_gain":0,"player_choice":"Upgraded","damage_taken":0,"max_hp_gain":0,"max_hp_loss":0,"event_name":"Upgrade Shrine","floor":12,"gold_loss":0,"cards_upgraded":["Flame Barrier"]},{"damage_healed":0,"gold_gain":0,"player_choice":"Shed Blood","damage_taken":21,"max_hp_gain":5,"max_hp_loss":0,"event_name":"Forgotten Altar","floor":19,"gold_loss":0},{"damage_healed":0,"gold_gain":0,"player_choice":"Obtained Relic","damage_taken":0,"relics_obtained":["War Paint"],"max_hp_gain":0,"max_hp_loss":0,"event_name":"Addict","floor":20,"gold_loss":85},{"damage_healed":0,"gold_gain":0,"player_choice":"Ignored","damage_taken":0,"max_hp_gain":0,"max_hp_loss":0,"event_name":"Ghosts","floor":28,"gold_loss":0},{"damage_healed":0,"gold_gain":0,"player_choice":"Max HP","damage_taken":0,"max_hp_gain":0,"max_hp_loss":5,"event_name":"Winding Halls","floor":36,"gold_loss":0},{"damage_healed":0,"gold_gain":0,"player_choice":"Memory 1","damage_taken":0,"max_hp_gain":0,"max_hp_loss":0,"event_name":"SensoryStone","floor":37,"gold_loss":0},{"damage_healed":0,"gold_gain":0,"player_choice":"1 cards matched","damage_taken":0,"max_hp_gain":0,"max_hp_loss":0,"event_name":"Match and Keep!","floor":41,"gold_loss":0,"cards_obtained":["Rage"]}],"is_beta":false,"boss_relics":[{"not_picked":["White Beast Statue","Black Star"],"picked":"Empty Cage"},{"not_picked":["Orrery","Runic Dome"],"picked":"Sozu"}],"items_purged_floors":[22,25],"is_endless":false,"potions_floor_spawned":[1,2,3,13,16,18,21,24,48],"killed_by":"The Heart","ascension_level":0}