{"gold_per_floor":[115,128,145,145,70,70,103,123,146,146],"floor_reached":10,"playtime":199,"items_purged":["Injury"],"score":68,"play_id":"9c12c80e-ac3a-4de8-9d3a-09f1ca8a9d36","local_time":"20190316154559","is_ascension_mode":false,"campfire_choices":[{"data":"Infernal Blade","floor":6,"key":"SMITH"}],"neow_cost":"NONE","seed_source_timestamp":598542275646589,"circlet_count":0,"master_deck":["Strike_R","Strike_R","Strike_R","Strike_R","Strike_R","Defend_R","Defend_R","Defend_R","Defend_R","Bash","Whirlwind","Iron Wave","Infernal Blade+1","Seeing Red","Rampage"],"relics":["Burning Blood","NeowsBlessing","Golden Idol","Juzu Bracelet","Centennial Puzzle"],"potions_floor_usage":[],"damage_taken":[{"damage":0,"enemies":"Jaw Worm","floor":1,"turns":1},{"damage":0,"enemies":"Small Slimes","floor":2,"turns":1},{"damage":0,"enemies":"Cultist","floor":3,"turns":1},{"damage":33,"enemies":"3 Sentries","floor":7,"turns":9},{"damage":0,"enemies":"3 Louse","floor":8,"turns":1},{"damage":0,"enemies":"Exordium Thugs","floor":10,"turns":1}],"seed_played":"-130193359438239935","potions_obtained":[{"floor":3,"key":"Strength Potion"},{"floor":8,"key":"SmokeBomb"}],"is_trial":false,"path_per_floor":["M","M","M","?","$","R","E","M","T","M"],"character_chosen":"IRONCLAD","items_purchased":[],"campfire_rested":0,"item_purchase_floors":[],"current_hp_per_floor":[80,80,80,80,80,80,53,59,59,59],"gold":146,"neow_bonus":"THREE_ENEMY_KILL","is_prod":false,"is_daily":false,"chose_seed":false,"campfire_upgraded":1,"win_rate":0,"timestamp":1552751159,"path_taken":["M","M","M","?","$","R","E","M","T","M"],"build_version":"2019-01-23","purchased_purges":1,"victory":false,"max_hp_per_floor":[80,80,80,80,80,80,80,80,80,80],"card_choices":[{"not_picked":["Heavy Blade","True Grit"],"picked":"Whirlwind","floor":1},{"not_picked":["Sever Soul","Body Slam"],"picked":"Iron Wave","floor":2},{"not_picked":["Sword Boomerang","Twin Strike"],"picked":"Infernal Blade","floor":3},{"not_picked":["Thunderclap","Pummel"],"picked":"Seeing Red","floor":7},{"not_picked":["Iron Wave","Second Wind"],"picked":"Rampage","floor":8}],"player_experience":116032,"relics_obtained":[{"floor":7,"key":"Juzu Bracelet"},{"floor":9,"key":"Centennial Puzzle"}],"event_choices":[{"damage_healed":0,"gold_gain":0,"player_choice":"Take Wound","damage_taken":0,"relics_obtained":["Golden Idol"],"max_hp_gain":0,"max_hp_loss":0,"event_name":"Golden Idol","floor":4,"gold_loss":0,"cards_obtained":["Injury"]}],"is_beta":false,"boss_relics":[],"items_purged_floors":[5],"is_endless":false,"potions_floor_spawned":[3,8],"killed_by":"Exordium Thugs","ascension_level":0}