{"gold_per_floor":[118,131,131,146,146,172,172,0,77,227,250,250],"floor_reached":12,"playtime":244,"items_purged":["Strike_B"],"score":141,"play_id":"a886ffb1-fd52-4c24-bb0e-262ca5d4186f","local_time":"20190303195108","is_ascension_mode":true,"campfire_choices":[{"data":"Defragment","floor":7,"key":"SMITH"}],"neow_cost":"NONE","seed_source_timestamp":0,"circlet_count":0,"master_deck":["AscendersBane","Strike_B","Strike_B","Defend_B","Defend_B","Defend_B","Defend_B","Zap","Dualcast","Defragment+1","Auto Shields","Glacier","Loop","Hologram","Doubt"],"special_seed":0,"relics":["Cracked Core","NeowsBlessing","Pen Nib","Kunai","The Courier","Odd Mushroom"],"potions_floor_usage":[6],"damage_taken":[{"damage":0,"enemies":"2 Louse","floor":1,"turns":1},{"damage":0,"enemies":"Small Slimes","floor":2,"turns":1},{"damage":0,"enemies":"Jaw Worm","floor":4,"turns":1},{"damage":10,"enemies":"Gremlin Nob","floor":6,"turns":6},{"damage":21,"enemies":"The Mushroom Lair","floor":11,"turns":6},{"damage":10,"enemies":"3 Louse","floor":12,"turns":2}],"seed_played":"4981444914265289640","potions_obtained":[{"floor":1,"key":"Fire Potion"},{"floor":6,"key":"Ancient Potion"},{"floor":11,"key":"Dexterity Potion"}],"is_trial":false,"path_per_floor":["M","M","?","M","?","E","R","$","T","?","?","M"],"character_chosen":"DEFECT","items_purchased":["Loop","Hologram"],"campfire_rested":0,"item_purchase_floors":[8,8],"current_hp_per_floor":[64,64,57,57,39,29,29,29,29,29,8,0],"gold":250,"neow_bonus":"THREE_ENEMY_KILL","is_prod":false,"is_daily":false,"chose_seed":false,"campfire_upgraded":1,"win_rate":0,"timestamp":1551671468,"path_taken":["M","M","?","M","?","E","R","$","T","?","?","M"],"build_version":"2019-01-23","purchased_purges":1,"victory":false,"max_hp_per_floor":[71,71,71,71,71,71,71,71,71,71,71,71],"card_choices":[{"not_picked":["Recycle","Go for the Eyes"],"picked":"Defragment","floor":1},{"not_picked":["Leap","Steam"],"picked":"Auto Shields","floor":2},{"not_picked":["Compile Driver","Go for the Eyes"],"picked":"Glacier","floor":4},{"not_picked":["Fusion","Gash","Stack"],"picked":"SKIP","floor":6}],"player_experience":1242278,"relics_obtained":[{"floor":6,"key":"Kunai"},{"floor":9,"key":"The Courier"},{"floor":11,"key":"Odd Mushroom"}],"event_choices":[{"cards_removed":["Strike_B"],"damage_healed":0,"gold_gain":0,"player_choice":"Card Removal","damage_taken":7,"max_hp_gain":0,"max_hp_loss":0,"event_name":"Golden Wing","floor":3,"gold_loss":0},{"damage_healed":0,"gold_gain":0,"player_choice":"Success","damage_taken":18,"relics_obtained":["Pen Nib"],"max_hp_gain":0,"max_hp_loss":0,"event_name":"Scrap Ooze","floor":5,"gold_loss":0},{"damage_healed":0,"gold_gain":150,"player_choice":"AGREE","damage_taken":0,"max_hp_gain":0,"max_hp_loss":0,"event_name":"Liars Game","floor":10,"gold_loss":0,"cards_obtained":["Doubt"]},{"damage_healed":0,"gold_gain":0,"player_choice":"Fought Mushrooms","damage_taken":0,"max_hp_gain":0,"max_hp_loss":0,"event_name":"Mushrooms","floor":11,"gold_loss":0}],"is_beta":false,"boss_relics":[],"items_purged_floors":[8],"is_endless":false,"potions_floor_spawned":[1,6,11],"killed_by":"3 Louse","ascension_level":17}