{"gold_per_floor":[117,67,67,67,67,67,67,67,146,146,69,84,123,144,144,144],"floor_reached":16,"playtime":300,"items_purged":[],"score":149,"play_id":"924a16d6-78d9-4846-a460-9645669cc4e8","local_time":"20190317215453","is_ascension_mode":true,"campfire_choices":[{"data":"Seeing Red","floor":6,"key":"SMITH"},{"data":"Bash","floor":8,"key":"SMITH"},{"data":"Fiend Fire","floor":10,"key":"SMITH"},{"data":"Rampage","floor":15,"key":"SMITH"}],"neow_cost":"NONE","seed_source_timestamp":325339010096164,"circlet_count":0,"master_deck":["AscendersBane","Strike_R","Strike_R","Strike_R","Strike_R","Defend_R","Defend_R","Defend_R","Bash+1","Seeing Red+1","Fiend Fire+1","Regret","Rampage+1","Iron Wave","Reaper","Armaments"],"relics":["Burning Blood","Juzu Bracelet","Question Card","Strawberry","Golden Idol","Sundial","Gremlin Horn"],"potions_floor_usage":[],"damage_taken":[{"damage":9,"enemies":"Jaw Worm","floor":1,"turns":4},{"damage":10,"enemies":"2 Louse","floor":12,"turns":3},{"damage":14,"enemies":"Gremlin Nob","floor":13,"turns":3},{"damage":4,"enemies":"Small Slimes","floor":14,"turns":3},{"damage":92,"enemies":"Slime Boss","floor":16,"turns":8}],"seed_played":"2937081041987179681","potions_obtained":[{"floor":13,"key":"FairyPotion"}],"is_trial":false,"path_per_floor":["M","?","?","?","?","R","?","R","T","R","$","M","E","M","R","B"],"character_chosen":"IRONCLAD","items_purchased":["Rampage"],"campfire_rested":0,"item_purchase_floors":[11],"current_hp_per_floor":[69,69,66,66,73,73,73,73,73,73,73,69,61,71,71,0],"gold":144,"neow_bonus":"RANDOM_COMMON_RELIC","is_prod":false,"is_daily":false,"chose_seed":false,"campfire_upgraded":4,"win_rate":0,"timestamp":1552827293,"path_taken":["M","?","?","?","?","R","?","R","T","R","?","M","E","M","R","BOSS"],"build_version":"2019-01-23","purchased_purges":0,"victory":false,"max_hp_per_floor":[80,80,80,80,87,87,81,81,81,81,81,81,81,81,81,81],"card_choices":[{"not_picked":["Wild Strike","Warcry"],"picked":"Seeing Red","floor":1},{"not_picked":["Dual Wield","Combust","Shrug It Off"],"picked":"Iron Wave","floor":12},{"not_picked":["Juggernaut","Second Wind","Burning Pact"],"picked":"Reaper","floor":13},{"not_picked":["Sword Boomerang","Clash","Blood for Blood"],"picked":"Armaments","floor":14}],"player_experience":544266,"relics_obtained":[{"floor":9,"key":"Sundial"},{"floor":13,"key":"Gremlin Horn"}],"event_choices":[{"cards_removed":["Strike_R"],"damage_healed":0,"gold_gain":0,"player_choice":"Card Removal","damage_taken":0,"max_hp_gain":0,"max_hp_loss":0,"event_name":"The Cleric","floor":2,"gold_loss":50},{"damage_healed":0,"gold_gain":0,"player_choice":"Success","damage_taken":3,"relics_obtained":["Question Card"],"max_hp_gain":0,"max_hp_loss":0,"event_name":"Scrap Ooze","floor":3,"gold_loss":0},{"damage_healed":0,"gold_gain":0,"cards_transformed":["Defend_R"],"player_choice":"Change","damage_taken":0,"max_hp_gain":0,"max_hp_loss":0,"event_name":"Living Wall","floor":4,"gold_loss":0,"cards_obtained":["Fiend Fire"]},{"damage_healed":0,"gold_gain":0,"player_choice":"Box","damage_taken":0,"relics_obtained":["Strawberry"],"max_hp_gain":0,"max_hp_loss":0,"event_name":"Big Fish","floor":5,"gold_loss":0,"cards_obtained":["Regret"]},{"damage_healed":0,"gold_gain":0,"player_choice":"Lose Max HP","damage_taken":0,"relics_obtained":["Golden Idol"],"max_hp_gain":0,"max_hp_loss":6,"event_name":"Golden Idol","floor":7,"gold_loss":0}],"is_beta":false,"boss_relics":[],"items_purged_floors":[],"is_endless":false,"potions_floor_spawned":[13],"killed_by":"Slime Boss","ascension_level":11}