{"gold_per_floor":[114,114,114,133,149,180,180,211,263,263,263],"floor_reached":11,"playtime":220,"items_purged":[],"score":162,"play_id":"e4b3304c-7fbd-474d-869d-3885cc112485","local_time":"20191021180148","is_ascension_mode":true,"campfire_choices":[{"data":"Dualcast","floor":7,"key":"SMITH"},{"data":"Sweeping Beam","floor":10,"key":"SMITH"}],"neow_cost":"NONE","seed_source_timestamp":782427414913200,"circlet_count":0,"master_deck":["AscendersBane","Strike_B","Strike_B","Strike_B","Defend_B","Defend_B","Defend_B","Defend_B","Zap+1","Dualcast+1","Sweeping Beam+1","Cold Snap","Ball Lightning","All For One"],"relics":["Cracked Core","Shuriken","Bag of Marbles","Oddly Smooth Stone"],"potions_floor_usage":[4,6,6],"damage_taken":[{"damage":4,"enemies":"Jaw Worm","floor":1,"turns":4},{"damage":0,"enemies":"Small Slimes","floor":4,"turns":2},{"damage":0,"enemies":"Cultist","floor":5,"turns":3},{"damage":6,"enemies":"3 Sentries","floor":6,"turns":5},{"damage":25,"enemies":"Gremlin Nob","floor":8,"turns":4}],"seed_played":"1547364042651316130","potions_obtained":[{"floor":3,"key":"Fruit Juice"},{"floor":3,"key":"Explosive Potion"},{"floor":4,"key":"AttackPotion"}],"is_trial":false,"path_per_floor":["M","?","?","M","M","E","R","E","T","R","?"],"character_chosen":"DEFECT","items_purchased":[],"campfire_rested":0,"item_purchase_floors":[],"current_hp_per_floor":[60,53,53,58,58,52,52,27,27,27,0],"gold":263,"neow_bonus":"UPGRADE_CARD","is_prod":false,"is_daily":false,"chose_seed":false,"campfire_upgraded":2,"win_rate":0,"timestamp":1571706108,"path_taken":["M","?","?","M","?","E","R","E","T","R","?"],"build_version":"2019-07-17","purchased_purges":0,"victory":false,"max_hp_per_floor":[71,71,71,76,76,76,76,76,76,76,76],"card_choices":[{"not_picked":["Blizzard","Consume"],"picked":"Sweeping Beam","floor":1},{"not_picked":["FTL","Streamline"],"picked":"Cold Snap","floor":4},{"not_picked":["Streamline","Sweeping Beam"],"picked":"Ball Lightning","floor":5},{"not_picked":["Static Discharge","Aggregate","Redo"],"picked":"SKIP","floor":6},{"not_picked":["Melter","Barrage"],"picked":"All For One","floor":8}],"player_experience":882396,"relics_obtained":[{"floor":6,"key":"Shuriken"},{"floor":8,"key":"Bag of Marbles"},{"floor":9,"key":"Oddly Smooth Stone"}],"event_choices":[{"cards_removed":["Strike_B"],"damage_healed":0,"gold_gain":0,"player_choice":"Card Removal","damage_taken":7,"max_hp_gain":0,"max_hp_loss":0,"event_name":"Golden Wing","floor":2,"gold_loss":0},{"damage_healed":0,"gold_gain":0,"player_choice":"Got Potions","damage_taken":0,"max_hp_gain":0,"max_hp_loss":0,"event_name":"Lab","floor":3,"gold_loss":0}],"is_beta":false,"boss_relics":[],"items_purged_floors":[],"is_endless":false,"potions_floor_spawned":[4,5],"ascension_level":20}