{"gold_per_floor":[117,267,286,91,91,121,131,131,131,163,163,163,180,180],"floor_reached":14,"playtime":226,"items_purged":["Doubt"],"score":246,"play_id":"411fd784-28f1-457d-af7f-792f44351587","local_time":"20191021175102","is_ascension_mode":true,"campfire_choices":[{"data":"Sunder","floor":8,"key":"SMITH"},{"data":"Defragment","floor":11,"key":"SMITH"}],"neow_cost":"NONE","seed_source_timestamp":781774869678700,"circlet_count":0,"master_deck":["AscendersBane","Strike_B","Strike_B","Strike_B","Strike_B+1","Defend_B","Defend_B+1","Defend_B","Defend_B","Zap","Dualcast","Compile Driver","Self Repair","Defragment+1","Sunder+1","Core Surge","Capacitor","Hologram","FTL+1"],"relics":["Cracked Core","NeowsBlessing","The Courier","Happy Flower","Molten Egg 2"],"potions_floor_usage":[],"damage_taken":[{"damage":0,"enemies":"Small Slimes","floor":1,"turns":1},{"damage":0,"enemies":"Jaw Worm","floor":3,"turns":1},{"damage":0,"enemies":"Gremlin Nob","floor":6,"turns":1},{"damage":0,"enemies":"2 Louse","floor":7,"turns":1},{"damage":30,"enemies":"Lagavulin","floor":10,"turns":7},{"damage":11,"enemies":"Blue Slaver","floor":13,"turns":3},{"damage":25,"enemies":"3 Sentries","floor":14,"turns":4}],"seed_played":"-5431320210833969374","potions_obtained":[{"floor":6,"key":"SteroidPotion"}],"is_trial":false,"path_per_floor":["M","?","M","$","?","E","M","R","T","E","R","?","M","E"],"character_chosen":"DEFECT","items_purchased":["Defragment","Sunder"],"campfire_rested":0,"item_purchase_floors":[4,4],"current_hp_per_floor":[64,64,64,64,69,69,69,69,69,46,46,23,19,0],"gold":180,"neow_bonus":"THREE_ENEMY_KILL","is_prod":false,"is_daily":false,"chose_seed":false,"campfire_upgraded":2,"win_rate":0,"timestamp":1571705462,"path_taken":["M","?","M","$","?","E","M","R","T","E","R","?","M","E"],"build_version":"2019-07-17","purchased_purges":1,"victory":false,"max_hp_per_floor":[71,71,71,71,76,76,76,76,76,76,76,76,76,76],"card_choices":[{"not_picked":["Turbo","Lockon"],"picked":"Compile Driver","floor":1},{"not_picked":["Redo","Conserve Battery"],"picked":"Self Repair","floor":3},{"not_picked":["Coolheaded","Auto Shields"],"picked":"Core Surge","floor":6},{"not_picked":["Stack","Hello World"],"picked":"Capacitor","floor":7},{"not_picked":["Stack","Reinforced Body"],"picked":"Hologram","floor":10},{"not_picked":["Melter+1","Steam Power"],"picked":"FTL+1","floor":13}],"player_experience":881764,"relics_obtained":[{"floor":6,"key":"The Courier"},{"floor":9,"key":"Happy Flower"},{"floor":10,"key":"Molten Egg 2"}],"event_choices":[{"damage_healed":0,"gold_gain":150,"player_choice":"AGREE","damage_taken":0,"max_hp_gain":0,"max_hp_loss":0,"event_name":"Liars Game","floor":2,"gold_loss":0,"cards_obtained":["Doubt"]},{"damage_healed":0,"gold_gain":0,"player_choice":"Donut","damage_taken":0,"max_hp_gain":5,"max_hp_loss":0,"event_name":"Big Fish","floor":5,"gold_loss":0},{"damage_healed":0,"gold_gain":0,"player_choice":"Entered Light","damage_taken":23,"max_hp_gain":0,"max_hp_loss":0,"event_name":"Shining Light","floor":12,"gold_loss":0,"cards_upgraded":["Defend_B","Strike_B"]}],"is_beta":false,"boss_relics":[],"items_purged_floors":[4],"is_endless":false,"potions_floor_spawned":[6],"killed_by":"3 Sentries","ascension_level":20}