{"gold_per_floor":[109,109,129,143,58,91,91,157,180,180,245,94,108,140,140,218,218,234,234,254,28,38,38,52,52,52,52,52],"floor_reached":28,"playtime":727,"items_purged":["Strike_B"],"score":452,"play_id":"13bd8eb0-77ef-49e4-b00b-1d092ffc5a36","local_time":"20191004124938","is_ascension_mode":true,"campfire_choices":[{"data":"Doom and Gloom","floor":7,"key":"SMITH"},{"data":"Beam Cell","floor":10,"key":"SMITH"},{"data":"Defragment","floor":15,"key":"SMITH"},{"data":"Creative AI","floor":23,"key":"SMITH"},{"data":"Hologram","floor":27,"key":"SMITH"}],"neow_cost":"NONE","seed_source_timestamp":2029163614413600,"circlet_count":0,"master_deck":["AscendersBane","Strike_B","Defend_B","Defend_B","Defend_B","Defend_B","Zap","Dualcast","Beam Cell+1","Ball Lightning","Compile Driver","Capacitor","Doom and Gloom+1","Ball Lightning","Defragment+1","Gash","Genetic Algorithm","Creative AI+1","Genetic Algorithm","Hologram+1","Force Field","Compile Driver","Ball Lightning"],"relics":["Coffee Dripper","Oddly Smooth Stone","Bronze Scales","Regal Pillow","Blue Candle","Sozu","Lee\u0027s Waffle","Molten Egg 2"],"potions_floor_usage":[6,14,16,22],"damage_taken":[{"damage":1,"enemies":"Cultist","floor":1,"turns":3},{"damage":0,"enemies":"Small Slimes","floor":3,"turns":3},{"damage":0,"enemies":"2 Louse","floor":4,"turns":2},{"damage":25,"enemies":"Lagavulin","floor":6,"turns":6},{"damage":8,"enemies":"Gremlin Nob","floor":11,"turns":3},{"damage":1,"enemies":"Blue Slaver","floor":13,"turns":2},{"damage":14,"enemies":"3 Sentries","floor":14,"turns":4},{"damage":14,"enemies":"Hexaghost","floor":16,"turns":6},{"damage":40,"enemies":"2 Thieves","floor":18,"turns":4},{"damage":13,"enemies":"3 Byrds","floor":20,"turns":3},{"damage":36,"enemies":"Sentry and Sphere","floor":22,"turns":5},{"damage":28,"enemies":"Snake Plant","floor":24,"turns":5}],"seed_played":"-5001541147589048057","potions_obtained":[{"floor":1,"key":"PowerPotion"},{"floor":3,"key":"FearPotion"},{"floor":13,"key":"SteroidPotion"},{"floor":14,"key":"LiquidBronze"},{"floor":16,"key":"AttackPotion"}],"is_trial":false,"path_per_floor":["M","?","M","M","$","E","R","?","T","R","?","$","M","E","R","B",null,"M","?","M","$","M","R","M","?","T","R","?"],"character_chosen":"DEFECT","items_purchased":["Capacitor","Defragment","Lee\u0027s Waffle"],"campfire_rested":0,"item_purchase_floors":[5,12,21],"current_hp_per_floor":[63,63,63,63,63,38,38,38,38,38,30,30,29,15,15,1,54,14,28,15,78,42,42,14,14,14,14,0],"gold":52,"neow_bonus":"BOSS_RELIC","is_prod":false,"is_daily":false,"chose_seed":false,"campfire_upgraded":5,"win_rate":0,"timestamp":1570218578,"path_taken":["M","?","?","M","?","E","R","?","T","R","?","?","?","E","R","BOSS","M","?","M","$","M","R","M","?","T","R","?"],"build_version":"2019-07-17","purchased_purges":1,"victory":false,"max_hp_per_floor":[71,71,71,71,71,71,71,71,71,71,71,71,71,71,71,71,71,71,71,71,78,78,78,78,78,78,78,83],"card_choices":[{"not_picked":["Skim","Turbo","Recycle"],"picked":"SKIP","floor":1},{"not_picked":["Streamline","Redo"],"picked":"Ball Lightning","floor":3},{"not_picked":["Force Field","Static Discharge"],"picked":"Compile Driver","floor":4},{"not_picked":["Barrage","Hyperbeam"],"picked":"Doom and Gloom","floor":6},{"not_picked":["Stack","Rebound"],"picked":"Ball Lightning","floor":11},{"not_picked":["Heatsinks","Reprogram"],"picked":"Gash","floor":13},{"not_picked":["Cold Snap","Hologram"],"picked":"Genetic Algorithm","floor":14},{"not_picked":["All For One","Machine Learning"],"picked":"Creative AI","floor":16},{"not_picked":["Force Field","Turbo+1"],"picked":"Genetic Algorithm","floor":18},{"not_picked":["Compile Driver","FTL"],"picked":"Hologram","floor":20},{"not_picked":["Go for the Eyes","Streamline","Aggregate"],"picked":"SKIP","floor":22},{"not_picked":["Steam","Go for the Eyes"],"picked":"Force Field","floor":24}],"player_experience":821871,"relics_obtained":[{"floor":6,"key":"Oddly Smooth Stone"},{"floor":9,"key":"Bronze Scales"},{"floor":11,"key":"Regal Pillow"},{"floor":14,"key":"Blue Candle"},{"floor":26,"key":"Molten Egg 2"}],"event_choices":[{"damage_healed":0,"gold_gain":0,"player_choice":"1 cards matched","damage_taken":0,"max_hp_gain":0,"max_hp_loss":0,"event_name":"Match and Keep!","floor":2,"gold_loss":0,"cards_obtained":["Beam Cell"]},{"damage_healed":0,"gold_gain":66,"player_choice":"Gained Gold","damage_taken":0,"max_hp_gain":0,"max_hp_loss":0,"event_name":"Golden Wing","floor":8,"gold_loss":0},{"damage_healed":0,"gold_gain":30,"player_choice":"Searched \u00272\u0027 times","damage_taken":0,"max_hp_gain":0,"max_hp_loss":0,"event_name":"Dead Adventurer","floor":11,"gold_loss":0},{"damage_healed":14,"gold_gain":0,"player_choice":"Heal","damage_taken":0,"max_hp_gain":0,"max_hp_loss":0,"event_name":"The Library","floor":19,"gold_loss":0},{"damage_healed":0,"gold_gain":0,"cards_transformed":["Strike_B","Strike_B"],"player_choice":"Became Test Subject","damage_taken":0,"max_hp_gain":0,"max_hp_loss":0,"event_name":"Drug Dealer","floor":25,"gold_loss":0,"cards_obtained":["Compile Driver","Ball Lightning"]}],"is_beta":false,"boss_relics":[{"not_picked":["Empty Cage","Fusion Hammer"],"picked":"Sozu"}],"items_purged_floors":[12],"is_endless":false,"potions_floor_spawned":[1,3,13,14,16,20,22],"ascension_level":20}