{"gold_per_floor":[112,112,34,49,59,86,86,112,135,149,149,165,130,165,165,240,240,260,260,260,240,251,251],"floor_reached":23,"playtime":770,"items_purged":[],"score":445,"play_id":"05dae4c7-560d-4d7d-8ad7-b403854a2cb3","local_time":"20190524194158","is_ascension_mode":true,"campfire_choices":[{"data":"Go for the Eyes","floor":7,"key":"SMITH"},{"floor":11,"key":"REST"},{"data":"Undo","floor":15,"key":"SMITH"}],"neow_cost":"NONE","seed_source_timestamp":817618283860148,"circlet_count":0,"master_deck":["AscendersBane","Strike_B+1","Strike_B+1","Strike_B+1","Defend_B+1","Defend_B+1","Defend_B+1","Defend_B+1","Zap","Dualcast","Gash","Beam Cell","Cold Snap","FTL","Go for the Eyes+1","Beam Cell","Hologram","Undo+1","All For One","Ball Lightning+1","Gash","Defragment"],"relics":["Cracked Core","NeowsBlessing","Happy Flower","Whetstone","Omamori","Strawberry","Fusion Hammer"],"potions_floor_usage":[14,23,23],"damage_taken":[{"damage":0,"enemies":"Jaw Worm","floor":1,"turns":1},{"damage":0,"enemies":"Cultist","floor":4,"turns":1},{"damage":0,"enemies":"Small Slimes","floor":5,"turns":1},{"damage":21,"enemies":"Lagavulin","floor":6,"turns":7},{"damage":16,"enemies":"3 Sentries","floor":8,"turns":7},{"damage":8,"enemies":"Blue Slaver","floor":10,"turns":3},{"damage":1,"enemies":"3 Louse","floor":12,"turns":3},{"damage":0,"enemies":"Gremlin Nob","floor":14,"turns":3},{"damage":1,"enemies":"The Guardian","floor":16,"turns":14},{"damage":6,"enemies":"Chosen","floor":18,"turns":3},{"damage":10,"enemies":"3 Byrds","floor":22,"turns":5},{"damage":65,"enemies":"Gremlin Leader","floor":23,"turns":4}],"seed_played":"1390530840066822537","potions_obtained":[{"floor":5,"key":"SneckoOil"},{"floor":8,"key":"FearPotion"},{"floor":14,"key":"Energy Potion"},{"floor":16,"key":"Explosive Potion"},{"floor":21,"key":"PowerPotion"}],"is_trial":false,"path_per_floor":["M","?","$","M","M","E","R","E","T","M","R","M","?","E","R","B",null,"M","?","?","?","M","E"],"character_chosen":"DEFECT","items_purchased":["Beam Cell","Cold Snap"],"campfire_rested":1,"item_purchase_floors":[3,3],"current_hp_per_floor":[64,64,64,64,64,43,43,27,27,19,40,39,56,63,63,62,74,68,68,68,68,58,0],"gold":251,"neow_bonus":"THREE_ENEMY_KILL","is_prod":false,"is_daily":false,"chose_seed":false,"campfire_upgraded":2,"win_rate":0,"timestamp":1558752118,"path_taken":["M","?","$","M","?","E","R","E","T","M","R","M","?","E","R","BOSS","M","?","?","?","M","E"],"build_version":"2019-01-23","purchased_purges":0,"victory":false,"max_hp_per_floor":[71,71,71,71,71,71,71,71,71,71,71,71,71,78,78,78,78,78,78,78,78,78,78],"card_choices":[{"not_picked":["Rebound","Fusion"],"picked":"Gash","floor":1},{"not_picked":["Cold Snap","Hello World"],"picked":"FTL","floor":4},{"not_picked":["Sweeping Beam","Heatsinks"],"picked":"Go for the Eyes","floor":5},{"not_picked":["Reinforced Body","Aggregate"],"picked":"Beam Cell","floor":6},{"not_picked":["Ball Lightning","Leap"],"picked":"Hologram","floor":8},{"not_picked":["Heatsinks","Beam Cell"],"picked":"Undo","floor":10},{"not_picked":["Turbo","Chaos","Rainbow"],"picked":"SKIP","floor":12},{"not_picked":["Aggregate","Turbo","Reinforced Body"],"picked":"SKIP","floor":14},{"not_picked":["Fission","Hyperbeam"],"picked":"All For One","floor":16},{"not_picked":["Lockon","Undo"],"picked":"Ball Lightning+1","floor":18},{"not_picked":["Double Energy","Compile Driver"],"picked":"Defragment","floor":22}],"player_experience":530808,"relics_obtained":[{"floor":6,"key":"Happy Flower"},{"floor":8,"key":"Whetstone"},{"floor":9,"key":"Omamori"},{"floor":14,"key":"Strawberry"}],"event_choices":[{"cards_removed":["Strike_B"],"damage_healed":0,"gold_gain":0,"player_choice":"Offered Basic","damage_taken":0,"max_hp_gain":0,"max_hp_loss":0,"event_name":"Bonfire Elementals","floor":2,"gold_loss":0},{"damage_healed":17,"gold_gain":0,"player_choice":"Healed","damage_taken":0,"max_hp_gain":0,"max_hp_loss":0,"event_name":"The Cleric","floor":13,"gold_loss":35},{"damage_healed":0,"gold_gain":0,"player_choice":"Simplicity","damage_taken":0,"max_hp_gain":0,"max_hp_loss":0,"event_name":"Back to Basics","floor":19,"gold_loss":0,"cards_upgraded":["Strike_B","Defend_B","Defend_B","Defend_B","Defend_B"]},{"damage_healed":0,"gold_gain":0,"player_choice":"Read","damage_taken":0,"max_hp_gain":0,"max_hp_loss":0,"event_name":"The Library","floor":20,"gold_loss":0,"cards_obtained":["Gash"]},{"damage_healed":0,"gold_gain":0,"player_choice":"Bought 1 Potion","damage_taken":0,"max_hp_gain":0,"max_hp_loss":0,"event_name":"The Woman in Blue","floor":21,"gold_loss":0}],"is_beta":false,"boss_relics":[{"not_picked":["Pandora\u0027s Box","Runic Pyramid"],"picked":"Fusion Hammer"}],"items_purged_floors":[],"is_endless":false,"potions_floor_spawned":[5,8,14,16],"killed_by":"Gremlin Leader","ascension_level":18}