{"gold_per_floor":[112,112,112,131,145,145,145,159,159,159,159,174,174,192,192,287,287,304,272,272,272,282,282,293,293,339,339,357,377,0,0,0,0],"floor_reached":33,"playtime":1078,"items_purged":[],"score":359,"play_id":"b3262150-9a17-4905-bfb0-223837a288b6","local_time":"20190420082704","is_ascension_mode":true,"campfire_choices":[{"data":"Unload","floor":6.0,"key":"SMITH"},{"data":"Cloak And Dagger","floor":10.0,"key":"SMITH"},{"data":"Survivor","floor":13.0,"key":"SMITH"},{"floor":15.0,"key":"REST"},{"data":"Adrenaline","floor":23.0,"key":"SMITH"},{"floor":25,"key":"REST"},{"floor":27,"key":"REST"},{"data":"Burst","floor":32,"key":"SMITH"}],"neow_cost":"NONE","seed_source_timestamp":418310934996900,"circlet_count":0,"master_deck":["AscendersBane","Defend_G+1","Defend_G+1","Defend_G+1","Defend_G+1","Defend_G+1","Strike_G+1","Strike_G+1","Strike_G+1","Strike_G+1","Strike_G+1","Survivor+1","Neutralize+1","Unload+1","Cloak And Dagger+1","Accuracy","Footwork+1","Adrenaline+1","Accuracy","Burst+1"],"special_seed":0,"relics":["Ring of the Snake","NeowsBlessing","Pantograph","WristBlade","Dream Catcher"],"potions_floor_usage":[24,29],"damage_taken":[{"damage":0.0,"enemies":"Jaw Worm","floor":1.0,"turns":1.0},{"damage":0.0,"enemies":"Cultist","floor":4.0,"turns":1.0},{"damage":0.0,"enemies":"2 Louse","floor":5.0,"turns":1.0},{"damage":10.0,"enemies":"Exordium Thugs","floor":8.0,"turns":6.0},{"damage":7.0,"enemies":"Exordium Wildlife","floor":12.0,"turns":5.0},{"damage":10.0,"enemies":"Gremlin Gang","floor":14.0,"turns":6.0},{"damage":48.0,"enemies":"Slime Boss","floor":16.0,"turns":16.0},{"damage":3.0,"enemies":"Shell Parasite","floor":18.0,"turns":8.0},{"damage":18.0,"enemies":"2 Thieves","floor":19.0,"turns":5.0},{"damage":2.0,"enemies":"Centurion and Healer","floor":22.0,"turns":8.0},{"damage":13,"enemies":"Snecko","floor":24,"turns":6},{"damage":20,"enemies":"Chosen and Byrds","floor":28,"turns":7},{"damage":11,"enemies":"Snake Plant","floor":29,"turns":5},{"damage":67,"enemies":"Automaton","floor":33,"turns":6}],"seed_played":"-8287004986818435471","potions_obtained":[{"floor":1.0,"key":"EssenceOfSteel"},{"floor":8.0,"key":"Dexterity Potion"},{"floor":12.0,"key":"SteroidPotion"},{"floor":16.0,"key":"Fruit Juice"},{"floor":18.0,"key":"Strength Potion"},{"floor":19.0,"key":"EssenceOfSteel"},{"floor":24,"key":"Poison Potion"},{"floor":29,"key":"Explosive Potion"}],"is_trial":false,"path_per_floor":["M","?","?","M","M","R","?","M","T","R","?","M","R","M","R","B",null,"M","M","?","?","M","R","M","R","T","R","M","M","?","?","R","B"],"character_chosen":"THE_SILENT","items_purchased":[],"campfire_rested":3,"item_purchase_floors":[],"current_hp_per_floor":[63,63,63,63,63,63,49,39,39,39,39,32,32,22,43,25,63,60,42,28,28,26,26,13,37,37,61,41,30,30,30,30,0],"gold":0,"neow_bonus":"THREE_ENEMY_KILL","is_prod":false,"is_daily":false,"chose_seed":false,"campfire_upgraded":5,"win_rate":0,"timestamp":1555741624,"path_taken":["M","?","?","M","?","R","?","M","T","R","?","M","R","M","R","BOSS","M","M","?","?","?","R","?","R","T","R","M","M","?","?","R","BOSS"],"build_version":"2019-01-23","purchased_purges":0,"victory":false,"max_hp_per_floor":[70,70,70,70,70,70,70,70,70,70,70,70,70,70,70,75,75,75,75,80,80,80,80,80,80,80,80,80,80,80,80,80,80],"card_choices":[{"not_picked":["Reflex","Dodge and Roll","Underhanded Strike"],"picked":"SKIP","floor":1.0},{"not_picked":["Eviscerate","Predator","Dodge and Roll"],"picked":"SKIP","floor":4.0},{"not_picked":["Slice","Predator","Doppelganger"],"picked":"SKIP","floor":5.0},{"not_picked":["Sucker Punch","Well Laid Plans"],"picked":"Cloak And Dagger","floor":8.0},{"not_picked":["Expertise","Flying Knee"],"picked":"Accuracy","floor":12.0},{"not_picked":["Caltrops","Concentrate","Catalyst"],"picked":"SKIP","floor":14.0},{"not_picked":["PiercingWail","Escape Plan"],"picked":"Footwork+1","floor":18.0},{"not_picked":["Underhanded Strike","Poisoned Stab","Distraction"],"picked":"SKIP","floor":19.0},{"not_picked":["Underhanded Strike+1","Prepared+1"],"picked":"Adrenaline","floor":22.0},{"not_picked":["Dagger Throw","PiercingWail+1","Sucker Punch+1"],"picked":"SKIP","floor":24},{"not_picked":["PiercingWail","Catalyst+1"],"picked":"Accuracy","floor":27},{"not_picked":["Acrobatics","Quick Slash+1"],"picked":"Burst","floor":28},{"not_picked":["Underhanded Strike","Flying Knee+1","Outmaneuver"],"picked":"SKIP","floor":29}],"player_experience":430061,"relics_obtained":[{"floor":9.0,"key":"Pantograph"},{"floor":26,"key":"Dream Catcher"}],"event_choices":[{"damage_healed":0.0,"max_hp_gain":0.0,"max_hp_loss":0.0,"gold_gain":0.0,"event_name":"The Cleric","player_choice":"Leave","floor":2.0,"gold_loss":0.0,"damage_taken":0.0},{"damage_healed":0.0,"max_hp_gain":0.0,"max_hp_loss":0.0,"gold_gain":0.0,"event_name":"Match and Keep!","player_choice":"1 cards matched","floor":3.0,"gold_loss":0.0,"damage_taken":0.0,"cards_obtained":["Unload"]},{"damage_healed":0.0,"max_hp_gain":0.0,"max_hp_loss":0.0,"gold_gain":0.0,"event_name":"Shining Light","player_choice":"Entered Light","floor":7.0,"gold_loss":0.0,"damage_taken":14.0,"cards_upgraded":["Defend_G","Strike_G"]},{"damage_healed":0.0,"max_hp_gain":0.0,"max_hp_loss":0.0,"gold_gain":0.0,"event_name":"Accursed Blacksmith","player_choice":"Forge","floor":11.0,"gold_loss":0.0,"damage_taken":0.0,"cards_upgraded":["Neutralize"]},{"damage_healed":0.0,"max_hp_gain":5.0,"max_hp_loss":0.0,"gold_gain":0.0,"event_name":"Forgotten Altar","player_choice":"Shed Blood","floor":20.0,"gold_loss":0.0,"damage_taken":19.0},{"damage_healed":0.0,"max_hp_gain":0.0,"max_hp_loss":0.0,"gold_gain":0.0,"event_name":"FaceTrader","player_choice":"Leave","floor":21.0,"gold_loss":0.0,"damage_taken":0.0},{"damage_healed":0,"gold_gain":0,"player_choice":"Paid Fearfully","damage_taken":0,"max_hp_gain":0,"max_hp_loss":0,"event_name":"Masked Bandits","floor":30,"gold_loss":377},{"damage_healed":0,"gold_gain":0,"player_choice":"Simplicity","damage_taken":0,"max_hp_gain":0,"max_hp_loss":0,"event_name":"Back to Basics","floor":31,"gold_loss":0,"cards_upgraded":["Defend_G","Defend_G","Defend_G","Defend_G","Strike_G","Strike_G","Strike_G","Strike_G"]}],"is_beta":false,"boss_relics":[{"not_picked":["Orrery","Coffee Dripper"],"picked":"WristBlade"}],"items_purged_floors":[],"is_endless":false,"potions_floor_spawned":[1,8,12,16,18,19,24,29],"killed_by":"Automaton","ascension_level":10}