{"gold_per_floor":[16,16,26,38,58,89,105,105,178,210,210,72,100,250,250,321,321,332,332,352,384,398,398],"floor_reached":23,"playtime":859,"items_purged":[],"score":547,"play_id":"81af6a61-41d7-4355-8ab7-1d75cd689e4f","local_time":"20190724175305","is_ascension_mode":true,"campfire_choices":[{"floor":8.0,"key":"REST"},{"floor":11.0,"key":"REST"},{"floor":15,"key":"REST"}],"neow_cost":"NO_GOLD","seed_source_timestamp":0,"circlet_count":0,"master_deck":["AscendersBane","Strike_B+1","Strike_B+1","Strike_B+1","Defend_B+1","Defend_B+1","Defend_B+1","Defend_B+1","Zap","Dualcast","Ball Lightning","Genetic Algorithm","Darkness","Conserve Battery","Genetic Algorithm","Glacier","Ball Lightning","White Noise","Genetic Algorithm","Defragment","Capacitor","Conserve Battery","Glacier","Doubt","Fission","Electrodynamics","Melter","Conserve Battery","Conserve Battery+1"],"special_seed":0,"relics":["Cracked Core","Ginger","Dream Catcher","Matryoshka","FossilizedHelix","Vajra","Black Star","Red Mask"],"potions_floor_usage":[13,21,21],"damage_taken":[{"damage":2.0,"enemies":"Cultist","floor":1.0,"turns":4.0},{"damage":3.0,"enemies":"Jaw Worm","floor":3.0,"turns":3.0},{"damage":3.0,"enemies":"2 Louse","floor":4.0,"turns":3.0},{"damage":13.0,"enemies":"Large Slime","floor":5.0,"turns":5.0},{"damage":40.0,"enemies":"Gremlin Nob","floor":6.0,"turns":4.0},{"damage":9.0,"enemies":"Exordium Thugs","floor":7.0,"turns":4.0},{"damage":10.0,"enemies":"Lagavulin","floor":10.0,"turns":5.0},{"damage":0,"enemies":"Gremlin Nob","floor":13,"turns":3},{"damage":16,"enemies":"Slime Boss","floor":16,"turns":9},{"damage":12,"enemies":"Chosen","floor":18,"turns":6},{"damage":0,"enemies":"Spheric Guardian","floor":20,"turns":5},{"damage":10,"enemies":"Masked Bandits","floor":21,"turns":6},{"damage":4,"enemies":"Centurion and Healer","floor":22,"turns":8},{"damage":48,"enemies":"Gremlin Leader","floor":23,"turns":4}],"seed_played":"-199267406938910364","potions_obtained":[{"floor":3.0,"key":"Energy Potion"},{"floor":5.0,"key":"Regen Potion"},{"floor":6.0,"key":"Weak Potion"},{"floor":10.0,"key":"FearPotion"},{"floor":13,"key":"PowerPotion"},{"floor":18,"key":"Fire Potion"}],"is_trial":false,"path_per_floor":["M","?","M","M","M","E","M","R","T","E","R","$","E","?","R","B",null,"M","?","M","?","M","E"],"character_chosen":"DEFECT","items_purchased":["Capacitor","Conserve Battery"],"campfire_rested":3,"item_purchase_floors":[12,12],"current_hp_per_floor":[62,62,59,56,43,15,6,27,27,17,38,38,38,38,59,43,64,52,52,52,42,38,0],"gold":398,"neow_bonus":"ONE_RARE_RELIC","is_prod":false,"is_daily":false,"chose_seed":false,"campfire_upgraded":0,"win_rate":0,"timestamp":1564015985,"path_taken":["M","?","M","?","M","E","M","R","T","E","R","$","E","?","R","BOSS","M","?","M","?","M","E"],"build_version":"2019-07-17","purchased_purges":0,"victory":false,"max_hp_per_floor":[71,71,71,71,71,71,71,71,71,71,71,71,71,71,71,71,71,71,71,71,71,71,71],"card_choices":[{"not_picked":["Turbo","Rebound"],"picked":"Ball Lightning","floor":1.0},{"not_picked":["Skim","Heatsinks"],"picked":"Darkness","floor":3.0},{"not_picked":["Turbo","Stack"],"picked":"Conserve Battery","floor":4.0},{"not_picked":["Redo","Turbo"],"picked":"Genetic Algorithm","floor":5.0},{"not_picked":["Fusion","FTL"],"picked":"Glacier","floor":6.0},{"not_picked":["Reboot","Gash"],"picked":"Ball Lightning","floor":7.0},{"not_picked":["Beam Cell","Turbo"],"picked":"White Noise","floor":8.0},{"not_picked":["Thunder Strike","Redo"],"picked":"Genetic Algorithm","floor":10.0},{"not_picked":["Turbo","Hello World"],"picked":"Defragment","floor":11.0},{"not_picked":["Streamline","Barrage"],"picked":"Glacier","floor":13},{"not_picked":["Go for the Eyes","Reinforced Body"],"picked":"Fission","floor":15},{"not_picked":["Hyperbeam","Amplify"],"picked":"Electrodynamics","floor":16},{"not_picked":["Go for the Eyes","Steam"],"picked":"Melter","floor":18},{"not_picked":["Heatsinks","Coolheaded"],"picked":"Conserve Battery","floor":20},{"not_picked":["Leap","Streamline"],"picked":"Conserve Battery+1","floor":22}],"player_experience":701943,"relics_obtained":[{"floor":6.0,"key":"Dream Catcher"},{"floor":9.0,"key":"Matryoshka"},{"floor":10.0,"key":"FossilizedHelix"},{"floor":13,"key":"Vajra"},{"floor":21,"key":"Red Mask"}],"event_choices":[{"damage_healed":0.0,"max_hp_gain":0.0,"max_hp_loss":0.0,"gold_gain":0.0,"cards_transformed":["Strike_B"],"event_name":"Transmorgrifier","player_choice":"Transformed","floor":2.0,"gold_loss":0.0,"damage_taken":0.0,"cards_obtained":["Genetic Algorithm"]},{"damage_healed":0,"gold_gain":150,"player_choice":"AGREE","damage_taken":0,"max_hp_gain":0,"max_hp_loss":0,"event_name":"Liars Game","floor":14,"gold_loss":0,"cards_obtained":["Doubt"]},{"damage_healed":0,"gold_gain":0,"player_choice":"Simplicity","damage_taken":0,"max_hp_gain":0,"max_hp_loss":0,"event_name":"Back to Basics","floor":19,"gold_loss":0,"cards_upgraded":["Strike_B","Strike_B","Strike_B","Defend_B","Defend_B","Defend_B","Defend_B"]},{"damage_healed":0,"gold_gain":0,"player_choice":"Fought Bandits","damage_taken":0,"max_hp_gain":0,"max_hp_loss":0,"event_name":"Masked Bandits","floor":21,"gold_loss":0}],"is_beta":false,"boss_relics":[{"not_picked":["Nuclear Battery","Orrery"],"picked":"Black Star"}],"items_purged_floors":[],"is_endless":false,"potions_floor_spawned":[3,5,6,10,13,18],"killed_by":"Gremlin Leader","ascension_level":20}