{"gold_per_floor":[113,113,188,338,353,388,388,404,427,459,459,459,469,482,482,482],"floor_reached":16,"playtime":357,"items_purged":[],"score":270,"play_id":"38a2b161-e867-4069-9e5d-eeadc73ab32e","local_time":"20190816105329","is_ascension_mode":true,"campfire_choices":[{"data":"Go for the Eyes","floor":7,"key":"SMITH"},{"data":"Zap","floor":12,"key":"SMITH"},{"data":"Melter","floor":15,"key":"SMITH"}],"neow_cost":"NONE","seed_source_timestamp":175185655181300,"circlet_count":0,"master_deck":["AscendersBane","Strike_B","Strike_B","Strike_B","Strike_B","Defend_B","Defend_B+1","Defend_B+1","Defend_B","Zap+1","Dualcast","Gash","Doubt","Go for the Eyes+1","Conserve Battery","Ball Lightning","Melter+1","Gash"],"relics":["Cracked Core","NeowsBlessing","Orichalcum","Lantern","War Paint","Anchor","Bag of Marbles"],"potions_floor_usage":[10,10,16],"damage_taken":[{"damage":0,"enemies":"Small Slimes","floor":1,"turns":1},{"damage":0,"enemies":"Cultist","floor":5,"turns":1},{"damage":0,"enemies":"Gremlin Nob","floor":6,"turns":1},{"damage":2,"enemies":"2 Louse","floor":8,"turns":2},{"damage":4,"enemies":"3 Sentries","floor":10,"turns":7},{"damage":0,"enemies":"Exordium Thugs","floor":13,"turns":4},{"damage":6,"enemies":"Exordium Wildlife","floor":14,"turns":4},{"damage":43,"enemies":"Slime Boss","floor":16,"turns":6}],"seed_played":"-7755086484411635978","potions_obtained":[{"floor":5,"key":"AttackPotion"},{"floor":6,"key":"Fire Potion"},{"floor":14,"key":"Regen Potion"}],"is_trial":false,"path_per_floor":["M","?","?","?","M","E","R","M","T","E","?","R","M","M","R","B"],"character_chosen":"DEFECT","items_purchased":[],"campfire_rested":0,"item_purchase_floors":[],"current_hp_per_floor":[64,46,35,35,35,35,35,33,33,29,29,29,29,23,23,0],"gold":482,"neow_bonus":"THREE_ENEMY_KILL","is_prod":false,"is_daily":false,"chose_seed":false,"campfire_upgraded":3,"win_rate":0,"timestamp":1565978009,"path_taken":["M","?","?","?","M","E","R","M","T","E","?","R","M","?","R","BOSS"],"build_version":"2019-07-17","purchased_purges":0,"victory":false,"max_hp_per_floor":[71,71,71,71,71,71,71,71,71,71,71,71,71,71,71,71],"card_choices":[{"not_picked":["Aggregate","Barrage"],"picked":"Gash","floor":1},{"not_picked":["Steam","Stack"],"picked":"Gash","floor":5},{"not_picked":["BootSequence","Recycle"],"picked":"Go for the Eyes","floor":6},{"not_picked":["Barrage","Gash"],"picked":"Conserve Battery","floor":8},{"not_picked":["Redo","Leap"],"picked":"Ball Lightning","floor":10},{"not_picked":["Go for the Eyes","Aggregate"],"picked":"Melter","floor":13},{"not_picked":["Rebound","Core Surge"],"picked":"Gash","floor":14}],"player_experience":729668,"relics_obtained":[{"floor":6,"key":"Lantern"},{"floor":9,"key":"War Paint"},{"floor":10,"key":"Anchor"}],"event_choices":[{"damage_healed":0,"gold_gain":0,"player_choice":"Success","damage_taken":18,"relics_obtained":["Orichalcum"],"max_hp_gain":0,"max_hp_loss":0,"event_name":"Scrap Ooze","floor":2,"gold_loss":0},{"damage_healed":0,"gold_gain":75,"player_choice":"Gather Gold","damage_taken":11,"max_hp_gain":0,"max_hp_loss":0,"event_name":"World of Goop","floor":3,"gold_loss":0},{"damage_healed":0,"gold_gain":150,"player_choice":"AGREE","damage_taken":0,"max_hp_gain":0,"max_hp_loss":0,"event_name":"Liars Game","floor":4,"gold_loss":0,"cards_obtained":["Doubt"]},{"cards_removed":["Gash"],"damage_healed":0,"gold_gain":0,"player_choice":"Gave Card","damage_taken":0,"relics_obtained":["Bag of Marbles"],"max_hp_gain":0,"max_hp_loss":0,"event_name":"WeMeetAgain","floor":11,"gold_loss":0}],"is_beta":false,"boss_relics":[],"items_purged_floors":[],"is_endless":false,"potions_floor_spawned":[5,6,8,14],"killed_by":"Slime Boss","ascension_level":20}