{"gold_per_floor":[112,129,129,145,95,127,137,170,208,233,245,257,308,339,351,440,452,474,486,513,73,85,119,119,145,145,161,196,47,63,98,98,172,172,190,190,210,190,140,170,184,197,247,264,264,264,291,306,306,306,306,306,23,56,56],"floor_reached":56,"playtime":5121,"items_purged":["Normality","Writhe"],"score":2242,"play_id":"45f71bf6-3d64-4c89-9e4d-9027577a1c8c","local_time":"20190603180752","is_ascension_mode":true,"campfire_choices":[{"floor":11.0,"key":"REST"},{"data":"Beam Cell","floor":15.0,"key":"SMITH"},{"data":"Consume","floor":24.0,"key":"SMITH"},{"floor":32.0,"key":"DIG"},{"floor":45,"key":"DIG"},{"floor":49,"key":"RECALL"},{"floor":52,"key":"DIG"}],"neow_cost":"NONE","seed_source_timestamp":0,"circlet_count":0,"master_deck":["AscendersBane","Strike_B","Strike_B","Strike_B","Strike_B+1","Defend_B","Defend_B","Defend_B","Defend_B","Zap","Dualcast","Rebound","Auto Shields","Undo","Go for the Eyes","Self Repair+1","Loop+1","Beam Cell+1","Machine Learning+1","Glacier","Core Surge","Consume+1","Static Discharge+1","Defragment+1","Cold Snap+1","Biased Cognition+1","Static Discharge+1","Hologram","Creative AI+1","Hello World+1","Hologram","Machine Learning+1","Madness","Madness","Barrage+1","Hologram","BootSequence+1","Normality","Bandage Up","PanicButton","Panacea","Hologram","Capacitor+1"],"special_seed":0,"relics":["Cursed Key","Frozen Egg 2","MawBank","Strawberry","Happy Flower","Coffee Dripper","Bird Faced Urn","Smiling Mask","Centennial Puzzle","Shovel","Dead Branch","Regal Pillow","Unceasing Top","Lizard Tail","DataDisk","Blue Candle","Whetstone","Cables","Kunai","Emotion Chip"],"potions_floor_usage":[41,50,55,55],"damage_taken":[{"damage":6.0,"enemies":"Small Slimes","floor":1.0,"turns":4.0},{"damage":2.0,"enemies":"Cultist","floor":2.0,"turns":4.0},{"damage":9.0,"enemies":"2 Louse","floor":4.0,"turns":3.0},{"damage":7.0,"enemies":"Lagavulin","floor":6.0,"turns":7.0},{"damage":10.0,"enemies":"Looter","floor":7.0,"turns":4.0},{"damage":23.0,"enemies":"Gremlin Nob","floor":8.0,"turns":4.0},{"damage":14.0,"enemies":"3 Louse","floor":10.0,"turns":3.0},{"damage":10.0,"enemies":"Lagavulin","floor":13.0,"turns":8.0},{"damage":0.0,"enemies":"Exordium Wildlife","floor":14.0,"turns":5.0},{"damage":59.0,"enemies":"Slime Boss","floor":16.0,"turns":16.0},{"damage":13.0,"enemies":"Spheric Guardian","floor":18.0,"turns":8.0},{"damage":11.0,"enemies":"3 Byrds","floor":20.0,"turns":9.0},{"damage":28.0,"enemies":"Centurion and Healer","floor":22.0,"turns":5.0},{"damage":51.0,"enemies":"Gremlin Leader","floor":23.0,"turns":13.0},{"damage":17.0,"enemies":"Book of Stabbing","floor":25.0,"turns":4.0},{"damage":0.0,"enemies":"Sentry and Sphere","floor":27.0,"turns":10.0},{"damage":23.0,"enemies":"Gremlin Leader","floor":28.0,"turns":13.0},{"damage":24.0,"enemies":"Snake Plant","floor":30.0,"turns":11.0},{"damage":59.0,"enemies":"Slavers","floor":31.0,"turns":4.0},{"damage":18.0,"enemies":"Champ","floor":33.0,"turns":17.0},{"damage":40,"enemies":"3 Darklings","floor":35,"turns":5},{"damage":27,"enemies":"Orb Walker","floor":37,"turns":3},{"damage":89,"enemies":"Reptomancer","floor":40,"turns":5},{"damage":26,"enemies":"Transient","floor":41,"turns":6},{"damage":21,"enemies":"3 Darklings","floor":42,"turns":12},{"damage":59,"enemies":"Writhing Mass","floor":44,"turns":17},{"damage":54,"enemies":"Giant Head","floor":47,"turns":14},{"damage":47,"enemies":"Spire Growth","floor":48,"turns":14},{"damage":18,"enemies":"Awakened One","floor":50,"turns":18},{"damage":27,"enemies":"Shield and Spear","floor":54,"turns":9},{"damage":57,"enemies":"The Heart","floor":55,"turns":14}],"seed_played":"4655575430366072216","potions_obtained":[{"floor":1.0,"key":"FearPotion"},{"floor":3.0,"key":"EntropicBrew"},{"floor":4.0,"key":"Poison Potion"},{"floor":7.0,"key":"PowerPotion"},{"floor":18.0,"key":"Weak Potion"},{"floor":23.0,"key":"Explosive Potion"},{"floor":28.0,"key":"Weak Potion"},{"floor":31.0,"key":"FocusPotion"},{"floor":33.0,"key":"FearPotion"},{"floor":48,"key":"AttackPotion"},{"floor":54,"key":"Poison Potion"}],"is_trial":false,"path_per_floor":["M","M","?","M","$","E","M","E","T","M","R","?","E","M","R","B",null,"M","?","M","$","M","E","R","E","T","M","E","$","M","E","R","B",null,"M","?","M","?","$","E","M","M","T","M","R","?","E","M","R","B",null,"R","$","E","B",null],"character_chosen":"DEFECT","items_purchased":["Go for the Eyes","Defragment+1","Bird Faced Urn","Creative AI+1","Kunai"],"campfire_rested":1,"item_purchase_floors":[5,21,21,29,53],"current_hp_per_floor":[58,56,56,47,47,40,40,37,44,40,63,68,68,78,78,29,70,82,82,81,81,71,40,40,41,41,63,64,64,83,34,34,83,83,63,48,43,43,43,28,54,83,83,83,83,73,83,83,83,83,83,83,83,83,69],"gold":56,"neow_bonus":"BOSS_RELIC","is_prod":false,"is_daily":false,"chose_seed":false,"campfire_upgraded":2,"win_rate":0,"timestamp":1559610472,"path_taken":["M","M","?","M","$","E","M","E","T","?","R","?","E","M","R","BOSS","M","?","M","$","M","E","R","E","T","M","E","$","M","E","R","BOSS","M","?","M","?","$","E","?","M","T","M","R","?","E","M","R","BOSS","R","$","E","BOSS"],"build_version":"2019-01-23","purchased_purges":2,"victory":true,"max_hp_per_floor":[71,71,71,71,71,71,71,71,78,78,78,83,83,83,83,83,83,83,83,83,83,83,83,83,83,83,83,83,83,83,83,83,83,83,83,83,83,83,83,83,83,83,83,83,83,83,83,83,83,83,83,83,83,83,83],"card_choices":[{"not_picked":["Reprogram","Recycle"],"picked":"Rebound","floor":1.0},{"not_picked":["Steam","Hello World"],"picked":"Auto Shields","floor":2.0},{"not_picked":["Double Energy","Streamline"],"picked":"Undo","floor":4.0},{"not_picked":["FTL","Go for the Eyes"],"picked":"Self Repair","floor":6.0},{"not_picked":["Leap","Ball Lightning"],"picked":"Loop+1","floor":7.0},{"not_picked":["Recycle","FTL"],"picked":"Beam Cell","floor":8.0},{"not_picked":["Consume","Barrage"],"picked":"Machine Learning+1","floor":10.0},{"not_picked":["Gash","Hello World+1"],"picked":"Glacier","floor":13.0},{"not_picked":["Melter","Compile Driver","Barrage"],"picked":"SKIP","floor":14.0},{"not_picked":["Thunder Strike","Reboot"],"picked":"Core Surge","floor":16.0},{"not_picked":["Stack","Auto Shields"],"picked":"Consume","floor":18.0},{"not_picked":["Conserve Battery","Turbo"],"picked":"Static Discharge+1","floor":20.0},{"not_picked":["Compile Driver","Streamline"],"picked":"Cold Snap","floor":22.0},{"not_picked":["Conserve Battery+1","Rebound"],"picked":"Biased Cognition+1","floor":23.0},{"not_picked":["Streamline","Chaos","Rebound"],"picked":"SKIP","floor":25.0},{"not_picked":["FTL","Turbo"],"picked":"Static Discharge+1","floor":27.0},{"not_picked":["Doom and Gloom","Leap"],"picked":"Hologram","floor":28.0},{"not_picked":["Fusion","Redo"],"picked":"Hello World+1","floor":30.0},{"not_picked":["Hello World+1","Fusion"],"picked":"Hologram","floor":31.0},{"not_picked":["Reboot","Meteor Strike"],"picked":"Machine Learning+1","floor":33.0},{"not_picked":["Compile Driver","Scrape","Rebound"],"picked":"SKIP","floor":35},{"not_picked":["Turbo","Lockon"],"picked":"Barrage+1","floor":37},{"not_picked":["Thunder Strike","Stack"],"picked":"Hologram","floor":40},{"not_picked":["Reprogram","Auto Shields"],"picked":"BootSequence+1","floor":41},{"not_picked":["Skim","Turbo","Compile Driver"],"picked":"SKIP","floor":42},{"not_picked":["Cold Snap","Redo","Rebound+1"],"picked":"SKIP","floor":44},{"not_picked":["Discovery","Transmutation"],"picked":"Bandage Up","floor":46},{"not_picked":["Impatience","Dramatic Entrance"],"picked":"PanicButton","floor":46},{"not_picked":["Good Instincts","Forethought"],"picked":"Panacea","floor":46},{"not_picked":["Reprogram","Reboot"],"picked":"Hologram","floor":47},{"not_picked":["FTL+1","Go for the Eyes"],"picked":"Capacitor+1","floor":48},{"not_picked":["Doom and Gloom+1","Reboot","Streamline+1"],"picked":"SKIP","floor":54}],"player_experience":566931,"relics_obtained":[{"floor":6.0,"key":"Frozen Egg 2"},{"floor":8.0,"key":"MawBank"},{"floor":9.0,"key":"Strawberry"},{"floor":13.0,"key":"Happy Flower"},{"floor":23.0,"key":"Smiling Mask"},{"floor":25.0,"key":"Centennial Puzzle"},{"floor":26.0,"key":"Shovel"},{"floor":28.0,"key":"Dead Branch"},{"floor":31.0,"key":"Regal Pillow"},{"floor":32.0,"key":"Unceasing Top"},{"floor":40,"key":"DataDisk"},{"floor":45,"key":"Blue Candle"},{"floor":47,"key":"Whetstone"},{"floor":52,"key":"Cables"},{"floor":54,"key":"Emotion Chip"}],"event_choices":[{"damage_healed":0.0,"max_hp_gain":0.0,"max_hp_loss":0.0,"gold_gain":0.0,"event_name":"Lab","player_choice":"Got Potions","floor":3.0,"gold_loss":0.0,"damage_taken":0.0},{"damage_healed":0.0,"max_hp_gain":5.0,"max_hp_loss":0.0,"gold_gain":0.0,"event_name":"Big Fish","player_choice":"Donut","floor":12.0,"gold_loss":0.0,"damage_taken":0.0},{"damage_healed":0.0,"max_hp_gain":0.0,"max_hp_loss":0.0,"gold_gain":0.0,"event_name":"Vampires","player_choice":"Ignored","floor":19.0,"gold_loss":0.0,"damage_taken":0.0},{"damage_healed":0,"gold_gain":0,"player_choice":"Embrace Madness","damage_taken":15,"max_hp_gain":0,"max_hp_loss":0,"event_name":"Winding Halls","floor":36,"gold_loss":0,"cards_obtained":["Madness","Madness"]},{"damage_healed":0,"gold_gain":0,"player_choice":"Bought 1 Potion","damage_taken":0,"max_hp_gain":0,"max_hp_loss":0,"event_name":"The Woman in Blue","floor":38,"gold_loss":0},{"damage_healed":0,"gold_gain":0,"player_choice":"Memory 3","damage_taken":10,"max_hp_gain":0,"max_hp_loss":0,"event_name":"SensoryStone","floor":46,"gold_loss":0}],"is_beta":false,"boss_relics":[{"not_picked":["Busted Crown","Astrolabe"],"picked":"Coffee Dripper"},{"not_picked":["Eternal Feather","Runic Dome"],"picked":"Lizard Tail"}],"items_purged_floors":[21,39],"is_endless":false,"potions_floor_spawned":[1,4,7,13,18,23,28,31,33,35,37,48,54],"ascension_level":18}