{"gold_per_floor":[118,133,151,151,163,163,175,175,243,259,259,274,274,285,285,361,361,372,345,345,345,345,345],"floor_reached":23,"playtime":708,"items_purged":[],"score":370,"play_id":"86d9631a-7403-4b76-9162-fff1e66318ee","local_time":"20191008103915","is_ascension_mode":true,"campfire_choices":[{"data":"Zap","floor":6,"key":"SMITH"},{"floor":8,"key":"REST"},{"floor":13,"key":"REST"},{"data":"Go for the Eyes","floor":15,"key":"SMITH"}],"neow_cost":"NONE","seed_source_timestamp":2366959195188200,"circlet_count":0,"master_deck":["AscendersBane","Strike_B","Strike_B","Defend_B","Defend_B","Defend_B","Defend_B","Zap+1","Dualcast","Gash","Defragment+1","All For One","Sweeping Beam","Ball Lightning","Undo","Go for the Eyes+1","Self Repair","Echo Form","Beam Cell+1","White Noise+1"],"relics":["Sozu","Matryoshka","Ginger","Empty Cage","Ancient Tea Set"],"potions_floor_usage":[],"damage_taken":[{"damage":2,"enemies":"Jaw Worm","floor":1,"turns":4},{"damage":6,"enemies":"2 Louse","floor":2,"turns":3},{"damage":1,"enemies":"Cultist","floor":3,"turns":3},{"damage":20,"enemies":"Red Slaver","floor":5,"turns":4},{"damage":32,"enemies":"Gremlin Gang","floor":7,"turns":5},{"damage":7,"enemies":"Large Slime","floor":10,"turns":3},{"damage":0,"enemies":"Lots of Slimes","floor":12,"turns":2},{"damage":3,"enemies":"Looter","floor":14,"turns":3},{"damage":31,"enemies":"Slime Boss","floor":16,"turns":8},{"damage":23,"enemies":"Spheric Guardian","floor":18,"turns":5},{"damage":21,"enemies":"2 Thieves","floor":19,"turns":4},{"damage":33,"enemies":"Book of Stabbing","floor":23,"turns":2}],"seed_played":"5666890813906980717","potions_obtained":[],"is_trial":false,"path_per_floor":["M","M","M","?","M","R","M","R","T","M","?","M","R","M","R","B",null,"M","M","?","?","?","E"],"character_chosen":"DEFECT","items_purchased":[],"campfire_rested":2,"item_purchase_floors":[],"current_hp_per_floor":[62,56,55,55,35,35,3,24,24,17,17,17,38,35,35,11,56,33,19,19,33,33,0],"gold":345,"neow_bonus":"BOSS_RELIC","is_prod":false,"is_daily":false,"chose_seed":false,"campfire_upgraded":2,"win_rate":0,"timestamp":1570556355,"path_taken":["M","M","M","?","M","R","M","R","T","M","?","M","R","M","R","BOSS","M","M","?","?","?","E"],"build_version":"2019-07-17","purchased_purges":0,"victory":false,"max_hp_per_floor":[71,71,71,71,71,71,71,71,71,71,71,71,71,71,71,71,71,71,71,71,71,71,71],"card_choices":[{"not_picked":["Stack","Turbo"],"picked":"Gash","floor":1},{"not_picked":["Streamline","FTL"],"picked":"Defragment","floor":2},{"not_picked":["Genetic Algorithm","Rebound"],"picked":"All For One","floor":3},{"not_picked":["Rebound","Hello World"],"picked":"Sweeping Beam","floor":5},{"not_picked":["Hologram","Melter"],"picked":"Ball Lightning","floor":7},{"not_picked":["Turbo","Static Discharge"],"picked":"Undo","floor":10},{"not_picked":["Barrage","Storm"],"picked":"Go for the Eyes","floor":12},{"not_picked":["Rainbow","Cold Snap"],"picked":"Self Repair","floor":14},{"not_picked":["Seek","Meteor Strike"],"picked":"Echo Form","floor":16},{"not_picked":["Go for the Eyes","Barrage"],"picked":"Beam Cell+1","floor":18},{"not_picked":["Aggregate","Undo"],"picked":"White Noise+1","floor":19}],"player_experience":836444,"relics_obtained":[{"floor":9,"key":"Matryoshka"}],"event_choices":[{"damage_healed":0,"gold_gain":0,"player_choice":"Grow","damage_taken":0,"max_hp_gain":0,"max_hp_loss":0,"event_name":"Living Wall","floor":4,"gold_loss":0,"cards_upgraded":["Defragment"]},{"damage_healed":0,"gold_gain":0,"player_choice":"Searched \u00272\u0027 times","damage_taken":0,"relics_obtained":["Ginger"],"max_hp_gain":0,"max_hp_loss":0,"event_name":"Dead Adventurer","floor":11,"gold_loss":0},{"damage_healed":0,"gold_gain":0,"player_choice":"Opened","damage_taken":0,"relics_obtained":["Ancient Tea Set"],"max_hp_gain":0,"max_hp_loss":0,"event_name":"The Mausoleum","floor":20,"gold_loss":0,"cards_obtained":["Writhe"]},{"damage_healed":14,"gold_gain":0,"player_choice":"Heal","damage_taken":0,"max_hp_gain":0,"max_hp_loss":0,"event_name":"The Library","floor":21,"gold_loss":0},{"cards_removed":["Writhe"],"damage_healed":0,"gold_gain":0,"player_choice":"Purged","damage_taken":0,"max_hp_gain":0,"max_hp_loss":0,"event_name":"Purifier","floor":22,"gold_loss":0}],"is_beta":false,"boss_relics":[{"not_picked":["Runic Dome","Velvet Choker"],"picked":"Empty Cage"}],"items_purged_floors":[],"is_endless":false,"potions_floor_spawned":[2,7,10,14,18],"killed_by":"Book of Stabbing","ascension_level":20}