{"gold_per_floor":[112,112,112,112,127,155,155,130,130,130,155,174,174,209,209,280,280,292,305,305],"floor_reached":20,"playtime":644,"items_purged":[],"score":398,"play_id":"82faaf37-099f-49ee-ba0d-f7ebc331644a","local_time":"20190516145307","is_ascension_mode":true,"campfire_choices":[{"data":"Zap","floor":7,"key":"SMITH"},{"data":"Go for the Eyes","floor":13,"key":"SMITH"},{"data":"Barrage","floor":15,"key":"SMITH"}],"neow_cost":"NONE","seed_source_timestamp":109214029128296,"circlet_count":0,"master_deck":["AscendersBane","Strike_B","Strike_B","Strike_B","Strike_B","Defend_B","Defend_B","Defend_B","Defend_B","Zap+1","Dualcast","Gash","Seek","Barrage+1","Defragment","Go for the Eyes+1","Conserve Battery","All For One","Genetic Algorithm+1","Undo"],"relics":["Cracked Core","NeowsBlessing","Ginger","Pantograph","Matryoshka","PreservedInsect","StoneCalendar","Shuriken","Bird Faced Urn","Sozu"],"potions_floor_usage":[16,20],"damage_taken":[{"damage":0,"enemies":"Cultist","floor":1,"turns":1},{"damage":0,"enemies":"Jaw Worm","floor":5,"turns":1},{"damage":0,"enemies":"3 Sentries","floor":6,"turns":2},{"damage":25,"enemies":"Lagavulin","floor":11,"turns":7},{"damage":4,"enemies":"2 Louse","floor":12,"turns":3},{"damage":16,"enemies":"Gremlin Nob","floor":14,"turns":3},{"damage":26,"enemies":"Hexaghost","floor":16,"turns":9},{"damage":30,"enemies":"Spheric Guardian","floor":18,"turns":4},{"damage":34,"enemies":"3 Byrds","floor":19,"turns":5},{"damage":6,"enemies":"Shelled Parasite and Fungi","floor":20,"turns":1}],"seed_played":"-5082351660088650014","potions_obtained":[{"floor":1,"key":"GamblersBrew"},{"floor":4,"key":"Strength Potion"},{"floor":4,"key":"EssenceOfSteel"}],"is_trial":false,"path_per_floor":["M","?","T","?","M","E","R","$","T","T","E","M","R","E","R","B",null,"M","M","M"],"character_chosen":"DEFECT","items_purchased":["Barrage"],"campfire_rested":0,"item_purchase_floors":[8],"current_hp_per_floor":[64,69,69,69,69,69,69,69,69,69,44,40,40,24,24,25,63,35,3,0],"gold":305,"neow_bonus":"THREE_ENEMY_KILL","is_prod":false,"is_daily":false,"chose_seed":false,"campfire_upgraded":3,"win_rate":0,"timestamp":1558043587,"path_taken":["M","?","?","?","?","E","R","?","T","?","E","M","R","E","R","BOSS","M","M","M"],"build_version":"2019-01-23","purchased_purges":0,"victory":false,"max_hp_per_floor":[71,76,76,76,76,76,76,76,76,76,76,76,76,76,76,76,76,76,76,76],"card_choices":[{"not_picked":["Skim","Conserve Battery"],"picked":"Gash","floor":1},{"not_picked":["Reprogram","Hello World","Turbo"],"picked":"SKIP","floor":5},{"not_picked":["Steam Power","Steam"],"picked":"Seek","floor":6},{"not_picked":["Redo","Doom and Gloom"],"picked":"Defragment","floor":11},{"not_picked":["Turbo","Beam Cell"],"picked":"Go for the Eyes","floor":12},{"not_picked":["Leap","BootSequence"],"picked":"Conserve Battery","floor":14},{"not_picked":["Buffer","Amplify"],"picked":"All For One","floor":16},{"not_picked":["Ball Lightning+1","Skim"],"picked":"Genetic Algorithm+1","floor":18},{"not_picked":["Turbo","Coolheaded"],"picked":"Undo","floor":19}],"player_experience":501914,"relics_obtained":[{"floor":3,"key":"Ginger"},{"floor":6,"key":"Pantograph"},{"floor":9,"key":"Matryoshka"},{"floor":10,"key":"PreservedInsect"},{"floor":10,"key":"StoneCalendar"},{"floor":11,"key":"Shuriken"},{"floor":14,"key":"Bird Faced Urn"}],"event_choices":[{"damage_healed":0,"gold_gain":0,"player_choice":"Donut","damage_taken":0,"max_hp_gain":5,"max_hp_loss":0,"event_name":"Big Fish","floor":2,"gold_loss":0},{"damage_healed":0,"gold_gain":0,"player_choice":"Got Potions","damage_taken":0,"max_hp_gain":0,"max_hp_loss":0,"event_name":"Lab","floor":4,"gold_loss":0}],"is_beta":false,"boss_relics":[{"not_picked":["Lizard Tail","Velvet Choker"],"picked":"Sozu"}],"items_purged_floors":[],"is_endless":false,"potions_floor_spawned":[1],"killed_by":"Shelled Parasite and Fungi","ascension_level":17}