{"gold_per_floor":[118,135,135,135,6,31,58,58,81,94,94,126,137,157,157,255,255,265,281,298,298],"floor_reached":21,"playtime":1069,"items_purged":["Defend_G"],"score":313,"play_id":"1b301c06-60fc-43ec-86aa-733677fd3806","local_time":"20191019113801","is_ascension_mode":true,"campfire_choices":[{"data":"Noxious Fumes","floor":8,"key":"SMITH"},{"data":"Neutralize","floor":11,"key":"SMITH"},{"floor":15,"key":"REST"}],"neow_cost":"NONE","seed_source_timestamp":817912717690900,"circlet_count":0,"master_deck":["Strike_G","Strike_G","Strike_G","Strike_G","Defend_G","Defend_G","Defend_G","Defend_G","Survivor","Neutralize+1","Choke","Noxious Fumes+1","Slice","Backflip","Bane","Caltrops","Unload","Footwork","Envenom","Backflip","Blade Dance+1","Blur"],"relics":["Ring of the Snake","NeowsBlessing","Dodecahedron","Strawberry","Bronze Scales","Snake Skull","Black Star"],"potions_floor_usage":[16,16],"damage_taken":[{"damage":0,"enemies":"2 Louse","floor":1,"turns":1},{"damage":0,"enemies":"Small Slimes","floor":2,"turns":1},{"damage":0,"enemies":"Lagavulin","floor":6,"turns":1},{"damage":1,"enemies":"Jaw Worm","floor":10,"turns":4},{"damage":19,"enemies":"3 Sentries","floor":12,"turns":6},{"damage":11,"enemies":"Large Slime","floor":13,"turns":6},{"damage":0,"enemies":"2 Fungi Beasts","floor":14,"turns":3},{"damage":16,"enemies":"Slime Boss","floor":16,"turns":11},{"damage":4,"enemies":"3 Byrds","floor":18,"turns":3},{"damage":22,"enemies":"Spheric Guardian","floor":19,"turns":7},{"damage":26,"enemies":"3 Cultists","floor":20,"turns":5},{"damage":29,"enemies":"Centurion and Healer","floor":21,"turns":3}],"seed_played":"-8767653733796503873","potions_obtained":[{"floor":10,"key":"GhostInAJar"},{"floor":12,"key":"Energy Potion"},{"floor":16,"key":"FearPotion"},{"floor":18,"key":"FearPotion"}],"is_trial":false,"path_per_floor":["M","M","?","?","$","E","T","R","T","M","R","E","M","M","R","B",null,"M","M","M","M"],"character_chosen":"THE_SILENT","items_purchased":["Slice"],"campfire_rested":1,"item_purchase_floors":[5],"current_hp_per_floor":[63,63,68,61,61,61,68,68,68,67,67,48,37,37,61,45,73,69,47,21,0],"gold":298,"neow_bonus":"THREE_ENEMY_KILL","is_prod":false,"is_daily":false,"chose_seed":false,"campfire_upgraded":2,"win_rate":0,"timestamp":1571499481,"path_taken":["M","M","?","?","$","E","?","R","T","M","R","E","M","M","R","BOSS","M","M","M","M"],"build_version":"2019-07-17","purchased_purges":1,"victory":false,"max_hp_per_floor":[70,70,75,75,75,75,82,82,82,82,82,82,82,82,82,82,82,82,82,82,82],"card_choices":[{"not_picked":["Underhanded Strike","Setup"],"picked":"Choke","floor":1},{"not_picked":["Quick Slash","Accuracy"],"picked":"Noxious Fumes","floor":2},{"not_picked":["Poisoned Stab","Heel Hook"],"picked":"Backflip","floor":6},{"not_picked":["Deadly Poison","Choke"],"picked":"Bane","floor":10},{"not_picked":["Sucker Punch","Endless Agony"],"picked":"Caltrops","floor":12},{"not_picked":["Flechettes","Quick Slash"],"picked":"Unload","floor":13},{"not_picked":["Dagger Throw","Reflex"],"picked":"Footwork","floor":14},{"not_picked":["Die Die Die","After Image"],"picked":"Envenom","floor":16},{"not_picked":["Underhanded Strike","Accuracy"],"picked":"Backflip","floor":18},{"not_picked":["Eviscerate","Flying Knee"],"picked":"Blade Dance+1","floor":19},{"not_picked":["Prepared","Accuracy"],"picked":"Blur","floor":20}],"player_experience":426414,"relics_obtained":[{"floor":6,"key":"Dodecahedron"},{"floor":7,"key":"Strawberry"},{"floor":9,"key":"Bronze Scales"},{"floor":12,"key":"Snake Skull"}],"event_choices":[{"damage_healed":0,"gold_gain":0,"player_choice":"Donut","damage_taken":0,"max_hp_gain":5,"max_hp_loss":0,"event_name":"Big Fish","floor":3,"gold_loss":0},{"cards_removed":["Strike_G"],"damage_healed":0,"gold_gain":0,"player_choice":"Card Removal","damage_taken":7,"max_hp_gain":0,"max_hp_loss":0,"event_name":"Golden Wing","floor":4,"gold_loss":0}],"is_beta":false,"boss_relics":[{"not_picked":["Coffee Dripper","Fusion Hammer"],"picked":"Black Star"}],"items_purged_floors":[5],"is_endless":false,"potions_floor_spawned":[10,12,16,18],"killed_by":"Centurion and Healer","ascension_level":9}