{"gold_per_floor":[117,130,143,160,37,70,81,93,116,116,129,163,180,180,180,300,300,314,339,352,352,368,412,412,451,503,503,40,40],"floor_reached":29,"playtime":1047,"items_purged":["Pain"],"score":377,"play_id":"bc052103-fe9d-4502-8661-a373c10a9e05","local_time":"20190403203438","is_ascension_mode":true,"campfire_choices":[{"floor":10.0,"key":"REST"},{"floor":15.0,"key":"REST"},{"floor":24,"key":"REST"}],"neow_cost":"NONE","seed_source_timestamp":0,"circlet_count":0,"master_deck":["Strike_B","Strike_B","Strike_B","Strike_B","Defend_B","Defend_B","Defend_B","Defend_B","Zap","Dualcast","Doom and Gloom","Sweeping Beam","Rebound","Hologram","Ball Lightning","Gash","Loop","Auto Shields","Compile Driver","Undo","Redo","Redo","Injury","Biased Cognition","Defragment+1","Loop","Gash+1","FTL","Redo+1","Self Repair"],"special_seed":0,"relics":["Cracked Core","Lantern","DataDisk","Centennial Puzzle","Bronze Scales","Golden Idol","Cursed Key","PreservedInsect","Blood Vial","Bag of Marbles","Orichalcum","OrangePellets","Bag of Preparation"],"potions_floor_usage":[16,23,23,25,29],"damage_taken":[{"damage":2.0,"enemies":"Jaw Worm","floor":1.0,"turns":3.0},{"damage":0.0,"enemies":"2 Louse","floor":2.0,"turns":1.0},{"damage":0.0,"enemies":"Small Slimes","floor":3.0,"turns":1.0},{"damage":21.0,"enemies":"Exordium Thugs","floor":4.0,"turns":5.0},{"damage":8.0,"enemies":"Gremlin Nob","floor":6.0,"turns":3.0},{"damage":13.0,"enemies":"Blue Slaver","floor":7.0,"turns":4.0},{"damage":9.0,"enemies":"Red Slaver","floor":8.0,"turns":3.0},{"damage":12.0,"enemies":"Exordium Wildlife","floor":11.0,"turns":3.0},{"damage":17.0,"enemies":"Lagavulin","floor":12.0,"turns":5.0},{"damage":0.0,"enemies":"Looter","floor":13.0,"turns":2.0},{"damage":5,"enemies":"Hexaghost","floor":16,"turns":8},{"damage":12,"enemies":"Chosen","floor":18,"turns":3},{"damage":0,"enemies":"Spheric Guardian","floor":19,"turns":3},{"damage":19,"enemies":"3 Cultists","floor":20,"turns":4},{"damage":24,"enemies":"Snake Plant","floor":22,"turns":3},{"damage":2,"enemies":"Slavers","floor":23,"turns":4},{"damage":13,"enemies":"Book of Stabbing","floor":25,"turns":4},{"damage":25,"enemies":"Gremlin Leader","floor":29,"turns":2}],"seed_played":"6665692398169274929","potions_obtained":[{"floor":1.0,"key":"Dexterity Potion"},{"floor":2.0,"key":"Explosive Potion"},{"floor":4.0,"key":"Block Potion"},{"floor":12.0,"key":"GamblersBrew"},{"floor":16,"key":"AttackPotion"},{"floor":22,"key":"AttackPotion"},{"floor":25,"key":"AttackPotion"}],"is_trial":false,"path_per_floor":["M","M","M","M","$","E","M","M","T","R","M","E","M","?","R","B",null,"M","M","M","?","M","E","R","E","T","?","$","E"],"character_chosen":"DEFECT","items_purchased":["Ball Lightning","Gash","AttackPotion","Self Repair","OrangePellets","Bag of Preparation"],"campfire_rested":3,"item_purchase_floors":[5,5,5,28,28,28],"current_hp_per_floor":[66,66,66,45,45,37,24,15,15,37,25,8,8,8,30,25,63,51,51,32,32,8,6,28,15,15,15,15,0],"gold":40,"neow_bonus":"RANDOM_COMMON_RELIC","is_prod":false,"is_daily":false,"chose_seed":false,"campfire_upgraded":0,"win_rate":0,"timestamp":1554348878,"path_taken":["M","M","M","M","$","E","M","M","T","R","M","E","M","?","R","BOSS","M","M","M","?","M","E","R","E","T","?","?","E"],"build_version":"2019-01-23","purchased_purges":1,"victory":false,"max_hp_per_floor":[75,75,75,75,75,75,75,75,75,75,75,75,75,75,75,75,75,75,75,75,75,75,75,75,75,75,75,75,75],"card_choices":[{"not_picked":["Reinforced Body","Chill"],"picked":"Doom and Gloom","floor":1.0},{"not_picked":["Force Field","Leap"],"picked":"Sweeping Beam","floor":2.0},{"not_picked":["Static Discharge","Scrape"],"picked":"Rebound","floor":3.0},{"not_picked":["Rebound","Tempest"],"picked":"Hologram","floor":4.0},{"not_picked":["Steam","Tempest"],"picked":"Loop","floor":6.0},{"not_picked":["Steam","Go for the Eyes"],"picked":"Auto Shields","floor":7.0},{"not_picked":["Barrage","Go for the Eyes"],"picked":"Compile Driver","floor":8.0},{"not_picked":["Hologram","Rainbow"],"picked":"Undo","floor":11.0},{"not_picked":["Chill","Steam"],"picked":"Redo","floor":12.0},{"not_picked":["Rebound","Streamline"],"picked":"Redo","floor":13.0},{"not_picked":["Multi-Cast","Core Surge"],"picked":"Biased Cognition","floor":16},{"not_picked":["Redo","Blizzard"],"picked":"Defragment+1","floor":18},{"not_picked":["Leap","Redo"],"picked":"Loop","floor":19},{"not_picked":["Chill","Force Field+1"],"picked":"Gash+1","floor":20},{"not_picked":["Static Discharge","Skim","Beam Cell"],"picked":"SKIP","floor":22},{"not_picked":["Barrage","Beam Cell"],"picked":"FTL","floor":23},{"not_picked":["Hologram","Rip and Tear"],"picked":"Redo+1","floor":25}],"player_experience":146925,"relics_obtained":[{"floor":6.0,"key":"DataDisk"},{"floor":9.0,"key":"Centennial Puzzle"},{"floor":12.0,"key":"Bronze Scales"},{"floor":23,"key":"PreservedInsect"},{"floor":25,"key":"Blood Vial"},{"floor":26,"key":"Bag of Marbles"}],"event_choices":[{"damage_healed":0.0,"max_hp_gain":0.0,"max_hp_loss":0.0,"gold_gain":0.0,"event_name":"Golden Idol","player_choice":"Take Wound","floor":14.0,"gold_loss":0.0,"damage_taken":0.0,"relics_obtained":["Golden Idol"],"cards_obtained":["Injury"]},{"damage_healed":0,"gold_gain":0,"player_choice":"Ignored","damage_taken":0,"max_hp_gain":0,"max_hp_loss":0,"event_name":"Ghosts","floor":21,"gold_loss":0},{"damage_healed":0,"gold_gain":0,"player_choice":"Opened","damage_taken":0,"relics_obtained":["Orichalcum"],"max_hp_gain":0,"max_hp_loss":0,"event_name":"The Mausoleum","floor":27,"gold_loss":0}],"is_beta":false,"boss_relics":[{"not_picked":["Runic Pyramid","Astrolabe"],"picked":"Cursed Key"}],"items_purged_floors":[28],"is_endless":false,"potions_floor_spawned":[1,2,4,12,16,20,22,25],"killed_by":"Gremlin Leader","ascension_level":7}