{"gold_per_floor":[111,111,111,111,23,56,56,4,27,27,66,66,107,121,121,121],"floor_reached":16,"playtime":399,"items_purged":[],"score":246,"play_id":"d76faecb-21aa-4fcd-a149-cb03c9febc0e","local_time":"20190415212346","is_ascension_mode":true,"campfire_choices":[{"data":"Dualcast","floor":7.0,"key":"SMITH"},{"data":"Conserve Battery","floor":10.0,"key":"SMITH"},{"floor":12.0,"key":"DIG"},{"floor":15.0,"key":"DIG"}],"neow_cost":"NONE","seed_source_timestamp":0,"circlet_count":0,"master_deck":["AscendersBane","Strike_B","Strike_B+1","Strike_B+1","Strike_B","Defend_B","Defend_B","Defend_B","Defend_B","Zap+1","Dualcast+1","Cold Snap","Heatsinks","Conserve Battery+1","Cold Snap","Compile Driver","Genetic Algorithm","White Noise"],"special_seed":0,"relics":["Cracked Core","NeowsBlessing","Golden Idol","Gambling Chip","WingedGreaves","PreservedInsect","Shovel","Calipers","Thread and Needle","Bottled Tornado"],"potions_floor_usage":[16],"damage_taken":[{"damage":0.0,"enemies":"2 Louse","floor":1.0,"turns":1.0},{"damage":0.0,"enemies":"Lagavulin","floor":6.0,"turns":1.0},{"damage":0.0,"enemies":"Gremlin Nob","floor":11.0,"turns":1.0},{"damage":11.0,"enemies":"3 Sentries","floor":13.0,"turns":6.0},{"damage":0.0,"enemies":"Small Slimes","floor":14.0,"turns":2.0},{"damage":25,"enemies":"Hexaghost","floor":16,"turns":12}],"seed_played":"2383463371880757325","potions_obtained":[{"floor":11.0,"key":"Strength Potion"}],"is_trial":false,"path_per_floor":["M","?","?","?","$","E","R","?","T","R","E","R","E","M","R","B"],"character_chosen":"DEFECT","items_purchased":["Heatsinks","Conserve Battery"],"campfire_rested":0,"item_purchase_floors":[5,5],"current_hp_per_floor":[68,50,50,35,35,35,35,35,35,35,35,35,24,24,24,0],"gold":121,"neow_bonus":"THREE_ENEMY_KILL","is_prod":false,"is_daily":false,"chose_seed":false,"campfire_upgraded":2,"win_rate":0,"timestamp":1555388626,"path_taken":["M","?","?","?","$","E","R","?","T","R","E","R","E","M","R","BOSS"],"build_version":"2019-01-23","purchased_purges":0,"victory":false,"max_hp_per_floor":[75,75,75,75,75,75,75,75,75,75,75,75,75,75,75,75],"card_choices":[{"not_picked":["Loop","Compile Driver"],"picked":"Cold Snap","floor":1.0},{"not_picked":["White Noise","Conserve Battery"],"picked":"Cold Snap","floor":6.0},{"not_picked":["Steam","Reinforced Body"],"picked":"Compile Driver","floor":11.0},{"not_picked":["Cold Snap","Sweeping Beam"],"picked":"Genetic Algorithm","floor":13.0},{"not_picked":["Beam Cell","Rebound"],"picked":"White Noise","floor":14.0}],"player_experience":241890,"relics_obtained":[{"floor":6.0,"key":"Gambling Chip"},{"floor":9.0,"key":"PreservedInsect"},{"floor":11.0,"key":"Shovel"},{"floor":12.0,"key":"Calipers"},{"floor":13.0,"key":"Thread and Needle"},{"floor":15.0,"key":"Bottled Tornado"}],"event_choices":[{"damage_healed":0.0,"max_hp_gain":0.0,"max_hp_loss":0.0,"gold_gain":0.0,"event_name":"Golden Idol","player_choice":"Take Damage","floor":2.0,"gold_loss":0.0,"damage_taken":18.0,"relics_obtained":["Golden Idol"]},{"damage_healed":0.0,"max_hp_gain":0.0,"max_hp_loss":0.0,"gold_gain":0.0,"event_name":"Living Wall","player_choice":"Grow","floor":3.0,"gold_loss":0.0,"damage_taken":0.0,"cards_upgraded":["Zap"]},{"damage_healed":0.0,"max_hp_gain":0.0,"max_hp_loss":0.0,"gold_gain":0.0,"event_name":"Shining Light","player_choice":"Entered Light","floor":4.0,"gold_loss":0.0,"damage_taken":15.0,"cards_upgraded":["Strike_B","Strike_B"]},{"damage_healed":0.0,"max_hp_gain":0.0,"max_hp_loss":0.0,"gold_gain":0.0,"event_name":"WeMeetAgain","player_choice":"Paid Gold","floor":8.0,"gold_loss":52.0,"damage_taken":0.0,"relics_obtained":["WingedGreaves"]}],"is_beta":false,"boss_relics":[],"items_purged_floors":[],"is_endless":false,"potions_floor_spawned":[11],"killed_by":"Hexaghost","ascension_level":10}