{"gold_per_floor":[118,138,155,167,99,129,129,140,140,165,165,192,212,191,191,268,268,283,283,296,296,306,306,237,263,263,263,281,308,319,333,333,405,405,419,419,344,359,372,372,405,405,405,405,405,405,405,423,423,423],"floor_reached":50,"playtime":2531,"items_purged":["Zap"],"score":904,"play_id":"fde0558e-5cfe-4251-a6f2-e4b25f31792c","local_time":"20191026121945","is_ascension_mode":true,"campfire_choices":[{"floor":7.0,"key":"REST"},{"floor":11.0,"key":"REST"},{"floor":15.0,"key":"REST"},{"data":"Buffer","floor":23.0,"key":"SMITH"},{"data":"Beam Cell","floor":27.0,"key":"SMITH"},{"floor":32.0,"key":"REST"},{"data":"Buffer","floor":40.0,"key":"SMITH"},{"floor":42.0,"key":"REST"},{"floor":45.0,"key":"REST"},{"data":"Sunder","floor":49.0,"key":"SMITH"}],"neow_cost":"NONE","seed_source_timestamp":9521672513400,"circlet_count":0,"master_deck":["AscendersBane","Strike_B+1","Strike_B+1","Strike_B+1","Strike_B+1","Defend_B+1","Defend_B+1","Defend_B+1","Defend_B+1","Dualcast","Beam Cell+1","Conserve Battery","Melter","Compile Driver","FTL","Buffer+1","Sweeping Beam+1","Ball Lightning","Sunder+1","Coolheaded","Darkness","Buffer+1","Parasite","Lockon+1","Madness","Madness"],"special_seed":0,"relics":["Busted Crown","Anchor","Eternal Feather","Gremlin Horn","TungstenRod","Nuclear Battery","Pear","White Beast Statue","StrikeDummy","Snecko Eye","Cables","Bird Faced Urn"],"potions_floor_usage":[50,50],"damage_taken":[{"damage":1.0,"enemies":"Cultist","floor":1.0,"turns":4.0},{"damage":8.0,"enemies":"2 Louse","floor":2.0,"turns":3.0},{"damage":12.0,"enemies":"Small Slimes","floor":3.0,"turns":3.0},{"damage":0.0,"enemies":"2 Fungi Beasts","floor":4.0,"turns":3.0},{"damage":23.0,"enemies":"3 Sentries","floor":6.0,"turns":9.0},{"damage":11.0,"enemies":"Large Slime","floor":8.0,"turns":7.0},{"damage":28.0,"enemies":"Lagavulin","floor":10.0,"turns":7.0},{"damage":21.0,"enemies":"3 Sentries","floor":12.0,"turns":8.0},{"damage":0.0,"enemies":"3 Louse","floor":13.0,"turns":2.0},{"damage":20.0,"enemies":"The Guardian","floor":16.0,"turns":14.0},{"damage":9.0,"enemies":"Chosen","floor":18.0,"turns":5.0},{"damage":3.0,"enemies":"2 Thieves","floor":20.0,"turns":3.0},{"damage":0.0,"enemies":"Centurion and Healer","floor":22.0,"turns":7.0},{"damage":19.0,"enemies":"Gremlin Leader","floor":25.0,"turns":6.0},{"damage":19.0,"enemies":"Snake Plant","floor":28.0,"turns":4.0},{"damage":15.0,"enemies":"Book of Stabbing","floor":29.0,"turns":5.0},{"damage":0.0,"enemies":"Snecko","floor":30.0,"turns":4.0},{"damage":0.0,"enemies":"Cultist and Chosen","floor":31.0,"turns":4.0},{"damage":48.0,"enemies":"Collector","floor":33.0,"turns":10.0},{"damage":0.0,"enemies":"3 Darklings","floor":35.0,"turns":4.0},{"damage":0.0,"enemies":"Orb Walker","floor":38.0,"turns":3.0},{"damage":0.0,"enemies":"Writhing Mass","floor":39.0,"turns":6.0},{"damage":73.0,"enemies":"Nemesis","floor":41.0,"turns":11.0},{"damage":0.0,"enemies":"4 Shapes","floor":48.0,"turns":7.0},{"damage":91,"enemies":"Awakened One","floor":50,"turns":13}],"seed_played":"-2588364067798514563","potions_obtained":[{"floor":2.0,"key":"DuplicationPotion"},{"floor":3.0,"key":"Energy Potion"},{"floor":12.0,"key":"SmokeBomb"},{"floor":13.0,"key":"Dexterity Potion"},{"floor":16.0,"key":"EssenceOfDarkness"},{"floor":28.0,"key":"SkillPotion"},{"floor":29.0,"key":"EssenceOfDarkness"},{"floor":30.0,"key":"LiquidBronze"},{"floor":31.0,"key":"FearPotion"},{"floor":33.0,"key":"Energy Potion"},{"floor":35.0,"key":"DistilledChaos"},{"floor":38.0,"key":"PotionOfCapacity"},{"floor":39.0,"key":"AttackPotion"},{"floor":41.0,"key":"LiquidMemories"},{"floor":48.0,"key":"Fire Potion"}],"is_trial":false,"path_per_floor":["M","M","M","M","$","E","R","M","T","E","R","E","M","?","R","B",null,"M","?","M","?","M","R","$","E","T","R","M","E","M","M","R","B",null,"M","?","$","M","M","R","E","R","T","?","R","?","?","M","R","B"],"character_chosen":"DEFECT","items_purchased":["Melter","Sunder"],"campfire_rested":6,"item_purchase_floors":[5,24],"current_hp_per_floor":[63,55,43,43,43,20,41,30,30,2,32,11,11,11,41,21,59,50,50,47,47,47,56,56,47,47,59,40,25,25,25,61,13,64,64,64,64,64,64,76,3,39,39,39,75,66,66,70,81,0],"gold":423,"neow_bonus":"BOSS_RELIC","is_prod":false,"is_daily":false,"chose_seed":false,"campfire_upgraded":4,"win_rate":0,"timestamp":1572085185,"path_taken":["M","M","M","M","$","E","R","?","T","E","R","E","?","?","R","BOSS","M","?","M","?","M","R","$","E","T","R","M","E","M","M","R","BOSS","M","?","$","M","M","R","E","R","T","?","R","?","?","M","R","BOSS"],"build_version":"2019-10-25-V3","purchased_purges":1,"victory":false,"max_hp_per_floor":[71,71,71,71,71,71,71,71,71,71,71,71,71,71,71,71,71,71,71,71,71,71,71,71,81,81,81,81,81,81,81,81,81,81,81,81,81,81,81,81,81,81,81,81,81,81,81,81,81,81],"card_choices":[{"not_picked":["Barrage"],"picked":"SKIP","floor":1.0},{"not_picked":[],"picked":"Beam Cell","floor":2.0},{"not_picked":["Beam Cell"],"picked":"SKIP","floor":3.0},{"not_picked":[],"picked":"Conserve Battery","floor":4.0},{"not_picked":["Barrage"],"picked":"SKIP","floor":6.0},{"not_picked":[],"picked":"Compile Driver","floor":8.0},{"not_picked":["Redo"],"picked":"SKIP","floor":10.0},{"not_picked":[],"picked":"FTL","floor":12.0},{"not_picked":[],"picked":"Buffer","floor":13.0},{"not_picked":[],"picked":"Sweeping Beam+1","floor":18.0},{"not_picked":["Rebound"],"picked":"SKIP","floor":20.0},{"not_picked":[],"picked":"Ball Lightning","floor":22.0},{"not_picked":[],"picked":"Coolheaded","floor":25.0},{"not_picked":["Turbo"],"picked":"SKIP","floor":28.0},{"not_picked":[],"picked":"Darkness","floor":29.0},{"not_picked":["Conserve Battery"],"picked":"SKIP","floor":30.0},{"not_picked":["Conserve Battery"],"picked":"SKIP","floor":31.0},{"not_picked":[],"picked":"Buffer","floor":33.0},{"not_picked":["Leap"],"picked":"SKIP","floor":35.0},{"not_picked":["Barrage"],"picked":"SKIP","floor":38.0},{"not_picked":[],"picked":"Lockon+1","floor":39.0},{"not_picked":["Barrage"],"picked":"SKIP","floor":41.0},{"not_picked":["Hologram"],"picked":"SKIP","floor":48.0}],"player_experience":541331,"relics_obtained":[{"floor":6.0,"key":"Anchor"},{"floor":9.0,"key":"Eternal Feather"},{"floor":10.0,"key":"Gremlin Horn"},{"floor":12.0,"key":"TungstenRod"},{"floor":25.0,"key":"Pear"},{"floor":26.0,"key":"White Beast Statue"},{"floor":29.0,"key":"StrikeDummy"},{"floor":41.0,"key":"Cables"},{"floor":43.0,"key":"Bird Faced Urn"}],"event_choices":[{"damage_healed":0.0,"max_hp_gain":0.0,"max_hp_loss":0.0,"gold_gain":0.0,"event_name":"World of Goop","player_choice":"Left Gold","floor":14.0,"gold_loss":21.0,"damage_taken":0.0},{"damage_healed":0.0,"max_hp_gain":0.0,"max_hp_loss":0.0,"gold_gain":0.0,"event_name":"Back to Basics","player_choice":"Simplicity","floor":19.0,"gold_loss":0.0,"damage_taken":0.0,"cards_upgraded":["Strike_B","Strike_B","Strike_B","Strike_B","Defend_B","Defend_B","Defend_B","Defend_B"]},{"damage_healed":0.0,"max_hp_gain":0.0,"max_hp_loss":0.0,"gold_gain":0.0,"event_name":"Ghosts","player_choice":"Ignored","floor":21.0,"gold_loss":0.0,"damage_taken":0.0},{"damage_healed":0.0,"max_hp_gain":0.0,"max_hp_loss":0.0,"gold_gain":0.0,"event_name":"Mysterious Sphere","player_choice":"Ignored","floor":36.0,"gold_loss":0.0,"damage_taken":0.0},{"damage_healed":0.0,"max_hp_gain":0.0,"max_hp_loss":0.0,"gold_gain":0.0,"event_name":"SensoryStone","player_choice":"Memory 1","floor":44.0,"gold_loss":0.0,"damage_taken":0.0},{"damage_healed":0.0,"max_hp_gain":0.0,"max_hp_loss":0.0,"gold_gain":0.0,"event_name":"Winding Halls","player_choice":"Embrace Madness","floor":46.0,"gold_loss":0.0,"damage_taken":10.0,"cards_obtained":["Madness","Madness"]},{"damage_healed":0.0,"max_hp_gain":0.0,"max_hp_loss":0.0,"gold_gain":0.0,"event_name":"SecretPortal","player_choice":"Ignored","floor":47.0,"gold_loss":0.0,"damage_taken":0.0}],"is_beta":true,"boss_relics":[{"not_picked":["Runic Dome","Runic Pyramid"],"picked":"Nuclear Battery"},{"not_picked":["Astrolabe","Pandora\u0027s Box"],"picked":"Snecko Eye"}],"items_purged_floors":[37],"is_endless":false,"potions_floor_spawned":[2,3,12,13,16,18,28,29,30,31,33,35,38,39,41,48],"killed_by":"Awakened One","ascension_level":14}