{"gold_per_floor":[214,226,170,320,320,348,348,379,379,379,406,420,489,500,500,500],"floor_reached":16,"playtime":529,"items_purged":[],"score":236,"play_id":"3b10b651-0e18-4322-bcf9-f6764027af86","local_time":"20191012222245","is_ascension_mode":true,"campfire_choices":[{"data":"Sunder","floor":7.0,"key":"SMITH"},{"floor":10.0,"key":"REST"},{"floor":15.0,"key":"REST"}],"neow_cost":"NONE","seed_source_timestamp":0,"circlet_count":0,"master_deck":["AscendersBane","Strike_B","Strike_B","Strike_B","Strike_B","Defend_B","Defend_B","Defend_B","Defend_B","Zap","Dualcast","Conserve Battery","Ball Lightning","Doubt","Sunder+1","Cold Snap","Chill","Compile Driver"],"special_seed":0,"relics":["Cracked Core","Shuriken","Mummified Hand","Art of War","Oddly Smooth Stone","Singing Bowl"],"potions_floor_usage":[],"damage_taken":[{"damage":0.0,"enemies":"Small Slimes","floor":1.0,"turns":4.0},{"damage":2.0,"enemies":"2 Louse","floor":2.0,"turns":4.0},{"damage":36.0,"enemies":"3 Sentries","floor":6.0,"turns":10.0},{"damage":8.0,"enemies":"Gremlin Nob","floor":8.0,"turns":3.0},{"damage":29.0,"enemies":"Lagavulin","floor":11.0,"turns":8.0},{"damage":12.0,"enemies":"Jaw Worm","floor":12.0,"turns":2.0},{"damage":2.0,"enemies":"Lots of Slimes","floor":14.0,"turns":4.0},{"damage":28,"enemies":"Hexaghost","floor":16,"turns":9}],"seed_played":"4504667690048360020","potions_obtained":[{"floor":2.0,"key":"LiquidBronze"},{"floor":6.0,"key":"EssenceOfSteel"},{"floor":8.0,"key":"Swift Potion"}],"is_trial":false,"path_per_floor":["M","M","$","?","?","E","R","E","T","R","E","M","T","M","R","B"],"character_chosen":"DEFECT","items_purchased":["AttackPotion"],"campfire_rested":2,"item_purchase_floors":[3],"current_hp_per_floor":[64,62,62,62,67,31,31,23,23,45,16,4,4,4,27,0],"gold":500,"neow_bonus":"HUNDRED_GOLD","is_prod":false,"is_daily":false,"chose_seed":false,"campfire_upgraded":1,"win_rate":0,"timestamp":1570944165,"path_taken":["M","M","$","?","?","E","R","E","T","R","E","M","?","?","R","BOSS"],"build_version":"2019-07-17","purchased_purges":0,"victory":false,"max_hp_per_floor":[71,71,71,71,76,76,76,76,76,76,76,76,76,78,78,78],"card_choices":[{"not_picked":["Streamline","Beam Cell"],"picked":"Conserve Battery","floor":1.0},{"not_picked":["Steam Power","Streamline"],"picked":"Ball Lightning","floor":2.0},{"not_picked":["Turbo","Hyperbeam"],"picked":"Sunder","floor":6.0},{"not_picked":["Tempest","Barrage"],"picked":"Cold Snap","floor":8.0},{"not_picked":["Storm","Leap"],"picked":"Chill","floor":11.0},{"not_picked":["Chaos","Consume"],"picked":"Compile Driver","floor":12.0},{"not_picked":["Leap","Rip and Tear","Redo"],"picked":"Singing Bowl","floor":14.0}],"player_experience":849721,"relics_obtained":[{"floor":6.0,"key":"Shuriken"},{"floor":8.0,"key":"Mummified Hand"},{"floor":9.0,"key":"Art of War"},{"floor":11.0,"key":"Oddly Smooth Stone"},{"floor":13.0,"key":"Singing Bowl"}],"event_choices":[{"damage_healed":0.0,"max_hp_gain":0.0,"max_hp_loss":0.0,"gold_gain":150.0,"event_name":"Liars Game","player_choice":"AGREE","floor":4.0,"gold_loss":0.0,"damage_taken":0.0,"cards_obtained":["Doubt"]},{"damage_healed":0.0,"max_hp_gain":5.0,"max_hp_loss":0.0,"gold_gain":0.0,"event_name":"Big Fish","player_choice":"Donut","floor":5.0,"gold_loss":0.0,"damage_taken":0.0}],"is_beta":false,"boss_relics":[],"items_purged_floors":[],"is_endless":false,"potions_floor_spawned":[2,6,8],"killed_by":"Hexaghost","ascension_level":20}