{"gold_per_floor":[117,132,150,74,94,94,122,122,122,140,159,174,206,206,206,300,300,314,229,32,51,51,89,89,122,212,224,236],"floor_reached":28,"playtime":789,"items_purged":[],"score":604,"play_id":"6bec69ac-8fe3-4d09-9cce-d457ae4ddfdb","local_time":"20190528191249","is_ascension_mode":true,"campfire_choices":[{"data":"Zap","floor":6,"key":"SMITH"},{"data":"Dualcast","floor":8,"key":"SMITH"},{"floor":15,"key":"REST"},{"floor":24,"key":"REST"},{"floor":27,"key":"REST"}],"neow_cost":"NONE","seed_source_timestamp":1161447333306864,"circlet_count":0,"master_deck":["AscendersBane","Strike_B","Strike_B","Strike_B","Strike_B","Defend_B","Defend_B","Defend_B","Defend_B","Zap+1","Dualcast+1","Beam Cell","Ball Lightning","Sweeping Beam","All For One","FTL","Go for the Eyes","Gash+1","Go for the Eyes+1","Ball Lightning+1","Injury","Steam","All For One+1","Self Repair","Echo Form","Conserve Battery+1"],"relics":["FrozenCore","Boot","Lantern","Molten Egg 2","Mercury Hourglass","Golden Idol","Singing Bowl","Letter Opener","MawBank","Gremlin Horn"],"potions_floor_usage":[7,11,13,16,25,28],"damage_taken":[{"damage":0,"enemies":"Cultist","floor":1,"turns":3},{"damage":7,"enemies":"Small Slimes","floor":2,"turns":3},{"damage":2,"enemies":"Jaw Worm","floor":3,"turns":2},{"damage":6,"enemies":"Looter","floor":5,"turns":3},{"damage":15,"enemies":"Lagavulin","floor":7,"turns":3},{"damage":1,"enemies":"2 Fungi Beasts","floor":10,"turns":2},{"damage":0,"enemies":"Lots of Slimes","floor":11,"turns":1},{"damage":12,"enemies":"3 Louse","floor":12,"turns":2},{"damage":8,"enemies":"Gremlin Nob","floor":13,"turns":3},{"damage":0,"enemies":"Slime Boss","floor":16,"turns":4},{"damage":2,"enemies":"3 Byrds","floor":18,"turns":4},{"damage":10,"enemies":"Spheric Guardian","floor":21,"turns":4},{"damage":30,"enemies":"Slavers","floor":23,"turns":4},{"damage":33,"enemies":"Book of Stabbing","floor":25,"turns":5},{"damage":76,"enemies":"Slavers","floor":28,"turns":4}],"seed_played":"7932784125047808963","potions_obtained":[{"floor":2,"key":"Explosive Potion"},{"floor":3,"key":"FocusPotion"},{"floor":11,"key":"Energy Potion"},{"floor":12,"key":"Fruit Juice"},{"floor":13,"key":"SteroidPotion"},{"floor":25,"key":"Regen Potion"}],"is_trial":false,"path_per_floor":["M","M","M","$","M","R","E","R","T","M","M","M","E","?","R","B",null,"M","?","$","M","?","E","R","E","T","R","E"],"character_chosen":"DEFECT","items_purchased":["All For One","All For One+1","Self Repair"],"campfire_rested":3,"item_purchase_floors":[4,20,20],"current_hp_per_floor":[64,57,55,55,49,49,34,34,34,33,33,21,18,18,40,40,67,65,65,65,57,57,34,57,31,31,54,0],"gold":236,"neow_bonus":"RANDOM_COMMON_RELIC","is_prod":false,"is_daily":false,"chose_seed":false,"campfire_upgraded":2,"win_rate":0,"timestamp":1559095969,"path_taken":["M","M","M","?","?","R","E","R","T","M","M","M","E","?","R","BOSS","M","?","$","M","?","E","R","E","T","R","E"],"build_version":"2019-01-23","purchased_purges":0,"victory":false,"max_hp_per_floor":[71,71,71,71,71,71,71,71,71,71,71,71,76,76,76,76,76,76,76,76,78,78,78,78,78,78,78,78],"card_choices":[{"not_picked":["Rip and Tear","Barrage"],"picked":"Beam Cell","floor":1},{"not_picked":["Capacitor","FTL"],"picked":"Ball Lightning","floor":2},{"not_picked":["Stack","Leap"],"picked":"Sweeping Beam","floor":3},{"not_picked":["Chill","Cold Snap"],"picked":"FTL","floor":5},{"not_picked":["Scrape","Genetic Algorithm"],"picked":"Go for the Eyes","floor":7},{"not_picked":["Coolheaded","Leap"],"picked":"Gash+1","floor":10},{"not_picked":["Steam","Chill"],"picked":"Go for the Eyes+1","floor":11},{"not_picked":["Hello World","Blizzard+1","Thunder Strike+1"],"picked":"SKIP","floor":12},{"not_picked":["Steam","Heatsinks"],"picked":"Ball Lightning+1","floor":13},{"not_picked":["Leap","Redo"],"picked":"Steam","floor":18},{"not_picked":["Reinforced Body+1","Consume","Redo+1"],"picked":"Singing Bowl","floor":21},{"not_picked":["Coolheaded","Hologram"],"picked":"Echo Form","floor":23},{"not_picked":["Ball Lightning+1","Force Field"],"picked":"Conserve Battery+1","floor":25}],"player_experience":546105,"relics_obtained":[{"floor":7,"key":"Lantern"},{"floor":9,"key":"Molten Egg 2"},{"floor":13,"key":"Mercury Hourglass"},{"floor":23,"key":"Letter Opener"},{"floor":25,"key":"MawBank"},{"floor":26,"key":"Gremlin Horn"}],"event_choices":[{"damage_healed":0,"gold_gain":0,"player_choice":"Take Wound","damage_taken":0,"relics_obtained":["Golden Idol"],"max_hp_gain":0,"max_hp_loss":0,"event_name":"Golden Idol","floor":14,"gold_loss":0,"cards_obtained":["Injury"]},{"damage_healed":0,"gold_gain":0,"player_choice":"Obtained Relic","damage_taken":0,"relics_obtained":["Singing Bowl"],"max_hp_gain":0,"max_hp_loss":0,"event_name":"Addict","floor":19,"gold_loss":85},{"damage_healed":0,"gold_gain":0,"player_choice":"Ignored","damage_taken":0,"max_hp_gain":0,"max_hp_loss":0,"event_name":"Ghosts","floor":22,"gold_loss":0}],"is_beta":false,"boss_relics":[{"not_picked":["Inserter","Runic Dome"],"picked":"FrozenCore"}],"items_purged_floors":[],"is_endless":false,"potions_floor_spawned":[2,3,5,11,12,13,25],"killed_by":"Slavers","ascension_level":18}