{"gold_per_floor":[12,24,48,59,209,209,209,227,254,267,25,45,56,56,56,132,132,148,168,184,184,194,194],"floor_reached":23,"playtime":835,"items_purged":["Doubt"],"score":374,"play_id":"9e48fc49-e9b3-485d-b00d-5093f23712fb","local_time":"20191025112740","is_ascension_mode":true,"campfire_choices":[{"floor":7,"key":"REST"},{"data":"Multi-Cast","floor":15,"key":"SMITH"}],"neow_cost":"NO_GOLD","seed_source_timestamp":1103763161373700,"circlet_count":0,"master_deck":["AscendersBane","Strike_B+1","Defend_B","Defend_B","Defend_B","Zap+1","Dualcast+1","Multi-Cast+1","White Noise","Doom and Gloom","Ball Lightning+1","Coolheaded","Echo Form","Double Energy+1","Conserve Battery","Chaos+1","Coolheaded","Seek","Hologram+1"],"relics":["Cracked Core","Orichalcum","War Paint","Oddly Smooth Stone","Empty Cage"],"potions_floor_usage":[10,22,23],"damage_taken":[{"damage":6,"enemies":"Cultist","floor":1,"turns":4},{"damage":19,"enemies":"Jaw Worm","floor":2,"turns":4},{"damage":2,"enemies":"2 Louse","floor":4,"turns":2},{"damage":10,"enemies":"Looter","floor":8,"turns":3},{"damage":9,"enemies":"Exordium Thugs","floor":10,"turns":4},{"damage":0,"enemies":"Large Slime","floor":12,"turns":4},{"damage":3,"enemies":"Looter","floor":13,"turns":2},{"damage":18,"enemies":"Hexaghost","floor":16,"turns":8},{"damage":17,"enemies":"Chosen","floor":18,"turns":5},{"damage":3,"enemies":"Spheric Guardian","floor":19,"turns":3},{"damage":33,"enemies":"Chosen and Byrds","floor":20,"turns":6},{"damage":2,"enemies":"Snecko","floor":22,"turns":7},{"damage":5,"enemies":"Gremlin Leader","floor":23,"turns":1}],"seed_played":"-5832816363646732444","potions_obtained":[{"floor":4,"key":"Energy Potion"},{"floor":8,"key":"Regen Potion"},{"floor":10,"key":"FocusPotion"}],"is_trial":false,"path_per_floor":["M","M","T","M","?","?","R","M","T","M","$","M","M","$","R","B",null,"M","M","M","?","M","E"],"character_chosen":"DEFECT","items_purchased":["Oddly Smooth Stone"],"campfire_rested":1,"item_purchase_floors":[11],"current_hp_per_floor":[58,39,39,37,37,16,37,27,27,30,30,30,27,27,27,9,56,39,36,3,3,1,0],"gold":194,"neow_bonus":"THREE_RARE_CARDS","is_prod":false,"is_daily":false,"chose_seed":false,"campfire_upgraded":1,"win_rate":0,"timestamp":1572028060,"path_taken":["M","M","?","M","?","?","R","M","T","M","$","M","M","?","R","BOSS","M","M","M","?","M","E"],"build_version":"2019-07-17","purchased_purges":1,"victory":false,"max_hp_per_floor":[71,71,71,71,71,71,71,71,71,71,71,71,71,71,71,71,71,71,71,71,71,71,71],"card_choices":[{"not_picked":["Machine Learning","Creative AI"],"picked":"Multi-Cast","floor":0},{"not_picked":["Stack","Aggregate"],"picked":"White Noise","floor":1},{"not_picked":["Leap","Hologram"],"picked":"Doom and Gloom","floor":2},{"not_picked":["Consume","Gash"],"picked":"Ball Lightning","floor":4},{"not_picked":["Skim","Turbo","Sweeping Beam"],"picked":"SKIP","floor":8},{"not_picked":["Blizzard","Barrage","Rip and Tear"],"picked":"SKIP","floor":10},{"not_picked":["Barrage","Steam"],"picked":"Coolheaded","floor":12},{"not_picked":["Beam Cell","Rebound","Barrage"],"picked":"SKIP","floor":13},{"not_picked":["Reboot","Amplify"],"picked":"Echo Form","floor":16},{"not_picked":["Aggregate","Go for the Eyes+1"],"picked":"Double Energy+1","floor":18},{"not_picked":["Hologram","Skim"],"picked":"Conserve Battery","floor":19},{"not_picked":["Gash","BootSequence"],"picked":"Chaos+1","floor":20},{"not_picked":["Beam Cell","Sweeping Beam"],"picked":"Hologram+1","floor":22}],"player_experience":901917,"relics_obtained":[{"floor":3,"key":"Orichalcum"},{"floor":9,"key":"War Paint"}],"event_choices":[{"damage_healed":0,"gold_gain":150,"player_choice":"AGREE","damage_taken":0,"max_hp_gain":0,"max_hp_loss":0,"event_name":"Liars Game","floor":5,"gold_loss":0,"cards_obtained":["Doubt"]},{"damage_healed":0,"gold_gain":0,"player_choice":"Entered Light","damage_taken":21,"max_hp_gain":0,"max_hp_loss":0,"event_name":"Shining Light","floor":6,"gold_loss":0,"cards_upgraded":["Strike_B","Ball Lightning"]},{"damage_healed":0,"gold_gain":0,"cards_transformed":["Strike_B","Defend_B"],"player_choice":"Became Test Subject","damage_taken":0,"max_hp_gain":0,"max_hp_loss":0,"event_name":"Drug Dealer","floor":21,"gold_loss":0,"cards_obtained":["Coolheaded","Seek"]}],"is_beta":false,"boss_relics":[{"not_picked":["Calling Bell","Orrery"],"picked":"Empty Cage"}],"items_purged_floors":[11],"is_endless":false,"potions_floor_spawned":[4,8,10,16,18,19],"killed_by":"Gremlin Leader","ascension_level":20}