{"gold_per_floor":[115,129,129,142,92,122,122,147,204,204,238,257,257,109,109,183,183,201,219,219],"floor_reached":20,"playtime":694,"items_purged":["Strike_B","Strike_B"],"score":384,"play_id":"51cf991e-66d3-439f-91d5-6b4bede67863","local_time":"20191018132934","is_ascension_mode":true,"campfire_choices":[{"data":"Sweeping Beam","floor":7,"key":"SMITH"},{"floor":10,"key":"REST"},{"data":"Barrage","floor":13,"key":"SMITH"},{"data":"Go for the Eyes","floor":15,"key":"SMITH"}],"neow_cost":"NONE","seed_source_timestamp":506417570419600,"circlet_count":0,"master_deck":["AscendersBane","Strike_B","Strike_B","Defend_B","Defend_B","Defend_B","Defend_B","Zap","Dualcast","Ball Lightning","Sweeping Beam+1","Coolheaded","Go for the Eyes+1","Barrage+1","Capacitor","Hyperbeam","BootSequence+1","Undo"],"relics":["Cracked Core","Smiling Mask","Lantern","DataDisk","Tiny Chest","Boot","Velvet Choker"],"potions_floor_usage":[6,8,16],"damage_taken":[{"damage":0,"enemies":"2 Louse","floor":1,"turns":4},{"damage":1,"enemies":"Cultist","floor":2,"turns":3},{"damage":2,"enemies":"Jaw Worm","floor":4,"turns":3},{"damage":23,"enemies":"3 Sentries","floor":6,"turns":7},{"damage":18,"enemies":"Lagavulin","floor":8,"turns":6},{"damage":11,"enemies":"Gremlin Nob","floor":11,"turns":3},{"damage":10,"enemies":"Exordium Wildlife","floor":12,"turns":2},{"damage":21,"enemies":"Slime Boss","floor":16,"turns":8},{"damage":19,"enemies":"Shell Parasite","floor":18,"turns":5},{"damage":17,"enemies":"Spheric Guardian","floor":19,"turns":4},{"damage":31,"enemies":"Shelled Parasite and Fungi","floor":20,"turns":3}],"seed_played":"-1552456125562910947","potions_obtained":[{"floor":1,"key":"Regen Potion"},{"floor":2,"key":"Weak Potion"}],"is_trial":false,"path_per_floor":["M","M","?","M","$","E","R","E","T","R","E","M","R","$","R","B",null,"M","M","M"],"character_chosen":"DEFECT","items_purchased":["Capacitor","Strength Potion"],"campfire_rested":1,"item_purchase_floors":[14,14],"current_hp_per_floor":[64,63,63,61,61,53,53,35,35,56,45,35,35,35,35,14,57,38,21,0],"gold":219,"neow_bonus":"RANDOM_COMMON_RELIC","is_prod":false,"is_daily":false,"chose_seed":false,"campfire_upgraded":3,"win_rate":0,"timestamp":1571430574,"path_taken":["M","M","?","M","$","E","R","E","T","R","E","M","R","$","R","BOSS","M","?","M"],"build_version":"2019-07-17","purchased_purges":2,"victory":false,"max_hp_per_floor":[71,71,71,71,71,71,71,71,71,71,71,71,71,71,71,71,71,71,71,71],"card_choices":[{"not_picked":["Tempest","Stack"],"picked":"Ball Lightning","floor":1},{"not_picked":["Streamline","Go for the Eyes"],"picked":"Sweeping Beam","floor":2},{"not_picked":["Barrage","Skim"],"picked":"Coolheaded","floor":4},{"not_picked":["Consume","Multi-Cast","Sweeping Beam"],"picked":"SKIP","floor":6},{"not_picked":["Consume","Reboot","Skim"],"picked":"SKIP","floor":8},{"not_picked":["Chill","Sweeping Beam"],"picked":"Go for the Eyes","floor":11},{"not_picked":["Melter","Blizzard"],"picked":"Barrage","floor":12},{"not_picked":["All For One","Buffer"],"picked":"Hyperbeam","floor":16},{"not_picked":["Gash","Streamline"],"picked":"BootSequence+1","floor":18},{"not_picked":["Loop+1","Hologram"],"picked":"Undo","floor":19}],"player_experience":866666,"relics_obtained":[{"floor":6,"key":"Lantern"},{"floor":8,"key":"DataDisk"},{"floor":9,"key":"Tiny Chest"},{"floor":11,"key":"Boot"}],"event_choices":[{"damage_healed":0,"gold_gain":0,"player_choice":"Got Potions","damage_taken":0,"max_hp_gain":0,"max_hp_loss":0,"event_name":"Lab","floor":3,"gold_loss":0}],"is_beta":false,"boss_relics":[{"not_picked":["Nuclear Battery","Empty Cage"],"picked":"Velvet Choker"}],"items_purged_floors":[5,14],"is_endless":false,"potions_floor_spawned":[1,2],"killed_by":"Shelled Parasite and Fungi","ascension_level":20}