{"gold_per_floor":[115,265,340,340,356,385,385,405,405,430,430,445,445,470,470,544,544,559,575,292,303,303,303,317,262,262,262,337,364,364,384,384,458,458,478,478,300,316,316,316],"floor_reached":40,"playtime":1392,"items_purged":["Strike_B"],"score":994,"play_id":"bdfcb9e5-9219-49e5-8573-6bfe192867b0","local_time":"20190711223138","is_ascension_mode":true,"campfire_choices":[{"data":"Dualcast","floor":7,"key":"SMITH"},{"data":"Hologram","floor":11,"key":"SMITH"},{"floor":13,"key":"REST"},{"data":"Zap","floor":15,"key":"SMITH"},{"data":"Hologram","floor":23,"key":"SMITH"},{"floor":27,"key":"REST"},{"floor":32,"key":"REST"}],"neow_cost":"NONE","seed_source_timestamp":0,"circlet_count":0,"master_deck":["AscendersBane","Strike_B","Strike_B","Strike_B","Defend_B","Defend_B","Defend_B","Defend_B","Zap+1","Dualcast+1","Conserve Battery","Ball Lightning","Ball Lightning","Hologram+1","Buffer+1","All For One","Hologram+1","Conserve Battery","Coolheaded","Static Discharge+1","Loop+1","Sweeping Beam+1","Buffer+1","Undo+1","Redo+1","Echo Form+1","Turbo+1","Fission+1","Static Discharge+1","Conserve Battery+1","Writhe"],"special_seed":0,"relics":["Cracked Core","NeowsBlessing","Darkstone Periapt","Frozen Egg 2","Mercury Hourglass","Gambling Chip","Orrery","DataDisk","Tiny Chest","Mummified Hand","Toxic Egg 2","Art of War","Sundial","Runic Pyramid"],"potions_floor_usage":[10,16,21,33,40],"damage_taken":[{"damage":0.0,"enemies":"Small Slimes","floor":1.0,"turns":1.0},{"damage":0,"enemies":"Jaw Worm","floor":5,"turns":1},{"damage":0,"enemies":"3 Sentries","floor":6,"turns":1},{"damage":5,"enemies":"2 Louse","floor":8,"turns":2},{"damage":11,"enemies":"Gremlin Nob","floor":10,"turns":3},{"damage":0,"enemies":"Blue Slaver","floor":12,"turns":3},{"damage":5,"enemies":"3 Sentries","floor":14,"turns":6},{"damage":37,"enemies":"Hexaghost","floor":16,"turns":8},{"damage":0,"enemies":"Spheric Guardian","floor":18,"turns":4},{"damage":16,"enemies":"2 Thieves","floor":19,"turns":3},{"damage":0,"enemies":"Cultist and Chosen","floor":21,"turns":4},{"damage":10,"enemies":"Snecko","floor":24,"turns":6},{"damage":21,"enemies":"Book of Stabbing","floor":29,"turns":4},{"damage":0,"enemies":"Sentry and Sphere","floor":31,"turns":5},{"damage":0,"enemies":"Automaton","floor":33,"turns":10},{"damage":19,"enemies":"3 Shapes","floor":35,"turns":3},{"damage":13,"enemies":"3 Darklings","floor":38,"turns":3},{"damage":96,"enemies":"Giant Head","floor":40,"turns":10}],"seed_played":"7303359246675093933","potions_obtained":[{"floor":6,"key":"AttackPotion"},{"floor":8,"key":"PowerPotion"},{"floor":10,"key":"FocusPotion"},{"floor":16,"key":"FocusPotion"},{"floor":33,"key":"FearPotion"},{"floor":38,"key":"FearPotion"}],"is_trial":false,"path_per_floor":["M","?","?","?","M","E","R","M","T","E","R","M","R","E","R","B",null,"M","M","$","M","?","R","M","?","T","R","T","E","T","M","R","B",null,"M","?","$","M","?","E"],"character_chosen":"DEFECT","items_purchased":["DataDisk","Loop+1","Fission+1","Static Discharge+1"],"campfire_rested":3,"item_purchase_floors":[20,20,37,37],"current_hp_per_floor":[64,64,53,53,53,53,53,48,48,37,37,37,58,53,53,16,57,57,41,41,41,55,55,45,45,45,66,66,45,45,45,66,66,70,51,51,51,38,58,0],"gold":316,"neow_bonus":"THREE_ENEMY_KILL","is_prod":false,"is_daily":false,"chose_seed":false,"campfire_upgraded":4,"win_rate":0,"timestamp":1562909498,"path_taken":["M","?","?","?","M","E","R","M","T","E","R","M","R","E","R","BOSS","M","M","$","M","?","R","M","?","T","R","?","E","?","M","R","BOSS","M","?","$","M","?","E"],"build_version":"2019-07-05","purchased_purges":1,"victory":false,"max_hp_per_floor":[71,71,71,71,71,71,71,71,71,71,71,71,71,71,71,71,71,71,71,71,71,71,71,71,71,71,71,71,71,71,71,71,71,71,71,71,71,71,77,77],"card_choices":[{"not_picked":["Compile Driver","Redo"],"picked":"Conserve Battery","floor":1.0},{"not_picked":["Seek","Cold Snap"],"picked":"Ball Lightning","floor":5},{"not_picked":["Turbo","Compile Driver"],"picked":"Ball Lightning","floor":6},{"not_picked":["Leap","Stack","Turbo"],"picked":"SKIP","floor":8},{"not_picked":["Consume","Multi-Cast"],"picked":"Hologram","floor":10},{"not_picked":["Compile Driver","Chaos","Leap"],"picked":"SKIP","floor":12},{"not_picked":["Thunder Strike","Stack"],"picked":"Buffer+1","floor":14},{"not_picked":["Fission","Rainbow"],"picked":"All For One","floor":16},{"not_picked":["Storm+1","Reinforced Body"],"picked":"Hologram","floor":17},{"not_picked":["Ball Lightning","Darkness"],"picked":"Cold Snap","floor":17},{"not_picked":["Reprogram","Leap"],"picked":"Conserve Battery","floor":17},{"not_picked":["Streamline","Turbo"],"picked":"Coolheaded","floor":17},{"not_picked":["Barrage","Consume"],"picked":"Static Discharge+1","floor":18},{"not_picked":["Cold Snap","Tempest","Rip and Tear"],"picked":"SKIP","floor":19},{"not_picked":["Stack","Barrage"],"picked":"Sweeping Beam+1","floor":21},{"not_picked":["Heatsinks+1","Stack"],"picked":"Buffer+1","floor":24},{"not_picked":["Steam+1","Storm+1"],"picked":"Undo+1","floor":29},{"not_picked":["Compile Driver","Sunder"],"picked":"Redo+1","floor":31},{"not_picked":["All For One","Reboot+1"],"picked":"Echo Form+1","floor":33},{"not_picked":["Barrage","Cold Snap"],"picked":"Turbo+1","floor":35},{"not_picked":["Skim+1","Ball Lightning"],"picked":"Conserve Battery+1","floor":38}],"player_experience":652461,"relics_obtained":[{"floor":6,"key":"Darkstone Periapt"},{"floor":9,"key":"Frozen Egg 2"},{"floor":10,"key":"Mercury Hourglass"},{"floor":14,"key":"Gambling Chip"},{"floor":26,"key":"Mummified Hand"},{"floor":28,"key":"Toxic Egg 2"},{"floor":29,"key":"Art of War"},{"floor":30,"key":"Sundial"}],"event_choices":[{"damage_healed":0.0,"max_hp_gain":0.0,"max_hp_loss":0.0,"gold_gain":150.0,"event_name":"Liars Game","player_choice":"AGREE","floor":2.0,"gold_loss":0.0,"damage_taken":0.0,"cards_obtained":["Doubt"]},{"damage_healed":0.0,"max_hp_gain":0.0,"max_hp_loss":0.0,"gold_gain":75.0,"event_name":"World of Goop","player_choice":"Gather Gold","floor":3.0,"gold_loss":0.0,"damage_taken":11.0},{"cards_removed":["Doubt"],"damage_healed":0,"gold_gain":0,"player_choice":"Forget","damage_taken":0,"max_hp_gain":0,"max_hp_loss":0,"event_name":"Living Wall","floor":4,"gold_loss":0},{"damage_healed":14,"gold_gain":0,"player_choice":"Heal","damage_taken":0,"max_hp_gain":0,"max_hp_loss":0,"event_name":"The Library","floor":22,"gold_loss":0},{"damage_healed":0,"gold_gain":0,"player_choice":"Obtained Relic","damage_taken":0,"relics_obtained":["Tiny Chest"],"max_hp_gain":0,"max_hp_loss":0,"event_name":"Addict","floor":25,"gold_loss":85},{"cards_removed":["Cold Snap"],"damage_healed":0,"gold_gain":0,"player_choice":"Removed Attack","damage_taken":0,"max_hp_gain":0,"max_hp_loss":0,"event_name":"Falling","floor":36,"gold_loss":0},{"damage_healed":14,"gold_gain":0,"player_choice":"Writhe","damage_taken":0,"max_hp_gain":0,"max_hp_loss":0,"event_name":"Winding Halls","floor":39,"gold_loss":0,"cards_obtained":["Writhe"]}],"is_beta":false,"boss_relics":[{"not_picked":["Lizard Tail","Runic Dome"],"picked":"Orrery"},{"not_picked":["White Beast Statue","Busted Crown"],"picked":"Runic Pyramid"}],"items_purged_floors":[20],"is_endless":false,"potions_floor_spawned":[6,8,10,16,19,33,38],"killed_by":"Giant Head","ascension_level":20}