{"gold_per_floor":[109,127,127,127,16,52,52,93,93,111,127,143,157,157,157,253,253,267,280,305,326,241,241,166,166],"floor_reached":25,"playtime":916,"items_purged":["Defend_G"],"score":480,"play_id":"c8fc202e-8cf1-41b2-a5f0-4a0818e7bd76","local_time":"20191025154718","is_ascension_mode":true,"campfire_choices":[{"data":"Glass Knife","floor":7.0,"key":"SMITH"},{"data":"Noxious Fumes","floor":15.0,"key":"SMITH"},{"floor":23.0,"key":"REST"}],"neow_cost":"NONE","seed_source_timestamp":1123559394228300,"circlet_count":0,"master_deck":["AscendersBane","Strike_G","Strike_G","Strike_G","Defend_G","Defend_G","Defend_G","Defend_G","Survivor","Neutralize","Sucker Punch","Noxious Fumes+1","Glass Knife+1","Deflect","Well Laid Plans","Dagger Spray","Backstab","Deadly Poison","Envenom","Predator","Dagger Spray+1"],"special_seed":0,"relics":["Ring of the Snake","NeowsBlessing","Golden Idol","Letter Opener","Blood Vial","Akabeko","Busted Crown","Art of War"],"potions_floor_usage":[25,25],"damage_taken":[{"damage":0.0,"enemies":"Small Slimes","floor":1.0,"turns":1.0},{"damage":0.0,"enemies":"Jaw Worm","floor":2.0,"turns":1.0},{"damage":0.0,"enemies":"3 Sentries","floor":6.0,"turns":2.0},{"damage":10.0,"enemies":"Lagavulin","floor":8.0,"turns":5.0},{"damage":0.0,"enemies":"2 Louse","floor":10.0,"turns":2.0},{"damage":7.0,"enemies":"Gremlin Gang","floor":11.0,"turns":5.0},{"damage":0.0,"enemies":"Lots of Slimes","floor":12.0,"turns":1.0},{"damage":0.0,"enemies":"Blue Slaver","floor":13.0,"turns":1.0},{"damage":42.0,"enemies":"Slime Boss","floor":16.0,"turns":8.0},{"damage":0.0,"enemies":"Spheric Guardian","floor":18.0,"turns":1.0},{"damage":10.0,"enemies":"3 Byrds","floor":19.0,"turns":4.0},{"damage":43.0,"enemies":"Sentry and Sphere","floor":20.0,"turns":6.0},{"damage":20.0,"enemies":"Snecko","floor":21.0,"turns":5.0},{"damage":28,"enemies":"Gremlin Leader","floor":25,"turns":5}],"seed_played":"4776778355545853525","potions_obtained":[{"floor":1.0,"key":"EssenceOfSteel"},{"floor":6.0,"key":"BlessingOfTheForge"},{"floor":11.0,"key":"Weak Potion"},{"floor":12.0,"key":"Regen Potion"},{"floor":21.0,"key":"ColorlessPotion"}],"is_trial":false,"path_per_floor":["M","M","?","?","$","E","R","E","T","M","M","M","M","?","R","B",null,"M","M","M","M","?","R","?","E"],"character_chosen":"THE_SILENT","items_purchased":["Noxious Fumes"],"campfire_rested":1,"item_purchase_floors":[5],"current_hp_per_floor":[59,59,52,29,29,29,29,19,19,21,16,18,20,66,66,24,56,58,50,9,6,6,25,25,0],"gold":166,"neow_bonus":"THREE_ENEMY_KILL","is_prod":false,"is_daily":false,"chose_seed":false,"campfire_upgraded":2,"win_rate":0,"timestamp":1572032838,"path_taken":["M","M","?","?","?","E","R","E","T","M","M","M","M","?","R","BOSS","M","M","?","?","?","R","?","E"],"build_version":"2019-10-25-V2","purchased_purges":1,"victory":false,"max_hp_per_floor":[66,66,66,66,66,66,66,66,66,66,66,66,66,66,66,66,66,66,66,66,66,66,66,66,66],"card_choices":[{"not_picked":["Infinite Blades","Setup"],"picked":"Terror","floor":1.0},{"not_picked":["Prepared","Slice"],"picked":"Sucker Punch","floor":2.0},{"not_picked":["Flechettes","Endless Agony"],"picked":"Glass Knife","floor":6.0},{"not_picked":["Sucker Punch","Dodge and Roll"],"picked":"Deflect","floor":8.0},{"not_picked":["Slice","Bane"],"picked":"Well Laid Plans","floor":10.0},{"not_picked":["Flying Knee","Dodge and Roll"],"picked":"Dagger Spray","floor":11.0},{"not_picked":["Quick Slash","PiercingWail"],"picked":"Backstab","floor":12.0},{"not_picked":["Expertise","Flying Knee"],"picked":"Deadly Poison","floor":13.0},{"not_picked":["Unload","Wraith Form v2"],"picked":"Envenom","floor":16.0},{"not_picked":[],"picked":"Predator","floor":18.0},{"not_picked":["Finisher"],"picked":"SKIP","floor":19.0},{"not_picked":["Prepared"],"picked":"SKIP","floor":20.0},{"not_picked":[],"picked":"Dagger Spray+1","floor":21.0}],"player_experience":932781,"relics_obtained":[{"floor":6.0,"key":"Letter Opener"},{"floor":8.0,"key":"Blood Vial"},{"floor":9.0,"key":"Akabeko"}],"event_choices":[{"cards_removed":["Strike_G"],"damage_healed":0.0,"max_hp_gain":0.0,"max_hp_loss":0.0,"gold_gain":0.0,"event_name":"Golden Wing","player_choice":"Card Removal","floor":3.0,"gold_loss":0.0,"damage_taken":7.0},{"damage_healed":0.0,"max_hp_gain":0.0,"max_hp_loss":0.0,"gold_gain":0.0,"event_name":"Golden Idol","player_choice":"Take Damage","floor":4.0,"gold_loss":0.0,"damage_taken":23.0,"relics_obtained":["Golden Idol"]},{"cards_removed":["Terror"],"damage_healed":46.0,"max_hp_gain":0.0,"max_hp_loss":0.0,"gold_gain":0.0,"event_name":"Bonfire Elementals","player_choice":"Offered Uncommon","floor":14.0,"gold_loss":0.0,"damage_taken":0.0},{"damage_healed":0.0,"max_hp_gain":0.0,"max_hp_loss":0.0,"gold_gain":0.0,"event_name":"Addict","player_choice":"Obtained Relic","floor":22.0,"gold_loss":85.0,"damage_taken":0.0,"relics_obtained":["Art of War"]},{"cards_removed":["Strike_G"],"damage_healed":0.0,"max_hp_gain":0.0,"max_hp_loss":0.0,"gold_gain":0.0,"event_name":"Beggar","player_choice":"Gave Gold","floor":24.0,"gold_loss":75.0,"damage_taken":0.0}],"is_beta":true,"boss_relics":[{"not_picked":["Runic Pyramid","Sozu"],"picked":"Busted Crown"}],"items_purged_floors":[5],"is_endless":false,"potions_floor_spawned":[1,6,11,12,13,18,21],"killed_by":"Gremlin Leader","ascension_level":20}