{"gold_per_floor":[113,132,132,132,132,161,126,138,138,158,158,187,187,220,220,298,298,312,330,330,104,114,114,127,127,127,142,158,173,1,1,1,75,75,90,21,46,63,63,75,75,75,75,2,0,0,0,17,17,17],"floor_reached":50,"playtime":2148,"items_purged":["Fusion","Strike_B"],"score":807,"play_id":"0ffd36f9-fc07-4274-a5f6-6f159f284bc8","local_time":"20191026042935","is_ascension_mode":true,"campfire_choices":[{"floor":11.0,"key":"REST"},{"floor":13.0,"key":"REST"},{"data":"Ball Lightning","floor":15.0,"key":"SMITH"},{"floor":23.0,"key":"REST"},{"floor":25.0,"key":"REST"},{"floor":32.0,"key":"REST"},{"floor":41.0,"key":"REST"},{"floor":46.0,"key":"RECALL"},{"floor":49.0,"key":"REST"}],"neow_cost":"NONE","seed_source_timestamp":3637030969162900,"circlet_count":0,"master_deck":["AscendersBane","Strike_B+1","Defend_B","Defend_B","Defend_B+1","Defend_B","Zap","Dualcast","Steam","Lockon","Chaos+1","Ball Lightning+1","Glacier","Machine Learning","Glacier","Creative AI","Loop","Biased Cognition","Redo+1","Defragment","Defragment"],"special_seed":0,"relics":["Cracked Core","Eternal Feather","Pen Nib","DataDisk","Letter Opener","Fusion Hammer","Strawberry","Dead Branch","Empty Cage","Thread and Needle","Potion Belt","Red Mask"],"potions_floor_usage":[50],"damage_taken":[{"damage":0.0,"enemies":"Cultist","floor":1.0,"turns":4.0},{"damage":11.0,"enemies":"Jaw Worm","floor":2.0,"turns":4.0},{"damage":39.0,"enemies":"Gremlin Nob","floor":6.0,"turns":5.0},{"damage":5.0,"enemies":"Small Slimes","floor":8.0,"turns":2.0},{"damage":4.0,"enemies":"2 Fungi Beasts","floor":10.0,"turns":3.0},{"damage":24.0,"enemies":"3 Sentries","floor":12.0,"turns":7.0},{"damage":22.0,"enemies":"Gremlin Nob","floor":14.0,"turns":4.0},{"damage":13.0,"enemies":"The Guardian","floor":16.0,"turns":10.0},{"damage":22.0,"enemies":"2 Thieves","floor":18.0,"turns":5.0},{"damage":7.0,"enemies":"Chosen","floor":19.0,"turns":3.0},{"damage":7.0,"enemies":"Snecko","floor":22.0,"turns":4.0},{"damage":27.0,"enemies":"Sentry and Sphere","floor":24.0,"turns":6.0},{"damage":10.0,"enemies":"Cultist and Chosen","floor":27.0,"turns":5.0},{"damage":8.0,"enemies":"3 Cultists","floor":28.0,"turns":4.0},{"damage":32.0,"enemies":"Sentry and Sphere","floor":29.0,"turns":8.0},{"damage":22.0,"enemies":"Colosseum Slavers","floor":31.0,"turns":6.0},{"damage":47.0,"enemies":"Collector","floor":33.0,"turns":11.0},{"damage":2.0,"enemies":"3 Shapes","floor":35.0,"turns":6.0},{"damage":0.0,"enemies":"Mind Bloom Boss Battle","floor":37.0,"turns":8.0},{"damage":23.0,"enemies":"3 Darklings","floor":38.0,"turns":6.0},{"damage":0.0,"enemies":"Spire Growth","floor":40.0,"turns":5.0},{"damage":11.0,"enemies":"Transient","floor":48.0,"turns":5.0},{"damage":97,"enemies":"Awakened One","floor":50,"turns":6}],"seed_played":"-5669711727943266425","potions_obtained":[{"floor":1.0,"key":"DuplicationPotion"},{"floor":10.0,"key":"FearPotion"},{"floor":12.0,"key":"Dexterity Potion"},{"floor":16.0,"key":"LiquidMemories"},{"floor":18.0,"key":"DuplicationPotion"},{"floor":33.0,"key":"GamblersBrew"},{"floor":37.0,"key":"SteroidPotion"}],"is_trial":false,"path_per_floor":["M","M","?","?","$","E","?","M","T","M","R","E","R","E","R","B",null,"M","M","?","$","M","R","M","R","T","M","M","M","$","?","R","B",null,"M","$","?","M","?","M","R","$","T","$","?","R","$","M","R","B"],"character_chosen":"DEFECT","items_purchased":["Strawberry","Loop","Defragment","Defragment"],"campfire_rested":7,"item_purchase_floors":[21,30,36,44],"current_hp_per_floor":[71,60,44,49,49,10,30,25,25,21,54,30,63,41,50,37,72,50,43,43,50,43,79,52,88,88,78,70,38,38,16,52,5,69,67,67,67,44,44,44,83,83,83,83,83,90,90,79,90,0],"gold":17,"neow_bonus":"TEN_PERCENT_HP_BONUS","is_prod":false,"is_daily":false,"chose_seed":false,"campfire_upgraded":1,"win_rate":0,"timestamp":1572056975,"path_taken":["M","?","?","?","$","E","?","M","T","M","R","E","R","E","R","BOSS","M","M","?","$","?","R","M","R","T","M","M","M","?","?","R","BOSS","M","$","?","M","?","M","R","?","T","$","?","R","$","M","R","BOSS"],"build_version":"2019-10-25-V3","purchased_purges":2,"victory":false,"max_hp_per_floor":[78,78,78,83,83,83,83,83,83,83,83,83,83,83,83,83,83,83,83,83,90,90,90,90,90,90,90,90,90,90,90,90,90,90,90,90,90,90,90,90,90,90,90,90,90,90,90,90,90,90],"card_choices":[{"not_picked":["Gash","Tempest"],"picked":"Fusion","floor":1.0},{"not_picked":["Rebound","Turbo"],"picked":"Steam","floor":2.0},{"not_picked":["Streamline","Reinforced Body"],"picked":"Lockon","floor":6.0},{"not_picked":["Stack","Hologram","Darkness"],"picked":"SKIP","floor":8.0},{"not_picked":["Rebound","Steam"],"picked":"Chaos","floor":10.0},{"not_picked":["Sweeping Beam","Stack"],"picked":"Ball Lightning","floor":12.0},{"not_picked":["Scrape","Hologram"],"picked":"Glacier","floor":14.0},{"not_picked":["Multi-Cast","Hyperbeam"],"picked":"Machine Learning","floor":16.0},{"not_picked":["Gash","Sweeping Beam","Barrage"],"picked":"SKIP","floor":18.0},{"not_picked":["Fusion","Conserve Battery"],"picked":"Glacier","floor":19.0},{"not_picked":["Hello World","Compile Driver","Barrage"],"picked":"SKIP","floor":22.0},{"not_picked":["Leap","Beam Cell","Double Energy"],"picked":"SKIP","floor":24.0},{"not_picked":["Turbo","Steam","Reinforced Body"],"picked":"SKIP","floor":27.0},{"not_picked":["Double Energy","Capacitor"],"picked":"Creative AI","floor":28.0},{"not_picked":["Leap+1","Sweeping Beam","Turbo"],"picked":"SKIP","floor":29.0},{"not_picked":["Reboot","Echo Form"],"picked":"Biased Cognition","floor":33.0},{"not_picked":["Reinforced Body","Beam Cell"],"picked":"Redo+1","floor":35.0},{"not_picked":["Stack","Aggregate","Hologram+1"],"picked":"SKIP","floor":38.0},{"not_picked":["Compile Driver","Beam Cell","FTL"],"picked":"SKIP","floor":40.0},{"not_picked":["Hologram","Gash+1","Steam"],"picked":"SKIP","floor":48.0}],"player_experience":535366,"relics_obtained":[{"floor":6.0,"key":"Eternal Feather"},{"floor":9.0,"key":"Pen Nib"},{"floor":12.0,"key":"DataDisk"},{"floor":14.0,"key":"Letter Opener"},{"floor":26.0,"key":"Dead Branch"},{"floor":37.0,"key":"Thread and Needle"},{"floor":43.0,"key":"Potion Belt"}],"event_choices":[{"damage_healed":0.0,"max_hp_gain":0.0,"max_hp_loss":0.0,"gold_gain":0.0,"event_name":"Shining Light","player_choice":"Entered Light","floor":3.0,"gold_loss":0.0,"damage_taken":16.0,"cards_upgraded":["Strike_B","Defend_B"]},{"damage_healed":0.0,"max_hp_gain":5.0,"max_hp_loss":0.0,"gold_gain":0.0,"event_name":"Big Fish","player_choice":"Donut","floor":4.0,"gold_loss":0.0,"damage_taken":0.0},{"damage_healed":20.0,"max_hp_gain":0.0,"max_hp_loss":0.0,"gold_gain":0.0,"event_name":"The Cleric","player_choice":"Healed","floor":7.0,"gold_loss":35.0,"damage_taken":0.0},{"damage_healed":0.0,"max_hp_gain":0.0,"max_hp_loss":0.0,"gold_gain":0.0,"event_name":"Accursed Blacksmith","player_choice":"Forge","floor":20.0,"gold_loss":0.0,"damage_taken":0.0,"cards_upgraded":["Chaos"]},{"damage_healed":0.0,"max_hp_gain":0.0,"max_hp_loss":0.0,"gold_gain":0.0,"event_name":"Colosseum","player_choice":"Fight","floor":31.0,"gold_loss":0.0,"damage_taken":0.0},{"damage_healed":0.0,"max_hp_gain":0.0,"max_hp_loss":0.0,"gold_gain":0.0,"event_name":"Colosseum","player_choice":"Fled From Nobs","floor":31.0,"gold_loss":0.0,"damage_taken":0.0},{"damage_healed":0.0,"max_hp_gain":0.0,"max_hp_loss":0.0,"gold_gain":0.0,"event_name":"MindBloom","player_choice":"Fight","floor":37.0,"gold_loss":0.0,"damage_taken":0.0},{"damage_healed":0.0,"max_hp_gain":0.0,"max_hp_loss":0.0,"gold_gain":0.0,"event_name":"Mysterious Sphere","player_choice":"Ignored","floor":39.0,"gold_loss":0.0,"damage_taken":0.0},{"damage_healed":0.0,"max_hp_gain":0.0,"max_hp_loss":0.0,"gold_gain":0.0,"event_name":"Tomb of Lord Red Mask","player_choice":"Paid","floor":45.0,"gold_loss":2.0,"damage_taken":0.0,"relics_obtained":["Red Mask"]}],"is_beta":true,"boss_relics":[{"not_picked":["Black Star","FrozenCore"],"picked":"Fusion Hammer"},{"not_picked":["Astrolabe","SlaversCollar"],"picked":"Empty Cage"}],"items_purged_floors":[21,30],"is_endless":false,"potions_floor_spawned":[1,10,12,14,16,18,19,24,33,37],"killed_by":"Awakened One","ascension_level":14}