{"gold_per_floor":[110,39,51,51,51,51,66,36,36,36,36,36,36,56,56,156,156,156,81,81,81,81,81,81,81,81,81,81,81,0,0,0,0],"floor_reached":33,"playtime":989,"items_purged":[],"score":347,"play_id":"7aea5961-66af-4b6d-ace0-ff0515bcd273","local_time":"20190418183827","is_ascension_mode":true,"campfire_choices":[{"data":"Footwork","floor":6.0,"key":"SMITH"},{"data":"Leg Sweep","floor":10.0,"key":"SMITH"},{"data":"Survivor","floor":13.0,"key":"SMITH"},{"floor":15.0,"key":"REST"},{"data":"RitualDagger","floor":23.0,"key":"SMITH"},{"floor":25.0,"key":"REST"},{"data":"Footwork","floor":29,"key":"SMITH"},{"floor":32,"key":"REST"}],"neow_cost":"NONE","seed_source_timestamp":0,"circlet_count":0,"master_deck":["AscendersBane","Defend_G","Defend_G","Defend_G","Defend_G","Defend_G","Strike_G","Strike_G","Strike_G","Strike_G","Strike_G","Survivor+1","Neutralize+1","Noxious Fumes+1","Footwork+1","Leg Sweep+1","Wraith Form v2","RitualDagger+1","Bouncing Flask","Footwork+1"],"special_seed":0,"relics":["Ring of the Snake","Anchor","Pantograph","Ectoplasm","MutagenicStrength","Molten Egg 2","Question Card"],"potions_floor_usage":[28,33],"damage_taken":[{"damage":2.0,"enemies":"Small Slimes","floor":1.0,"turns":5.0},{"damage":0.0,"enemies":"Cultist","floor":3.0,"turns":5.0},{"damage":0.0,"enemies":"Jaw Worm","floor":7.0,"turns":4.0},{"damage":0.0,"enemies":"Large Slime","floor":14.0,"turns":8.0},{"damage":17.0,"enemies":"Slime Boss","floor":16.0,"turns":15.0},{"damage":13.0,"enemies":"Chosen","floor":18.0,"turns":7.0},{"damage":21.0,"enemies":"2 Thieves","floor":19.0,"turns":5.0},{"damage":5,"enemies":"Shelled Parasite and Fungi","floor":27,"turns":6},{"damage":5,"enemies":"Snecko","floor":28,"turns":6},{"damage":78,"enemies":"Collector","floor":33,"turns":5}],"seed_played":"-2355538989176542257","potions_obtained":[{"floor":1.0,"key":"LiquidBronze"},{"floor":8.0,"key":"SkillPotion"},{"floor":8.0,"key":"Weak Potion"},{"floor":14.0,"key":"Ancient Potion"},{"floor":18.0,"key":"GamblersBrew"},{"floor":19.0,"key":"Swift Potion"}],"is_trial":false,"path_per_floor":["M","$","M","?","?","R","M","?","T","R","$","?","R","M","R","B",null,"M","M","?","?","?","R","?","R","T","M","M","R","?","T","R","B"],"character_chosen":"THE_SILENT","items_purchased":["Footwork"],"campfire_rested":3,"item_purchase_floors":[2],"current_hp_per_floor":[61,61,61,61,61,61,61,61,61,61,61,61,61,61,70,53,66,53,32,26,26,26,26,26,47,47,42,37,37,37,37,58,0],"gold":0,"neow_bonus":"RANDOM_COMMON_RELIC","is_prod":false,"is_daily":false,"chose_seed":false,"campfire_upgraded":5,"win_rate":0,"timestamp":1555605507,"path_taken":["M","$","M","?","?","R","?","?","T","R","?","?","R","M","R","BOSS","M","M","?","?","?","R","?","R","T","M","?","R","?","?","R","BOSS"],"build_version":"2019-01-23","purchased_purges":0,"victory":false,"max_hp_per_floor":[70,70,70,70,70,70,70,70,70,70,70,70,70,70,70,70,70,70,70,70,70,70,70,70,70,70,70,70,70,70,70,70,70],"card_choices":[{"not_picked":["Escape Plan","Blade Dance"],"picked":"Noxious Fumes","floor":1.0},{"not_picked":["Terror","Dagger Throw"],"picked":"Leg Sweep","floor":3.0},{"not_picked":["Prepared","Skewer","Heel Hook"],"picked":"SKIP","floor":7.0},{"not_picked":["All Out Attack","Acrobatics","Outmaneuver"],"picked":"SKIP","floor":14.0},{"not_picked":["Bullet Time","Night Terror"],"picked":"Wraith Form v2","floor":16.0},{"not_picked":["Tactician","Backstab","Quick Slash"],"picked":"SKIP","floor":18.0},{"not_picked":["Slice+1","Quick Slash","Expertise+1"],"picked":"SKIP","floor":19.0},{"not_picked":["Prepared","Flying Knee+1","Eviscerate+1"],"picked":"SKIP","floor":27},{"not_picked":["Masterful Stab+1","Underhanded Strike+1"],"picked":"Footwork","floor":28}],"player_experience":418886,"relics_obtained":[{"floor":9.0,"key":"Pantograph"},{"floor":26.0,"key":"Molten Egg 2"},{"floor":31,"key":"Question Card"}],"event_choices":[{"damage_healed":0.0,"max_hp_gain":0.0,"max_hp_loss":0.0,"gold_gain":0.0,"event_name":"Living Wall","player_choice":"Grow","floor":4.0,"gold_loss":0.0,"damage_taken":0.0,"cards_upgraded":["Noxious Fumes"]},{"damage_healed":0.0,"max_hp_gain":0.0,"max_hp_loss":0.0,"gold_gain":0.0,"event_name":"Accursed Blacksmith","player_choice":"Forge","floor":5.0,"gold_loss":0.0,"damage_taken":0.0,"cards_upgraded":["Neutralize"]},{"damage_healed":0.0,"max_hp_gain":0.0,"max_hp_loss":0.0,"gold_gain":0.0,"event_name":"The Woman in Blue","player_choice":"Bought 2 Potions","floor":8.0,"gold_loss":0.0,"damage_taken":0.0},{"damage_healed":0.0,"max_hp_gain":0.0,"max_hp_loss":0.0,"gold_gain":0.0,"event_name":"Golden Idol","player_choice":"Ignored","floor":12.0,"gold_loss":0.0,"damage_taken":0.0},{"damage_healed":0.0,"max_hp_gain":0.0,"max_hp_loss":0.0,"gold_gain":0.0,"event_name":"Nest","player_choice":"Joined the Cult","floor":20.0,"gold_loss":0.0,"damage_taken":6.0,"cards_obtained":["RitualDagger"]},{"damage_healed":0.0,"max_hp_gain":0.0,"max_hp_loss":0.0,"gold_gain":0.0,"event_name":"The Library","player_choice":"Read","floor":21.0,"gold_loss":0.0,"damage_taken":0.0,"cards_obtained":["Bouncing Flask"]},{"damage_healed":0.0,"max_hp_gain":0.0,"max_hp_loss":0.0,"gold_gain":0.0,"event_name":"Drug Dealer","player_choice":"Inject Mutagens","floor":22.0,"gold_loss":0.0,"damage_taken":0.0,"relics_obtained":["MutagenicStrength"]},{"damage_healed":0.0,"max_hp_gain":0.0,"max_hp_loss":0.0,"gold_gain":100.0,"event_name":"Golden Shrine","player_choice":"Pray","floor":24.0,"gold_loss":0.0,"damage_taken":0.0},{"damage_healed":0,"gold_gain":0,"player_choice":"Paid Fearfully","damage_taken":0,"max_hp_gain":0,"max_hp_loss":0,"event_name":"Masked Bandits","floor":30,"gold_loss":81}],"is_beta":false,"boss_relics":[{"not_picked":["Astrolabe","Lizard Tail"],"picked":"Ectoplasm"}],"items_purged_floors":[],"is_endless":false,"potions_floor_spawned":[1,14,18,19],"killed_by":"Collector","ascension_level":10}