{"gold_per_floor":[113,126,126,126,138,138,151,184,207,172,202,202,235,17,17,116,116,136,153,76,76,88,88,107,107],"floor_reached":25,"playtime":1646,"items_purged":["Strike_G"],"score":332,"play_id":"281e38f8-169f-4652-8216-4fc6846f4f1d","local_time":"20190420001454","is_ascension_mode":true,"campfire_choices":[{"data":"Blade Dance","floor":6.0,"key":"SMITH"},{"data":"Burst","floor":12.0,"key":"SMITH"},{"floor":15.0,"key":"REST"},{"floor":23.0,"key":"REST"}],"neow_cost":"NONE","seed_source_timestamp":0,"circlet_count":0,"master_deck":["AscendersBane","Defend_G+1","Defend_G+1","Defend_G","Defend_G","Defend_G","Strike_G","Strike_G","Strike_G","Strike_G","Survivor","Neutralize+1","Blade Dance+1","Noxious Fumes","Infinite Blades","Burst+1","A Thousand Cuts+1","Infinite Blades"],"special_seed":0,"relics":["Ring of the Snake","Ancient Tea Set","War Paint","Blood Vial","Boot","Membership Card","Lizard Tail"],"potions_floor_usage":[],"damage_taken":[{"damage":0.0,"enemies":"Cultist","floor":1.0,"turns":5.0},{"damage":0.0,"enemies":"2 Louse","floor":2.0,"turns":4.0},{"damage":0.0,"enemies":"Jaw Worm","floor":5.0,"turns":4.0},{"damage":6.0,"enemies":"Red Slaver","floor":7.0,"turns":4.0},{"damage":26.0,"enemies":"Gremlin Nob","floor":8.0,"turns":4.0},{"damage":11.0,"enemies":"3 Sentries","floor":11.0,"turns":7.0},{"damage":24.0,"enemies":"Gremlin Nob","floor":13.0,"turns":5.0},{"damage":17.0,"enemies":"Slime Boss","floor":16.0,"turns":10.0},{"damage":10.0,"enemies":"Shell Parasite","floor":18.0,"turns":5.0},{"damage":19.0,"enemies":"Spheric Guardian","floor":19.0,"turns":6.0},{"damage":22.0,"enemies":"Centurion and Healer","floor":22.0,"turns":7.0},{"damage":21.0,"enemies":"Sentry and Sphere","floor":24.0,"turns":4.0},{"damage":0,"enemies":"Book of Stabbing","floor":25,"turns":1}],"seed_played":"-7975505989801066466","potions_obtained":[{"floor":1.0,"key":"Fire Potion"},{"floor":7.0,"key":"Block Potion"},{"floor":18.0,"key":"Strength Potion"}],"is_trial":false,"path_per_floor":["M","M","?","?","M","R","M","E","T","?","E","R","E","$","R","B",null,"M","M","$","?","M","R","M","E"],"character_chosen":"THE_SILENT","items_purchased":["Membership Card","PowerPotion","Infinite Blades"],"campfire_rested":2,"item_purchase_floors":[14,14,20],"current_hp_per_floor":[63,63,63,63,63,63,57,31,31,48,37,37,15,15,36,21,58,50,33,33,33,13,34,15,17],"gold":107,"neow_bonus":"UPGRADE_CARD","is_prod":false,"is_daily":false,"chose_seed":false,"campfire_upgraded":2,"win_rate":0,"timestamp":1555712094,"path_taken":["M","?","?","?","?","R","M","E","T","?","E","R","E","$","R","BOSS","M","M","$","?","?","R","M","E"],"build_version":"2019-01-23","purchased_purges":1,"victory":false,"max_hp_per_floor":[70,70,70,70,70,70,70,70,70,70,70,70,70,70,70,70,70,70,70,70,70,70,70,70,70],"card_choices":[{"not_picked":["Finisher","PiercingWail","Slice"],"picked":"SKIP","floor":1.0},{"not_picked":["Poisoned Stab","Leg Sweep"],"picked":"Blade Dance","floor":2.0},{"not_picked":["Flying Knee","Predator"],"picked":"Noxious Fumes","floor":5.0},{"not_picked":["Heel Hook","PiercingWail"],"picked":"Infinite Blades","floor":7.0},{"not_picked":["Dagger Spray","Flechettes","Endless Agony"],"picked":"SKIP","floor":8.0},{"not_picked":["Flying Knee","Outmaneuver"],"picked":"Burst","floor":11.0},{"not_picked":["Masterful Stab","Dodge and Roll","Slice"],"picked":"SKIP","floor":13.0},{"not_picked":["Tools of the Trade","Corpse Explosion"],"picked":"A Thousand Cuts","floor":16.0},{"not_picked":["Dash","Underhanded Strike","Acrobatics"],"picked":"SKIP","floor":18.0},{"not_picked":["Escape Plan","Bane","Caltrops"],"picked":"SKIP","floor":19.0},{"not_picked":["Underhanded Strike+1","Dagger Spray","Terror"],"picked":"SKIP","floor":22.0},{"not_picked":["Dagger Throw+1","Caltrops","Bane"],"picked":"SKIP","floor":24.0}],"player_experience":426749,"relics_obtained":[{"floor":8.0,"key":"Ancient Tea Set"},{"floor":9.0,"key":"War Paint"},{"floor":11.0,"key":"Blood Vial"},{"floor":13.0,"key":"Boot"}],"event_choices":[{"damage_healed":0.0,"max_hp_gain":0.0,"max_hp_loss":0.0,"gold_gain":0.0,"event_name":"Liars Game","player_choice":"Ignored","floor":3.0,"gold_loss":0.0,"damage_taken":0.0},{"damage_healed":0.0,"max_hp_gain":0.0,"max_hp_loss":0.0,"gold_gain":0.0,"event_name":"The Woman in Blue","player_choice":"Bought 0 Potions","floor":4.0,"gold_loss":0.0,"damage_taken":0.0},{"damage_healed":17.0,"max_hp_gain":0.0,"max_hp_loss":0.0,"gold_gain":0.0,"event_name":"The Cleric","player_choice":"Healed","floor":10.0,"gold_loss":35.0,"damage_taken":0.0},{"damage_healed":0.0,"max_hp_gain":0.0,"max_hp_loss":0.0,"gold_gain":0.0,"event_name":"Upgrade Shrine","player_choice":"Upgraded","floor":21.0,"gold_loss":0.0,"damage_taken":0.0,"cards_upgraded":["A Thousand Cuts"]}],"is_beta":false,"boss_relics":[{"not_picked":["Runic Pyramid","Fusion Hammer"],"picked":"Lizard Tail"}],"items_purged_floors":[20],"is_endless":false,"potions_floor_spawned":[1,7,18],"killed_by":"Book of Stabbing","ascension_level":10}