{"gold_per_floor":[117,130,130,130,140,168,188,202,202,202,236,250,250,400,400,400],"floor_reached":16,"playtime":550,"items_purged":[],"score":224,"play_id":"40053237-dbdb-4864-88c5-ea5ec17c744c","local_time":"20190717130008","is_ascension_mode":true,"campfire_choices":[{"floor":10,"key":"REST"},{"data":"Dualcast","floor":13,"key":"SMITH"},{"floor":15,"key":"REST"}],"neow_cost":"NONE","seed_source_timestamp":527169902205157,"circlet_count":0,"master_deck":["AscendersBane","Strike_B","Strike_B","Strike_B","Strike_B","Defend_B","Defend_B","Defend_B","Defend_B","Zap","Dualcast+1","Conserve Battery","Cold Snap","Rebound","Capacitor+1","Glacier","Capacitor+1","Barrage+1","Doubt"],"relics":["Cracked Core","NeowsBlessing","Frozen Egg 2","Regal Pillow","Molten Egg 2"],"potions_floor_usage":[6,11,12],"damage_taken":[{"damage":0,"enemies":"2 Louse","floor":1,"turns":1},{"damage":0,"enemies":"Jaw Worm","floor":2,"turns":1},{"damage":0,"enemies":"Cultist","floor":5,"turns":1},{"damage":25,"enemies":"3 Sentries","floor":6,"turns":7},{"damage":9,"enemies":"Blue Slaver","floor":7,"turns":4},{"damage":13,"enemies":"3 Louse","floor":8,"turns":3},{"damage":15,"enemies":"Lagavulin","floor":11,"turns":8},{"damage":26,"enemies":"Exordium Wildlife","floor":12,"turns":10},{"damage":69,"enemies":"Hexaghost","floor":16,"turns":11}],"seed_played":"5660344893844935838","potions_obtained":[{"floor":1,"key":"PowerPotion"},{"floor":7,"key":"SteroidPotion"},{"floor":8,"key":"Regen Potion"},{"floor":11,"key":"Explosive Potion"}],"is_trial":false,"path_per_floor":["M","M","?","T","M","E","M","M","T","R","E","M","R","?","R","B"],"character_chosen":"DEFECT","items_purchased":[],"campfire_rested":2,"item_purchase_floors":[],"current_hp_per_floor":[64,64,64,64,64,39,30,17,17,53,53,27,27,27,63,0],"gold":400,"neow_bonus":"THREE_ENEMY_KILL","is_prod":false,"is_daily":false,"chose_seed":false,"campfire_upgraded":1,"win_rate":0,"timestamp":1563393608,"path_taken":["M","M","?","?","?","E","M","M","T","R","E","M","R","?","R","BOSS"],"build_version":"2019-07-05","purchased_purges":0,"victory":false,"max_hp_per_floor":[71,71,71,71,71,71,71,71,71,71,71,71,71,71,71,71],"card_choices":[{"not_picked":["Blizzard","Redo","Steam"],"picked":"SKIP","floor":1},{"not_picked":["Barrage","Capacitor"],"picked":"Conserve Battery","floor":2},{"not_picked":["Chill","Go for the Eyes"],"picked":"Cold Snap","floor":5},{"not_picked":["Streamline","Undo"],"picked":"Rebound","floor":6},{"not_picked":["Conserve Battery","Seek"],"picked":"Capacitor+1","floor":7},{"not_picked":["Steam","Gash"],"picked":"Glacier","floor":8},{"not_picked":["Steam Power","Storm+1"],"picked":"Capacitor+1","floor":11},{"not_picked":["Steam","Compile Driver+1"],"picked":"Barrage+1","floor":12}],"player_experience":677941,"relics_obtained":[{"floor":4,"key":"Frozen Egg 2"},{"floor":6,"key":"Regal Pillow"},{"floor":11,"key":"Molten Egg 2"}],"event_choices":[{"damage_healed":0,"gold_gain":0,"player_choice":"Leave","damage_taken":0,"max_hp_gain":0,"max_hp_loss":0,"event_name":"The Cleric","floor":3,"gold_loss":0},{"damage_healed":0,"gold_gain":150,"player_choice":"AGREE","damage_taken":0,"max_hp_gain":0,"max_hp_loss":0,"event_name":"Liars Game","floor":14,"gold_loss":0,"cards_obtained":["Doubt"]}],"is_beta":false,"boss_relics":[],"items_purged_floors":[],"is_endless":false,"potions_floor_spawned":[1,7,8,11],"killed_by":"Hexaghost","ascension_level":20}