{"gold_per_floor":[119,171,246,157,122,150,150,184,211,241,258,258,275,287,287,364,364,378,389,81,131,131,131,142,177,177,177],"floor_reached":27,"playtime":603,"items_purged":[],"score":598,"play_id":"1319cba9-24e7-418b-91c4-844551ee0ff6","local_time":"20191021165335","is_ascension_mode":true,"campfire_choices":[{"data":"Sunder","floor":7,"key":"SMITH"},{"data":"Rainbow","floor":12,"key":"SMITH"},{"data":"Capacitor","floor":15,"key":"SMITH"},{"floor":23,"key":"REST"}],"neow_cost":"NONE","seed_source_timestamp":777949949187000,"circlet_count":0,"master_deck":["AscendersBane","Strike_B","Strike_B","Strike_B","Strike_B","Defend_B","Defend_B","Defend_B","Defend_B","Zap","Dualcast","Melter","Sunder+1","Self Repair","Rainbow+1","Ball Lightning","Doom and Gloom","Capacitor+1","White Noise","Machine Learning","Redo+1","Defragment","Capacitor","Coolheaded"],"relics":["Cracked Core","NeowsBlessing","Darkstone Periapt","Oddly Smooth Stone","PreservedInsect","Dodecahedron","Sozu","Runic Capacitor","Potion Belt","Blue Candle"],"potions_floor_usage":[16,18],"damage_taken":[{"damage":0,"enemies":"Jaw Worm","floor":1,"turns":1},{"damage":0,"enemies":"Lagavulin","floor":6,"turns":1},{"damage":0,"enemies":"Gremlin Nob","floor":8,"turns":1},{"damage":12,"enemies":"3 Sentries","floor":10,"turns":5},{"damage":8,"enemies":"Small Slimes","floor":11,"turns":3},{"damage":0,"enemies":"2 Louse","floor":13,"turns":1},{"damage":3,"enemies":"2 Fungi Beasts","floor":14,"turns":2},{"damage":13,"enemies":"The Guardian","floor":16,"turns":9},{"damage":24,"enemies":"3 Byrds","floor":18,"turns":4},{"damage":0,"enemies":"Chosen","floor":19,"turns":3},{"damage":0,"enemies":"Sentry and Sphere","floor":24,"turns":2},{"damage":35,"enemies":"Slavers","floor":25,"turns":4},{"damage":26,"enemies":"Masked Bandits","floor":27,"turns":2}],"seed_played":"-7046449945783560147","potions_obtained":[{"floor":1,"key":"SneckoOil"},{"floor":10,"key":"Swift Potion"},{"floor":11,"key":"Fire Potion"}],"is_trial":false,"path_per_floor":["M","?","?","$","?","E","R","E","T","E","M","R","M","M","R","B",null,"M","M","$","?","?","R","M","E","T","?"],"character_chosen":"DEFECT","items_purchased":["Sunder","Runic Capacitor","Capacitor"],"campfire_rested":1,"item_purchase_floors":[4,20,20],"current_hp_per_floor":[64,64,53,53,70,70,70,70,70,65,64,64,64,61,61,55,67,43,43,43,43,23,45,45,17,17,0],"gold":177,"neow_bonus":"THREE_ENEMY_KILL","is_prod":false,"is_daily":false,"chose_seed":false,"campfire_upgraded":3,"win_rate":0,"timestamp":1571702015,"path_taken":["M","?","?","$","?","E","R","E","T","E","M","R","M","M","R","BOSS","M","M","$","?","?","R","M","E","T","?"],"build_version":"2019-07-17","purchased_purges":0,"victory":false,"max_hp_per_floor":[71,71,71,71,71,71,71,71,71,71,71,71,71,71,71,71,71,71,71,71,71,76,76,76,76,76,76],"card_choices":[{"not_picked":["Tempest","White Noise"],"picked":"Melter","floor":1},{"not_picked":["Undo","Double Energy"],"picked":"Self Repair","floor":6},{"not_picked":["Beam Cell","Go for the Eyes"],"picked":"Rainbow","floor":8},{"not_picked":["Cold Snap","Seek"],"picked":"Ball Lightning","floor":10},{"not_picked":["Compile Driver","Streamline"],"picked":"Doom and Gloom","floor":11},{"not_picked":["Recycle","Stack"],"picked":"Capacitor","floor":13},{"not_picked":["Rebound","Steam"],"picked":"White Noise","floor":14},{"not_picked":["Fission","Thunder Strike"],"picked":"Machine Learning","floor":16},{"not_picked":["Hologram","Double Energy"],"picked":"Redo+1","floor":18},{"not_picked":["Reprogram+1","Sweeping Beam"],"picked":"Defragment","floor":19},{"not_picked":["Gash","Compile Driver","Leap"],"picked":"SKIP","floor":24},{"not_picked":["Storm","Streamline"],"picked":"Coolheaded","floor":25}],"player_experience":878193,"relics_obtained":[{"floor":6,"key":"Darkstone Periapt"},{"floor":8,"key":"Oddly Smooth Stone"},{"floor":9,"key":"PreservedInsect"},{"floor":10,"key":"Dodecahedron"},{"floor":25,"key":"Potion Belt"},{"floor":26,"key":"Blue Candle"}],"event_choices":[{"damage_healed":0,"gold_gain":52,"player_choice":"Gained Gold","damage_taken":0,"max_hp_gain":0,"max_hp_loss":0,"event_name":"Golden Wing","floor":2,"gold_loss":0},{"damage_healed":0,"gold_gain":75,"player_choice":"Gather Gold","damage_taken":11,"max_hp_gain":0,"max_hp_loss":0,"event_name":"World of Goop","floor":3,"gold_loss":0},{"damage_healed":17,"gold_gain":0,"player_choice":"Healed","damage_taken":0,"max_hp_gain":0,"max_hp_loss":0,"event_name":"The Cleric","floor":5,"gold_loss":35},{"damage_healed":0,"gold_gain":50,"player_choice":"Stole From Cult","damage_taken":0,"max_hp_gain":0,"max_hp_loss":0,"event_name":"Nest","floor":21,"gold_loss":0},{"damage_healed":0,"gold_gain":0,"player_choice":"Shed Blood","damage_taken":25,"max_hp_gain":5,"max_hp_loss":0,"event_name":"Forgotten Altar","floor":22,"gold_loss":0},{"damage_healed":0,"gold_gain":0,"player_choice":"Fought Bandits","damage_taken":0,"max_hp_gain":0,"max_hp_loss":0,"event_name":"Masked Bandits","floor":27,"gold_loss":0}],"is_beta":false,"boss_relics":[{"not_picked":["Fusion Hammer","Empty Cage"],"picked":"Sozu"}],"items_purged_floors":[],"is_endless":false,"potions_floor_spawned":[1,10,11,25],"killed_by":"Masked Bandits","ascension_level":20}