{"gold_per_floor":[16,26,39,57,69,95,111,111],"floor_reached":8,"playtime":420,"items_purged":[],"score":124,"play_id":"e6d12e5c-f4bd-44d8-aa3a-2aaaae57f697","local_time":"20190820130940","is_ascension_mode":true,"campfire_choices":[],"neow_cost":"NO_GOLD","seed_source_timestamp":528897596850100,"circlet_count":0,"master_deck":["AscendersBane","Strike_B","Strike_B","Strike_B","Strike_B","Defend_B","Defend_B","Defend_B","Defend_B","Zap","Dualcast","Glacier","Gash","Beam Cell","Undo","Hologram","Go for the Eyes","Hologram"],"relics":["Cracked Core","Mango","Bottled Flame"],"potions_floor_usage":[],"damage_taken":[{"damage":12,"enemies":"Cultist","floor":1,"turns":4},{"damage":7,"enemies":"Jaw Worm","floor":2,"turns":5},{"damage":0,"enemies":"Small Slimes","floor":3,"turns":4},{"damage":13,"enemies":"2 Fungi Beasts","floor":4,"turns":4},{"damage":0,"enemies":"Looter","floor":5,"turns":3},{"damage":21,"enemies":"3 Sentries","floor":6,"turns":13},{"damage":3,"enemies":"Blue Slaver","floor":7,"turns":4},{"damage":24,"enemies":"Gremlin Nob","floor":8,"turns":3}],"seed_played":"-8045450292419698248","potions_obtained":[{"floor":3,"key":"SpeedPotion"},{"floor":6,"key":"Explosive Potion"}],"is_trial":false,"path_per_floor":["M","M","M","M","M","E","M","E"],"character_chosen":"DEFECT","items_purchased":[],"campfire_rested":0,"item_purchase_floors":[],"current_hp_per_floor":[66,59,59,46,46,25,22,0],"gold":111,"neow_bonus":"ONE_RARE_RELIC","is_prod":false,"is_daily":false,"chose_seed":false,"campfire_upgraded":0,"win_rate":0,"timestamp":1566331780,"path_taken":["M","?","M","M","M","E","?","E"],"build_version":"2019-07-17","purchased_purges":0,"victory":false,"max_hp_per_floor":[85,85,85,85,85,85,85,85],"card_choices":[{"not_picked":["Streamline","Rebound"],"picked":"Glacier","floor":1},{"not_picked":["Reprogram","Rip and Tear"],"picked":"Gash","floor":2},{"not_picked":["Steam Power","Hello World"],"picked":"Beam Cell","floor":3},{"not_picked":["Machine Learning","Go for the Eyes"],"picked":"Undo","floor":4},{"not_picked":["Force Field","Double Energy"],"picked":"Hologram","floor":5},{"not_picked":["Steam Power","Steam"],"picked":"Go for the Eyes","floor":6},{"not_picked":["Go for the Eyes","Conserve Battery"],"picked":"Hologram","floor":7}],"player_experience":737566,"relics_obtained":[{"floor":6,"key":"Bottled Flame"}],"event_choices":[],"is_beta":false,"boss_relics":[],"items_purged_floors":[],"is_endless":false,"potions_floor_spawned":[3,6],"killed_by":"Gremlin Nob","ascension_level":20}