{"gold_per_floor":[119,130,205,205,216,216,141,171,171,181,199,199,232,232,232,304,304,321,321,321,334,334,363,363,392,440,440,199,199,114,126,126,201,201,215,226,226,246,46,46],"floor_reached":40,"playtime":2539,"items_purged":["Strike_B"],"score":939,"play_id":"5c7a277e-f2b0-4710-997a-8e8b0865ff8f","local_time":"20191003221505","is_ascension_mode":true,"campfire_choices":[{"floor":6,"key":"REST"},{"data":"Undo","floor":15,"key":"SMITH"},{"data":"Sunder","floor":24,"key":"SMITH"},{"data":"Bite","floor":32,"key":"SMITH"}],"neow_cost":"NONE","seed_source_timestamp":1946116033176400,"circlet_count":0,"master_deck":["AscendersBane","Defend_B","Defend_B+1","Defend_B","Defend_B","Zap+1","Dualcast","Capacitor","Ball Lightning","Doom and Gloom","Undo+1","Reinforced Body+1","Echo Form","Core Surge","Fusion","Aggregate","Coolheaded","Sunder+1","Glacier","Bite+1","Bite","Bite","Bite","Bite","Heatsinks","Buffer","Self Repair","Static Discharge+1","Defragment","Apotheosis"],"relics":["Snecko Eye","Strawberry","Pantograph","Sundial","Anchor","Coffee Dripper","Dodecahedron","War Paint","Centennial Puzzle","Vajra","Letter Opener","Eternal Feather"],"potions_floor_usage":[8,16,18,23,25,40,40],"damage_taken":[{"damage":5,"enemies":"Small Slimes","floor":1,"turns":4},{"damage":2,"enemies":"Cultist","floor":2,"turns":4},{"damage":7,"enemies":"Jaw Worm","floor":5,"turns":3},{"damage":15,"enemies":"Lagavulin","floor":8,"turns":5},{"damage":3,"enemies":"3 Louse","floor":10,"turns":3},{"damage":1,"enemies":"2 Fungi Beasts","floor":11,"turns":3},{"damage":23,"enemies":"Gremlin Nob","floor":13,"turns":4},{"damage":1,"enemies":"The Guardian","floor":16,"turns":11},{"damage":7,"enemies":"2 Thieves","floor":18,"turns":4},{"damage":0,"enemies":"Spheric Guardian","floor":21,"turns":4},{"damage":0,"enemies":"Slavers","floor":23,"turns":5},{"damage":64,"enemies":"Book of Stabbing","floor":25,"turns":8},{"damage":6,"enemies":"Shelled Parasite and Fungi","floor":31,"turns":11},{"damage":16,"enemies":"Collector","floor":33,"turns":9},{"damage":8,"enemies":"3 Darklings","floor":35,"turns":6},{"damage":0,"enemies":"3 Shapes","floor":36,"turns":6},{"damage":63,"enemies":"Maw","floor":38,"turns":10},{"damage":28,"enemies":"Nemesis","floor":40,"turns":5}],"seed_played":"-1977660076824023163","potions_obtained":[{"floor":4,"key":"FearPotion"},{"floor":4,"key":"Ancient Potion"},{"floor":5,"key":"Fire Potion"},{"floor":8,"key":"Weak Potion"},{"floor":16,"key":"Swift Potion"},{"floor":18,"key":"GamblersBrew"},{"floor":23,"key":"Energy Potion"},{"floor":31,"key":"SkillPotion"}],"is_trial":false,"path_per_floor":["M","M","?","?","M","R","$","E","T","M","M","?","E","?","R","B",null,"M","?","?","M","?","E","R","E","T","?","$","$","?","M","R","B",null,"M","M","?","M","$","E"],"character_chosen":"DEFECT","items_purchased":["Heatsinks","Vajra","Apotheosis"],"campfire_rested":1,"item_purchase_floors":[28,28,39],"current_hp_per_floor":[59,57,46,46,39,60,60,52,52,49,48,30,7,7,7,31,66,59,59,75,75,75,75,75,11,11,11,11,11,11,41,41,54,54,54,54,54,21,21,0],"gold":46,"neow_bonus":"BOSS_RELIC","is_prod":false,"is_daily":false,"chose_seed":false,"campfire_upgraded":3,"win_rate":0,"timestamp":1570166105,"path_taken":["M","M","?","?","M","R","$","E","T","M","?","?","E","?","R","BOSS","M","?","?","M","?","E","R","E","T","?","?","$","?","M","R","BOSS","M","M","?","M","$","E"],"build_version":"2019-07-17","purchased_purges":1,"victory":false,"max_hp_per_floor":[71,71,71,71,71,71,71,78,78,78,78,78,78,78,78,78,78,78,78,78,78,78,78,78,78,78,54,54,54,54,54,54,54,54,54,54,54,54,54,54],"card_choices":[{"not_picked":["Turbo","Beam Cell"],"picked":"Capacitor","floor":1},{"not_picked":["Coolheaded","Hologram"],"picked":"Ball Lightning","floor":2},{"not_picked":["Hologram","Rebound"],"picked":"Doom and Gloom","floor":5},{"not_picked":["Aggregate","Reboot"],"picked":"Undo","floor":8},{"not_picked":["Go for the Eyes","Steam","Ball Lightning"],"picked":"SKIP","floor":10},{"not_picked":["Beam Cell","Lockon"],"picked":"Reinforced Body","floor":11},{"not_picked":["Consume","Scrape"],"picked":"Echo Form","floor":13},{"not_picked":["Biased Cognition","Buffer"],"picked":"Core Surge","floor":16},{"not_picked":["Sweeping Beam","Stack"],"picked":"Fusion","floor":18},{"not_picked":["Lockon","Hologram"],"picked":"Sunder","floor":21},{"not_picked":["Stack","Force Field+1"],"picked":"Glacier","floor":23},{"not_picked":["Go for the Eyes","Auto Shields+1","Cold Snap"],"picked":"SKIP","floor":25},{"not_picked":["Barrage+1","Ball Lightning","Turbo"],"picked":"SKIP","floor":31},{"not_picked":["Hyperbeam","Machine Learning"],"picked":"Buffer","floor":33},{"not_picked":["Tempest","Cold Snap"],"picked":"Self Repair","floor":35},{"not_picked":["Ball Lightning+1","Redo"],"picked":"Static Discharge+1","floor":36},{"not_picked":["Barrage+1","Gash"],"picked":"Defragment","floor":38}],"player_experience":818314,"relics_obtained":[{"floor":8,"key":"Strawberry"},{"floor":9,"key":"Pantograph"},{"floor":13,"key":"Anchor"},{"floor":23,"key":"Dodecahedron"},{"floor":25,"key":"War Paint"},{"floor":26,"key":"Centennial Puzzle"}],"event_choices":[{"damage_healed":0,"gold_gain":75,"player_choice":"Gather Gold","damage_taken":11,"max_hp_gain":0,"max_hp_loss":0,"event_name":"World of Goop","floor":3,"gold_loss":0},{"damage_healed":0,"gold_gain":0,"player_choice":"Got Potions","damage_taken":0,"max_hp_gain":0,"max_hp_loss":0,"event_name":"Lab","floor":4,"gold_loss":0},{"damage_healed":0,"gold_gain":0,"player_choice":"Success","damage_taken":18,"relics_obtained":["Sundial"],"max_hp_gain":0,"max_hp_loss":0,"event_name":"Scrap Ooze","floor":12,"gold_loss":0},{"damage_healed":0,"gold_gain":0,"player_choice":"Grow","damage_taken":0,"max_hp_gain":0,"max_hp_loss":0,"event_name":"Living Wall","floor":14,"gold_loss":0,"cards_upgraded":["Reinforced Body"]},{"damage_healed":0,"gold_gain":0,"cards_transformed":["Strike_B","Strike_B"],"player_choice":"Became Test Subject","damage_taken":0,"max_hp_gain":0,"max_hp_loss":0,"event_name":"Drug Dealer","floor":19,"gold_loss":0,"cards_obtained":["Aggregate","Coolheaded"]},{"damage_healed":16,"gold_gain":0,"player_choice":"Heal","damage_taken":0,"max_hp_gain":0,"max_hp_loss":0,"event_name":"The Library","floor":20,"gold_loss":0},{"damage_healed":0,"gold_gain":0,"player_choice":"Ignored","damage_taken":0,"max_hp_gain":0,"max_hp_loss":0,"event_name":"Ghosts","floor":22,"gold_loss":0},{"damage_healed":0,"gold_gain":0,"player_choice":"Became a vampire","damage_taken":0,"max_hp_gain":0,"max_hp_loss":24,"event_name":"Vampires","floor":27,"gold_loss":0,"cards_obtained":["Bite","Bite","Bite","Bite","Bite"]},{"damage_healed":0,"gold_gain":0,"player_choice":"Obtained Relic","damage_taken":0,"relics_obtained":["Letter Opener"],"max_hp_gain":0,"max_hp_loss":0,"event_name":"Addict","floor":30,"gold_loss":85},{"damage_healed":0,"gold_gain":0,"player_choice":"Ignored","damage_taken":0,"max_hp_gain":0,"max_hp_loss":0,"event_name":"Tomb of Lord Red Mask","floor":37,"gold_loss":0}],"is_beta":false,"boss_relics":[{"not_picked":["Runic Pyramid","Lizard Tail"],"picked":"Coffee Dripper"},{"not_picked":["Empty Cage","Cursed Key"],"picked":"Eternal Feather"}],"items_purged_floors":[7],"is_endless":false,"potions_floor_spawned":[5,8,13,16,18,23,31,35,36],"killed_by":"Nemesis","ascension_level":20}