{"gold_per_floor":[116,17,34,44,62,95,106,106,130,143,173,189,222,222,222,301,301,311,311,311,327,327,327,338,348,348,361,361],"floor_reached":28,"playtime":1120,"items_purged":["Normality"],"score":538,"play_id":"303035f3-ab69-4bda-846f-d1ec27979da6","local_time":"20190820185701","is_ascension_mode":true,"campfire_choices":[{"data":"Defragment","floor":8,"key":"SMITH"},{"floor":15,"key":"REST"},{"floor":23,"key":"REST"}],"neow_cost":"CURSE","seed_source_timestamp":549036950652800,"circlet_count":0,"master_deck":["AscendersBane","Strike_B","Strike_B","Strike_B","Strike_B","Defend_B","Defend_B","Defend_B","Defend_B","Zap","Dualcast","Glacier","Barrage","Sweeping Beam+1","Ball Lightning","Cold Snap","Gash","Defragment+1","Chill+1","Cold Snap","Ball Lightning","Gash+1","Electrodynamics","Writhe","White Noise","Hologram","Conserve Battery"],"relics":["Cracked Core","Nunchaku","Oddly Smooth Stone","Potion Belt","Anchor","Whetstone","Runic Pyramid","Girya","Pantograph"],"potions_floor_usage":[13,16,16,25,25],"damage_taken":[{"damage":1,"enemies":"Cultist","floor":1,"turns":3},{"damage":7,"enemies":"Jaw Worm","floor":3,"turns":6},{"damage":0,"enemies":"Small Slimes","floor":4,"turns":3},{"damage":9,"enemies":"Red Slaver","floor":5,"turns":3},{"damage":11,"enemies":"Lagavulin","floor":6,"turns":7},{"damage":0,"enemies":"Blue Slaver","floor":7,"turns":3},{"damage":10,"enemies":"Exordium Wildlife","floor":10,"turns":4},{"damage":0,"enemies":"3 Sentries","floor":11,"turns":11},{"damage":9,"enemies":"Gremlin Gang","floor":12,"turns":5},{"damage":11,"enemies":"Gremlin Nob","floor":13,"turns":4},{"damage":8,"enemies":"Hexaghost","floor":16,"turns":9},{"damage":29,"enemies":"Shell Parasite","floor":18,"turns":5},{"damage":15,"enemies":"3 Byrds","floor":21,"turns":6},{"damage":11,"enemies":"Centurion and Healer","floor":24,"turns":7},{"damage":13,"enemies":"Snake Plant","floor":25,"turns":4},{"damage":6,"enemies":"Cultist and Chosen","floor":27,"turns":7},{"damage":8,"enemies":"Colosseum Slavers","floor":28,"turns":1}],"seed_played":"-106466035336517232","potions_obtained":[{"floor":7,"key":"LiquidBronze"},{"floor":11,"key":"SteroidPotion"},{"floor":12,"key":"FocusPotion"},{"floor":13,"key":"Strength Potion"},{"floor":16,"key":"Swift Potion"},{"floor":22,"key":"EntropicBrew"},{"floor":22,"key":"FocusPotion"},{"floor":25,"key":"SteroidPotion"},{"floor":27,"key":"Weak Potion"}],"is_trial":false,"path_per_floor":["M","$","M","M","M","E","M","R","T","M","E","M","E","?","R","B",null,"M","?","?","M","?","R","M","M","T","M","?"],"character_chosen":"DEFECT","items_purchased":["Barrage"],"campfire_rested":2,"item_purchase_floors":[2],"current_hp_per_floor":[63,63,56,56,47,36,36,36,36,26,26,17,6,6,27,19,58,29,29,29,14,14,35,24,11,11,5,0],"gold":361,"neow_bonus":"ONE_RARE_RELIC","is_prod":false,"is_daily":false,"chose_seed":false,"campfire_upgraded":1,"win_rate":0,"timestamp":1566352621,"path_taken":["M","$","M","M","M","E","?","R","T","M","E","?","E","?","R","BOSS","M","?","?","M","?","R","M","M","T","?","?"],"build_version":"2019-07-17","purchased_purges":1,"victory":false,"max_hp_per_floor":[71,71,71,71,71,71,71,71,71,71,71,71,71,71,71,71,71,71,71,71,71,71,71,71,71,71,71,71],"card_choices":[{"not_picked":["Gash","Sunder"],"picked":"Glacier","floor":1},{"not_picked":["Go for the Eyes","Static Discharge"],"picked":"Sweeping Beam","floor":3},{"not_picked":["Turbo","Stack"],"picked":"Ball Lightning","floor":4},{"not_picked":["Gash","Sweeping Beam"],"picked":"Cold Snap","floor":5},{"not_picked":["Sweeping Beam","Amplify"],"picked":"Gash","floor":6},{"not_picked":["Double Energy","Beam Cell"],"picked":"Defragment","floor":7},{"not_picked":["Auto Shields","Doom and Gloom"],"picked":"Chill","floor":10},{"not_picked":["Streamline","Sweeping Beam"],"picked":"Cold Snap","floor":11},{"not_picked":["Steam Power","Auto Shields"],"picked":"Ball Lightning","floor":12},{"not_picked":["Rip and Tear","Chaos"],"picked":"Gash","floor":13},{"not_picked":["All For One","Buffer"],"picked":"Electrodynamics","floor":16},{"not_picked":["Chill","Redo","Go for the Eyes"],"picked":"SKIP","floor":18},{"not_picked":["Chaos","Skim"],"picked":"White Noise","floor":21},{"not_picked":["Redo+1","Force Field"],"picked":"Hologram","floor":24},{"not_picked":["Scrape","Barrage+1"],"picked":"Conserve Battery","floor":25},{"not_picked":["Rebound","Beam Cell","Tempest"],"picked":"SKIP","floor":27}],"player_experience":738638,"relics_obtained":[{"floor":6,"key":"Oddly Smooth Stone"},{"floor":9,"key":"Potion Belt"},{"floor":11,"key":"Anchor"},{"floor":13,"key":"Whetstone"},{"floor":26,"key":"Pantograph"}],"event_choices":[{"damage_healed":0,"gold_gain":0,"player_choice":"Upgraded","damage_taken":0,"max_hp_gain":0,"max_hp_loss":0,"event_name":"Upgrade Shrine","floor":14,"gold_loss":0,"cards_upgraded":["Chill"]},{"damage_healed":0,"gold_gain":0,"player_choice":"Ignored","damage_taken":0,"max_hp_gain":0,"max_hp_loss":0,"event_name":"Cursed Tome","floor":19,"gold_loss":0},{"damage_healed":0,"gold_gain":0,"player_choice":"Opened","damage_taken":0,"relics_obtained":["Girya"],"max_hp_gain":0,"max_hp_loss":0,"event_name":"The Mausoleum","floor":20,"gold_loss":0,"cards_obtained":["Writhe"]},{"damage_healed":0,"gold_gain":0,"player_choice":"Got Potions","damage_taken":0,"max_hp_gain":0,"max_hp_loss":0,"event_name":"Lab","floor":22,"gold_loss":0},{"damage_healed":0,"gold_gain":0,"player_choice":"Fight","damage_taken":0,"max_hp_gain":0,"max_hp_loss":0,"event_name":"Colosseum","floor":28,"gold_loss":0}],"is_beta":false,"boss_relics":[{"not_picked":["Coffee Dripper","Snecko Eye"],"picked":"Runic Pyramid"}],"items_purged_floors":[2],"is_endless":false,"potions_floor_spawned":[7,11,12,13,16,25,27],"killed_by":"Colosseum Slavers","ascension_level":20}