{"gold_per_floor":[111,125,125,125,50,78,89,107,132,142,177,177,192,206,206,206],"floor_reached":16,"playtime":624,"items_purged":["Strike_B"],"score":278,"play_id":"68ac72c8-9daf-4645-a6b4-91b32c282343","local_time":"20191008100448","is_ascension_mode":true,"campfire_choices":[{"data":"Go for the Eyes","floor":12,"key":"SMITH"},{"data":"Lockon","floor":15,"key":"SMITH"}],"neow_cost":"NONE","seed_source_timestamp":2364975473331800,"circlet_count":0,"master_deck":["AscendersBane","Strike_B","Strike_B+1","Strike_B","Defend_B","Defend_B","Defend_B","Defend_B","Zap","Dualcast+1","Genetic Algorithm","Coolheaded+1","Undo","Rebound","Go for the Eyes+1","Reboot","Self Repair","Lockon+1","Genetic Algorithm"],"relics":["Cracked Core","NeowsBlessing","Anchor","Boot","Orichalcum"],"potions_floor_usage":[11,13,16],"damage_taken":[{"damage":0,"enemies":"Small Slimes","floor":1,"turns":1},{"damage":0,"enemies":"Jaw Worm","floor":2,"turns":1},{"damage":0,"enemies":"Gremlin Nob","floor":6,"turns":1},{"damage":0,"enemies":"2 Louse","floor":7,"turns":2},{"damage":0,"enemies":"Looter","floor":8,"turns":2},{"damage":0,"enemies":"2 Fungi Beasts","floor":10,"turns":3},{"damage":13,"enemies":"Lagavulin","floor":11,"turns":5},{"damage":0,"enemies":"Lots of Slimes","floor":13,"turns":5},{"damage":1,"enemies":"Exordium Wildlife","floor":14,"turns":4},{"damage":48,"enemies":"Hexaghost","floor":16,"turns":11}],"seed_played":"-1163979488837134069","potions_obtained":[{"floor":1,"key":"Fire Potion"},{"floor":2,"key":"SpeedPotion"},{"floor":11,"key":"Swift Potion"},{"floor":13,"key":"Swift Potion"}],"is_trial":false,"path_per_floor":["M","M","?","?","$","E","M","M","T","M","E","R","M","M","R","B"],"character_chosen":"DEFECT","items_purchased":[],"campfire_rested":0,"item_purchase_floors":[],"current_hp_per_floor":[64,64,43,43,43,43,43,43,43,43,30,30,37,43,43,0],"gold":206,"neow_bonus":"THREE_ENEMY_KILL","is_prod":false,"is_daily":false,"chose_seed":false,"campfire_upgraded":2,"win_rate":0,"timestamp":1570554288,"path_taken":["M","M","?","?","$","E","M","M","T","M","E","R","M","M","R","BOSS"],"build_version":"2019-07-17","purchased_purges":1,"victory":false,"max_hp_per_floor":[71,71,71,71,71,71,71,71,71,71,71,71,71,71,71,71],"card_choices":[{"not_picked":["Force Field","Conserve Battery"],"picked":"Genetic Algorithm","floor":1},{"not_picked":["Stack","Redo"],"picked":"Coolheaded","floor":2},{"not_picked":["Reinforced Body","Compile Driver"],"picked":"Undo","floor":6},{"not_picked":["Stack","Leap"],"picked":"Rebound","floor":7},{"not_picked":["Sweeping Beam","Redo"],"picked":"Go for the Eyes","floor":8},{"not_picked":["Redo","Streamline"],"picked":"Reboot","floor":10},{"not_picked":["FTL","BootSequence"],"picked":"Self Repair","floor":11},{"not_picked":["Hello World","Hologram"],"picked":"Lockon","floor":13},{"not_picked":["Leap","Reprogram"],"picked":"Genetic Algorithm","floor":14}],"player_experience":834840,"relics_obtained":[{"floor":6,"key":"Anchor"},{"floor":9,"key":"Boot"},{"floor":11,"key":"Orichalcum"}],"event_choices":[{"damage_healed":0,"gold_gain":0,"player_choice":"Entered Light","damage_taken":21,"max_hp_gain":0,"max_hp_loss":0,"event_name":"Shining Light","floor":3,"gold_loss":0,"cards_upgraded":["Dualcast","Strike_B"]},{"damage_healed":0,"gold_gain":0,"player_choice":"Grow","damage_taken":0,"max_hp_gain":0,"max_hp_loss":0,"event_name":"Living Wall","floor":4,"gold_loss":0,"cards_upgraded":["Coolheaded"]}],"is_beta":false,"boss_relics":[],"items_purged_floors":[5],"is_endless":false,"potions_floor_spawned":[1,2,11,13],"killed_by":"Hexaghost","ascension_level":20}