{"gold_per_floor":[110,129,279,289,289,289,305,334,410,442,460,460,475,492,492,568,568,578,578,528,541,541,541],"floor_reached":23,"playtime":901,"items_purged":["Normality"],"score":406,"play_id":"e7e7e0f2-5c22-4e62-ab90-b93276e2cd91","local_time":"20191022211246","is_ascension_mode":true,"campfire_choices":[{"data":"Hyperbeam","floor":6,"key":"SMITH"},{"data":"1","floor":12,"key":"LIFT"},{"data":"2","floor":15,"key":"LIFT"}],"neow_cost":"TEN_PERCENT_HP_LOSS","seed_source_timestamp":879605747737300,"circlet_count":0,"master_deck":["AscendersBane","Strike_B","Strike_B","Strike_B","Strike_B","Defend_B","Defend_B","Defend_B","Defend_B","Zap","Dualcast","Hyperbeam+1","FTL","Glacier","Self Repair","Glacier","Conserve Battery","Steam","Streamline","Loop","Biased Cognition","Clumsy","Clumsy","Rainbow","Ball Lightning","Self Repair"],"relics":["Cracked Core","Girya","Oddly Smooth Stone","Calling Bell","Smiling Mask","Kunai","Prayer Wheel"],"potions_floor_usage":[8,10,16,16],"damage_taken":[{"damage":12,"enemies":"Jaw Worm","floor":1,"turns":3},{"damage":6,"enemies":"Cultist","floor":2,"turns":3},{"damage":7,"enemies":"Small Slimes","floor":4,"turns":2},{"damage":1,"enemies":"Looter","floor":7,"turns":3},{"damage":37,"enemies":"Gremlin Nob","floor":8,"turns":5},{"damage":13,"enemies":"Lagavulin","floor":10,"turns":8},{"damage":2,"enemies":"Red Slaver","floor":11,"turns":6},{"damage":0,"enemies":"3 Louse","floor":13,"turns":4},{"damage":3,"enemies":"Exordium Thugs","floor":14,"turns":8},{"damage":8,"enemies":"Hexaghost","floor":16,"turns":11},{"damage":16,"enemies":"Shell Parasite","floor":18,"turns":11},{"damage":19,"enemies":"Chosen","floor":21,"turns":6},{"damage":17,"enemies":"Book of Stabbing","floor":23,"turns":3}],"seed_played":"6856223087218308417","potions_obtained":[{"floor":2,"key":"Block Potion"},{"floor":7,"key":"FocusPotion"},{"floor":11,"key":"Explosive Potion"},{"floor":13,"key":"Strength Potion"},{"floor":16,"key":"Explosive Potion"},{"floor":21,"key":"GamblersBrew"}],"is_trial":false,"path_per_floor":["M","M","?","M","?","R","M","E","T","E","M","R","M","M","R","B",null,"M","?","$","M","?","E"],"character_chosen":"DEFECT","items_purchased":[],"campfire_rested":0,"item_purchase_floors":[],"current_hp_per_floor":[52,46,46,39,39,39,45,15,15,9,14,14,21,18,18,17,52,43,43,43,31,14,0],"gold":541,"neow_bonus":"THREE_RARE_CARDS","is_prod":false,"is_daily":false,"chose_seed":false,"campfire_upgraded":1,"win_rate":0,"timestamp":1571803966,"path_taken":["M","M","?","M","?","R","?","E","T","E","M","R","M","M","R","BOSS","M","?","$","M","?","E"],"build_version":"2019-07-17","purchased_purges":1,"victory":false,"max_hp_per_floor":[64,64,64,64,64,64,64,64,64,64,64,64,64,64,64,64,64,64,64,64,64,69,69],"card_choices":[{"not_picked":["Fission","Meteor Strike"],"picked":"Hyperbeam","floor":0},{"not_picked":["Coolheaded","Force Field"],"picked":"FTL","floor":1},{"not_picked":["Blizzard","Cold Snap"],"picked":"Glacier","floor":2},{"not_picked":["Beam Cell","Rip and Tear"],"picked":"Self Repair","floor":4},{"not_picked":["Reprogram","Aggregate","Hello World"],"picked":"SKIP","floor":7},{"not_picked":["Machine Learning","White Noise"],"picked":"Glacier","floor":8},{"not_picked":["Beam Cell","Scrape"],"picked":"Conserve Battery","floor":10},{"not_picked":["Scrape","Double Energy"],"picked":"Steam","floor":11},{"not_picked":["Redo","Turbo"],"picked":"Streamline","floor":13},{"not_picked":["Leap","Hello World"],"picked":"Loop","floor":14},{"not_picked":["Creative AI","Reboot"],"picked":"Biased Cognition","floor":16},{"not_picked":["Turbo","Conserve Battery"],"picked":"Rainbow","floor":18},{"not_picked":["Stack","Beam Cell","Gash"],"picked":"SKIP","floor":18},{"not_picked":["BootSequence","Stack"],"picked":"Self Repair","floor":21},{"not_picked":["Barrage","Skim","Hello World"],"picked":"SKIP","floor":21}],"player_experience":888728,"relics_obtained":[{"floor":8,"key":"Girya"},{"floor":10,"key":"Oddly Smooth Stone"},{"floor":17,"key":"Smiling Mask"},{"floor":17,"key":"Kunai"},{"floor":17,"key":"Prayer Wheel"}],"event_choices":[{"damage_healed":0,"gold_gain":150,"player_choice":"AGREE","damage_taken":0,"max_hp_gain":0,"max_hp_loss":0,"event_name":"Liars Game","floor":3,"gold_loss":0,"cards_obtained":["Doubt"]},{"cards_removed":["Doubt"],"damage_healed":0,"gold_gain":0,"player_choice":"Purged","damage_taken":0,"max_hp_gain":0,"max_hp_loss":0,"event_name":"Purifier","floor":5,"gold_loss":0},{"damage_healed":0,"gold_gain":0,"player_choice":"Read","damage_taken":0,"max_hp_gain":0,"max_hp_loss":0,"event_name":"The Library","floor":19,"gold_loss":0,"cards_obtained":["Ball Lightning"]},{"damage_healed":0,"gold_gain":0,"player_choice":"Shed Blood","damage_taken":22,"max_hp_gain":5,"max_hp_loss":0,"event_name":"Forgotten Altar","floor":22,"gold_loss":0}],"is_beta":false,"boss_relics":[{"not_picked":["Coffee Dripper","Black Star"],"picked":"Calling Bell"}],"items_purged_floors":[20],"is_endless":false,"potions_floor_spawned":[2,7,11,13,16,21],"killed_by":"Book of Stabbing","ascension_level":20}