{"gold_per_floor":[110,123,139,139,139,139,139,139,164,204,204,223,243,257,257,257],"floor_reached":16,"playtime":506,"items_purged":[],"score":204,"play_id":"d97f76be-9ee0-4f4b-ad9f-9e282e6e6b73","local_time":"20190907161547","is_ascension_mode":true,"campfire_choices":[{"floor":6,"key":"REST"},{"data":"Dualcast","floor":8,"key":"SMITH"},{"data":"Hyperbeam","floor":11,"key":"SMITH"},{"floor":15,"key":"REST"}],"neow_cost":"NONE","seed_source_timestamp":2095181115215700,"circlet_count":0,"master_deck":["AscendersBane","Strike_B","Strike_B","Strike_B","Strike_B","Defend_B","Defend_B","Defend_B","Defend_B","Zap+1","Dualcast+1","Cold Snap","Hologram+1","Capacitor+1","Hyperbeam+1","Reinforced Body","Turbo"],"relics":["Cracked Core","Golden Idol","Smiling Mask","Ice Cream"],"potions_floor_usage":[14,14,16],"damage_taken":[{"damage":5,"enemies":"2 Louse","floor":1,"turns":3},{"damage":6,"enemies":"Small Slimes","floor":2,"turns":4},{"damage":0,"enemies":"Cultist","floor":3,"turns":3},{"damage":27,"enemies":"3 Sentries","floor":10,"turns":11},{"damage":8,"enemies":"Exordium Thugs","floor":12,"turns":3},{"damage":10,"enemies":"Looter","floor":13,"turns":3},{"damage":4,"enemies":"Large Slime","floor":14,"turns":5},{"damage":28,"enemies":"The Guardian","floor":16,"turns":9}],"seed_played":"3815271414775101110","potions_obtained":[{"floor":10,"key":"SteroidPotion"},{"floor":12,"key":"GamblersBrew"},{"floor":13,"key":"Poison Potion"},{"floor":14,"key":"SneckoOil"}],"is_trial":false,"path_per_floor":["M","M","M","?","?","R","?","R","T","E","R","M","M","M","R","B"],"character_chosen":"DEFECT","items_purchased":[],"campfire_rested":2,"item_purchase_floors":[],"current_hp_per_floor":[59,53,53,29,29,50,50,50,50,23,23,15,5,1,22,0],"gold":257,"neow_bonus":"UPGRADE_CARD","is_prod":false,"is_daily":false,"chose_seed":false,"campfire_upgraded":2,"win_rate":0,"timestamp":1567898147,"path_taken":["M","M","M","?","?","R","?","R","T","E","R","M","?","M","R","BOSS"],"build_version":"2019-07-17","purchased_purges":0,"victory":false,"max_hp_per_floor":[71,71,71,71,71,71,71,71,71,71,71,71,71,71,71,71],"card_choices":[{"not_picked":["Coolheaded","Chaos"],"picked":"Cold Snap","floor":1},{"not_picked":["Double Energy","Static Discharge"],"picked":"Hologram","floor":2},{"not_picked":["Heatsinks","Gash"],"picked":"Capacitor","floor":3},{"not_picked":["Compile Driver","Streamline"],"picked":"Hyperbeam","floor":10},{"not_picked":["Rebound","Double Energy"],"picked":"Reinforced Body","floor":12},{"not_picked":["Compile Driver","Beam Cell","Recycle"],"picked":"SKIP","floor":13},{"not_picked":["Darkness","Barrage"],"picked":"Turbo","floor":14}],"player_experience":797502,"relics_obtained":[{"floor":9,"key":"Smiling Mask"},{"floor":10,"key":"Ice Cream"}],"event_choices":[{"damage_healed":0,"gold_gain":0,"player_choice":"Take Damage","damage_taken":24,"relics_obtained":["Golden Idol"],"max_hp_gain":0,"max_hp_loss":0,"event_name":"Golden Idol","floor":4,"gold_loss":0},{"damage_healed":0,"gold_gain":0,"player_choice":"Grow","damage_taken":0,"max_hp_gain":0,"max_hp_loss":0,"event_name":"Living Wall","floor":5,"gold_loss":0,"cards_upgraded":["Capacitor"]},{"damage_healed":0,"gold_gain":0,"player_choice":"Upgraded","damage_taken":0,"max_hp_gain":0,"max_hp_loss":0,"event_name":"Upgrade Shrine","floor":7,"gold_loss":0,"cards_upgraded":["Hologram"]}],"is_beta":false,"boss_relics":[],"items_purged_floors":[],"is_endless":false,"potions_floor_spawned":[10,12,13,14],"killed_by":"The Guardian","ascension_level":20}