{"gold_per_floor":[109,126,146,158,158,158,173,206,263,297,297,316,316,328,328,401,401,421,370,160,170,187,187,202,127,127,145,145,165,165],"floor_reached":30,"playtime":3499,"items_purged":[],"score":492,"play_id":"ab63fc06-b90a-4bf8-95ea-3527246b33f7","local_time":"20190907120251","is_ascension_mode":true,"campfire_choices":[{"data":"Biased Cognition","floor":6,"key":"SMITH"},{"floor":11,"key":"REST"},{"data":"Beam Cell","floor":13,"key":"SMITH"},{"data":"Undo","floor":15,"key":"SMITH"},{"floor":23,"key":"REST"},{"data":"Footwork","floor":28,"key":"SMITH"}],"neow_cost":"NONE","seed_source_timestamp":2073432404273900,"circlet_count":0,"master_deck":["AscendersBane","Strike_B","Strike_B","Strike_B","Strike_B","Defend_B","Defend_B","Defend_B","Defend_B","Zap","Dualcast","Biased Cognition+1","Beam Cell+1","Cold Snap","Melter","Doom and Gloom","Coolheaded","Undo+1","Ball Lightning","Echo Form","Cold Snap","Conserve Battery","Sentinel+1","Footwork+1","Glacier","Swift Strike","Cloak And Dagger+1"],"relics":["Cracked Core","Darkstone Periapt","Centennial Puzzle","Tiny Chest","Blood Vial","Runic Pyramid","PrismaticShard","Regal Pillow"],"potions_floor_usage":[10,16,22,30,30],"damage_taken":[{"damage":1,"enemies":"Cultist","floor":1,"turns":3},{"damage":5,"enemies":"Small Slimes","floor":2,"turns":4},{"damage":5,"enemies":"Jaw Worm","floor":3,"turns":3},{"damage":9,"enemies":"2 Fungi Beasts","floor":4,"turns":3},{"damage":1,"enemies":"Blue Slaver","floor":7,"turns":3},{"damage":17,"enemies":"Lagavulin","floor":8,"turns":6},{"damage":9,"enemies":"3 Sentries","floor":10,"turns":8},{"damage":0,"enemies":"Exordium Thugs","floor":12,"turns":4},{"damage":7,"enemies":"Large Slime","floor":14,"turns":3},{"damage":19,"enemies":"The Guardian","floor":16,"turns":13},{"damage":24,"enemies":"Shell Parasite","floor":18,"turns":4},{"damage":0,"enemies":"Chosen","floor":21,"turns":5},{"damage":22,"enemies":"Snake Plant","floor":22,"turns":6},{"damage":2,"enemies":"Snecko","floor":24,"turns":4},{"damage":6,"enemies":"3 Cultists","floor":27,"turns":5},{"damage":6,"enemies":"Cultist and Chosen","floor":29,"turns":7},{"damage":50,"enemies":"Gremlin Leader","floor":30,"turns":8}],"seed_played":"-6410253230063400159","potions_obtained":[{"floor":3,"key":"Poison Potion"},{"floor":7,"key":"Energy Potion"},{"floor":10,"key":"SpeedPotion"},{"floor":12,"key":"Regen Potion"},{"floor":16,"key":"Fire Potion"},{"floor":22,"key":"SkillPotion"}],"is_trial":false,"path_per_floor":["M","M","M","M","?","R","M","E","T","E","R","M","R","M","R","B",null,"M","$","$","M","M","R","M","$","T","M","R","M","E"],"character_chosen":"DEFECT","items_purchased":["Conserve Battery","PrismaticShard","Glacier"],"campfire_rested":2,"item_purchase_floors":[19,20,25],"current_hp_per_floor":[63,58,53,44,44,44,43,26,26,17,38,40,40,35,35,18,58,36,36,36,38,32,53,53,53,53,49,49,45,0],"gold":165,"neow_bonus":"ONE_RANDOM_RARE_CARD","is_prod":false,"is_daily":false,"chose_seed":false,"campfire_upgraded":4,"win_rate":0,"timestamp":1567882971,"path_taken":["M","M","?","M","?","R","M","E","T","E","R","M","R","M","R","BOSS","M","?","$","M","M","R","M","?","T","M","R","M","E"],"build_version":"2019-07-17","purchased_purges":0,"victory":false,"max_hp_per_floor":[71,71,71,71,71,71,71,71,71,71,71,71,71,71,71,71,71,71,71,71,71,71,71,71,71,71,71,71,71,71],"card_choices":[{"not_picked":["Steam","Rip and Tear"],"picked":"Beam Cell","floor":1},{"not_picked":["Doom and Gloom","Double Energy"],"picked":"Cold Snap","floor":2},{"not_picked":["Hologram","Chaos"],"picked":"Melter","floor":3},{"not_picked":["Stack","Force Field"],"picked":"Gash","floor":4},{"not_picked":["Aggregate","Redo"],"picked":"Doom and Gloom","floor":7},{"not_picked":["Barrage","Redo"],"picked":"Coolheaded","floor":8},{"not_picked":["Leap","Sunder"],"picked":"Undo","floor":10},{"not_picked":["Aggregate","Stack","Force Field"],"picked":"SKIP","floor":12},{"not_picked":["Beam Cell","Lockon"],"picked":"Ball Lightning","floor":14},{"not_picked":["Hyperbeam","Electrodynamics"],"picked":"Echo Form","floor":16},{"not_picked":["Barrage","Doom and Gloom"],"picked":"Cold Snap","floor":18},{"not_picked":["Sweeping Beam","Ball Lightning","Stack"],"picked":"SKIP","floor":21},{"not_picked":["Endless Agony","Headbutt"],"picked":"Sentinel+1","floor":22},{"not_picked":["Beam Cell","Go for the Eyes"],"picked":"Footwork","floor":24},{"not_picked":["Anger","Doppelganger"],"picked":"Swift Strike","floor":27},{"not_picked":["Acrobatics","Headbutt"],"picked":"Cloak And Dagger+1","floor":29}],"player_experience":792383,"relics_obtained":[{"floor":8,"key":"Centennial Puzzle"},{"floor":9,"key":"Tiny Chest"},{"floor":10,"key":"Blood Vial"},{"floor":26,"key":"Regal Pillow"}],"event_choices":[{"cards_removed":["Gash"],"damage_healed":0,"gold_gain":0,"player_choice":"Gave Card","damage_taken":0,"relics_obtained":["Darkstone Periapt"],"max_hp_gain":0,"max_hp_loss":0,"event_name":"WeMeetAgain","floor":5,"gold_loss":0}],"is_beta":false,"boss_relics":[{"not_picked":["White Beast Statue","Tiny House"],"picked":"Runic Pyramid"}],"items_purged_floors":[],"is_endless":false,"potions_floor_spawned":[3,7,10,12,14,16,22,27,29],"killed_by":"Gremlin Leader","ascension_level":20}