{"gold_per_floor":[112,187,100,114,114,142,142,142,220,234,234,145,171,82,82,154,154,169,52,52,68,78,78],"floor_reached":23,"playtime":570,"items_purged":["Strike_B"],"score":444,"play_id":"88127fd5-ef34-4fc5-96dc-29ebfc14a95a","local_time":"20191002220943","is_ascension_mode":true,"campfire_choices":[{"floor":11,"key":"DIG"},{"floor":15,"key":"REST"}],"neow_cost":"NONE","seed_source_timestamp":1890122963586300,"circlet_count":0,"master_deck":["AscendersBane","Strike_B+1","Strike_B+1","Strike_B+1","Defend_B+1","Defend_B+1","Defend_B+1","Defend_B+1","Zap","Dualcast","Conserve Battery","Sweeping Beam","Echo Form+1","Heatsinks","Capacitor","Doom and Gloom+1","Sunder+1","Hyperbeam+1","Redo+1","Static Discharge","White Noise","Capacitor"],"relics":["FrozenCore","NeowsBlessing","Shovel","Mummified Hand","Blue Candle","Orichalcum","Molten Egg 2"],"potions_floor_usage":[16],"damage_taken":[{"damage":0,"enemies":"Cultist","floor":1,"turns":1},{"damage":0,"enemies":"2 Louse","floor":4,"turns":1},{"damage":0,"enemies":"Gremlin Nob","floor":6,"turns":1},{"damage":0,"enemies":"Small Slimes","floor":10,"turns":4},{"damage":20,"enemies":"3 Sentries","floor":13,"turns":9},{"damage":20,"enemies":"Hexaghost","floor":16,"turns":9},{"damage":16,"enemies":"Shell Parasite","floor":18,"turns":6},{"damage":12,"enemies":"3 Byrds","floor":21,"turns":4},{"damage":10,"enemies":"3 Cultists","floor":22,"turns":4},{"damage":25,"enemies":"Slavers","floor":23,"turns":1}],"seed_played":"-3085735507149983912","potions_obtained":[{"floor":6,"key":"Dexterity Potion"},{"floor":16,"key":"SpeedPotion"}],"is_trial":false,"path_per_floor":["M","?","$","M","?","E","?","?","T","M","R","$","E","$","R","B",null,"M","$","?","M","M","E"],"character_chosen":"DEFECT","items_purchased":["FocusPotion","Capacitor","Sunder+1","Static Discharge"],"campfire_rested":1,"item_purchase_floors":[3,12,14,19],"current_hp_per_floor":[64,53,53,53,42,42,21,26,26,26,26,26,6,6,28,8,59,43,43,43,31,21,0],"gold":78,"neow_bonus":"THREE_ENEMY_KILL","is_prod":false,"is_daily":false,"chose_seed":false,"campfire_upgraded":0,"win_rate":0,"timestamp":1570079383,"path_taken":["M","?","$","M","?","E","?","?","T","M","R","$","E","?","R","BOSS","M","$","?","M","M","E"],"build_version":"2019-07-17","purchased_purges":1,"victory":false,"max_hp_per_floor":[71,71,71,71,71,71,71,76,76,76,76,76,76,76,76,76,76,76,76,76,76,76,76],"card_choices":[{"not_picked":["Compile Driver","Stack"],"picked":"Conserve Battery","floor":1},{"not_picked":["Leap","Conserve Battery"],"picked":"Sweeping Beam","floor":4},{"not_picked":["Reinforced Body","Hello World"],"picked":"Echo Form","floor":6},{"not_picked":["Blizzard","Turbo"],"picked":"Heatsinks","floor":10},{"not_picked":["Leap","Redo"],"picked":"Doom and Gloom","floor":13},{"not_picked":["Fission","Amplify"],"picked":"Hyperbeam+1","floor":16},{"not_picked":["Gash+1","Conserve Battery"],"picked":"Redo+1","floor":18},{"not_picked":["Loop","Hologram"],"picked":"White Noise","floor":21},{"not_picked":["Gash+1","Chaos"],"picked":"Capacitor","floor":22}],"player_experience":817744,"relics_obtained":[{"floor":6,"key":"Mummified Hand"},{"floor":9,"key":"Blue Candle"},{"floor":11,"key":"Orichalcum"},{"floor":13,"key":"Molten Egg 2"}],"event_choices":[{"damage_healed":0,"gold_gain":75,"player_choice":"Gather Gold","damage_taken":11,"max_hp_gain":0,"max_hp_loss":0,"event_name":"World of Goop","floor":2,"gold_loss":0},{"damage_healed":0,"gold_gain":0,"player_choice":"Success","damage_taken":11,"relics_obtained":["Shovel"],"max_hp_gain":0,"max_hp_loss":0,"event_name":"Scrap Ooze","floor":5,"gold_loss":0},{"damage_healed":0,"gold_gain":0,"player_choice":"Entered Light","damage_taken":21,"max_hp_gain":0,"max_hp_loss":0,"event_name":"Shining Light","floor":7,"gold_loss":0,"cards_upgraded":["Echo Form","Defend_B"]},{"damage_healed":0,"gold_gain":0,"player_choice":"Donut","damage_taken":0,"max_hp_gain":5,"max_hp_loss":0,"event_name":"Big Fish","floor":8,"gold_loss":0},{"damage_healed":0,"gold_gain":0,"player_choice":"Simplicity","damage_taken":0,"max_hp_gain":0,"max_hp_loss":0,"event_name":"Back to Basics","floor":20,"gold_loss":0,"cards_upgraded":["Strike_B","Strike_B","Strike_B","Defend_B","Defend_B","Defend_B"]}],"is_beta":false,"boss_relics":[{"not_picked":["Astrolabe","Pandora\u0027s Box"],"picked":"FrozenCore"}],"items_purged_floors":[19],"is_endless":false,"potions_floor_spawned":[6,10,16,22],"killed_by":"Slavers","ascension_level":20}