{"gold_per_floor":[113,113,38,138,149,179,179,206,231,256,273,285,285,333,333,411,411,421,449,233,283,297,297,311,311],"floor_reached":25,"playtime":924,"items_purged":[],"score":538,"play_id":"af3a3c77-0336-412e-8c25-85db6e6dd79d","local_time":"20191011125536","is_ascension_mode":true,"campfire_choices":[{"data":"Barrage","floor":7,"key":"SMITH"},{"floor":13,"key":"REST"},{"data":"Buffer","floor":15,"key":"SMITH"},{"floor":23,"key":"REST"}],"neow_cost":"NONE","seed_source_timestamp":41870062582600,"circlet_count":0,"master_deck":["AscendersBane","Strike_B","Strike_B","Strike_B","Defend_B","Defend_B","Defend_B","Defend_B","Zap+1","Dualcast","Thunder Strike","Ball Lightning","Lockon","Barrage+1","Hologram","Chill","Buffer+1","Glacier","Buffer","Barrage+1","Defragment","Cloak And Dagger","Loop+1"],"relics":["Cracked Core","Centennial Puzzle","StoneCalendar","Omamori","Shuriken","Bag of Preparation","Inserter","Red Mask","PrismaticShard"],"potions_floor_usage":[6,12,19],"damage_taken":[{"damage":2,"enemies":"2 Louse","floor":1,"turns":2},{"damage":1,"enemies":"Cultist","floor":5,"turns":3},{"damage":35,"enemies":"3 Sentries","floor":6,"turns":8},{"damage":14,"enemies":"Gremlin Nob","floor":8,"turns":3},{"damage":10,"enemies":"Lagavulin","floor":10,"turns":5},{"damage":0,"enemies":"Jaw Worm","floor":11,"turns":3},{"damage":0,"enemies":"Blue Slaver","floor":12,"turns":3},{"damage":0,"enemies":"Hexaghost","floor":16,"turns":8},{"damage":7,"enemies":"Shell Parasite","floor":18,"turns":7},{"damage":12,"enemies":"Masked Bandits","floor":19,"turns":5},{"damage":11,"enemies":"2 Thieves","floor":22,"turns":4},{"damage":0,"enemies":"Cultist and Chosen","floor":24,"turns":7},{"damage":53,"enemies":"Book of Stabbing","floor":25,"turns":5}],"seed_played":"-2005738479854977517","potions_obtained":[{"floor":5,"key":"GamblersBrew"},{"floor":10,"key":"Block Potion"},{"floor":18,"key":"SteroidPotion"}],"is_trial":false,"path_per_floor":["M","?","?","?","M","E","R","E","T","E","M","M","R","T","R","B",null,"M","?","$","?","M","R","M","E"],"character_chosen":"DEFECT","items_purchased":["PrismaticShard"],"campfire_rested":2,"item_purchase_floors":[20],"current_hp_per_floor":[62,62,62,62,61,26,26,12,12,2,2,2,23,23,23,23,59,52,40,40,40,29,50,50,0],"gold":311,"neow_bonus":"ONE_RANDOM_RARE_CARD","is_prod":false,"is_daily":false,"chose_seed":false,"campfire_upgraded":2,"win_rate":0,"timestamp":1570823736,"path_taken":["M","?","?","?","M","E","R","E","T","E","M","?","R","?","R","BOSS","M","?","$","?","M","R","M","E"],"build_version":"2019-07-17","purchased_purges":0,"victory":false,"max_hp_per_floor":[71,71,71,71,71,71,71,71,71,71,71,71,71,71,71,71,71,71,71,71,71,71,71,71,71],"card_choices":[{"not_picked":["Go for the Eyes","Sunder"],"picked":"Ball Lightning","floor":1},{"not_picked":["Rebound","Leap"],"picked":"Lockon","floor":5},{"not_picked":["Hologram","Force Field"],"picked":"Barrage","floor":6},{"not_picked":["Leap","Streamline"],"picked":"Hologram","floor":8},{"not_picked":["White Noise","Barrage"],"picked":"Chill","floor":10},{"not_picked":["Stack","Steam"],"picked":"Buffer","floor":11},{"not_picked":["Conserve Battery","Sweeping Beam"],"picked":"Glacier","floor":12},{"not_picked":["Fission","Amplify"],"picked":"Buffer","floor":16},{"not_picked":["Skim","FTL"],"picked":"Barrage+1","floor":18},{"not_picked":["Storm","Go for the Eyes"],"picked":"Defragment","floor":19},{"not_picked":["Dagger Spray","Warcry"],"picked":"Cloak And Dagger","floor":22},{"not_picked":["Iron Wave","Shockwave"],"picked":"Loop+1","floor":24}],"player_experience":845444,"relics_obtained":[{"floor":6,"key":"Centennial Puzzle"},{"floor":8,"key":"StoneCalendar"},{"floor":9,"key":"Omamori"},{"floor":10,"key":"Shuriken"},{"floor":14,"key":"Bag of Preparation"},{"floor":19,"key":"Red Mask"}],"event_choices":[{"damage_healed":0,"gold_gain":0,"player_choice":"Grow","damage_taken":0,"max_hp_gain":0,"max_hp_loss":0,"event_name":"Living Wall","floor":2,"gold_loss":0,"cards_upgraded":["Zap"]},{"cards_removed":["Strike_B"],"damage_healed":0,"gold_gain":0,"player_choice":"Card Removal","damage_taken":0,"max_hp_gain":0,"max_hp_loss":0,"event_name":"The Cleric","floor":3,"gold_loss":75},{"damage_healed":0,"gold_gain":100,"player_choice":"Gold","damage_taken":0,"max_hp_gain":0,"max_hp_loss":0,"event_name":"Wheel of Change","floor":4,"gold_loss":0},{"damage_healed":0,"gold_gain":0,"player_choice":"Fought Bandits","damage_taken":0,"max_hp_gain":0,"max_hp_loss":0,"event_name":"Masked Bandits","floor":19,"gold_loss":0},{"damage_healed":0,"gold_gain":50,"player_choice":"Stole From Cult","damage_taken":0,"max_hp_gain":0,"max_hp_loss":0,"event_name":"Nest","floor":21,"gold_loss":0}],"is_beta":false,"boss_relics":[{"not_picked":["Tiny House","Coffee Dripper"],"picked":"Inserter"}],"items_purged_floors":[],"is_endless":false,"potions_floor_spawned":[5,10,18],"killed_by":"Book of Stabbing","ascension_level":20}