{"gold_per_floor":[117,132,151,151,71,71,85,85,85,85,104,121,121,148,148,247,247,258,287,20,20,38,38,137,137],"floor_reached":25,"playtime":1032,"items_purged":[],"score":302,"play_id":"a5e50167-9614-4929-aff6-2014b86b942f","local_time":"20190420003427","is_ascension_mode":true,"campfire_choices":[{"data":"Cloak And Dagger","floor":6.0,"key":"SMITH"},{"data":"Neutralize","floor":8.0,"key":"SMITH"},{"floor":13.0,"key":"REST"},{"floor":15.0,"key":"REST"},{"floor":23,"key":"REST"}],"neow_cost":"NONE","seed_source_timestamp":390069145467000,"circlet_count":0,"master_deck":["AscendersBane","Defend_G","Defend_G","Defend_G","Defend_G","Defend_G","Strike_G","Strike_G","Strike_G","Strike_G","Strike_G","Survivor","Neutralize+1","Cloak And Dagger+1","Accuracy","A Thousand Cuts","Cloak And Dagger","After Image","Blur","Blade Dance","Cloak And Dagger"],"special_seed":0,"relics":["Ring of the Snake","Centennial Puzzle","Letter Opener","Mercury Hourglass","Orrery","Red Mask","Shuriken"],"potions_floor_usage":[],"damage_taken":[{"damage":0.0,"enemies":"Cultist","floor":1.0,"turns":5.0},{"damage":6.0,"enemies":"Small Slimes","floor":2.0,"turns":4.0},{"damage":3.0,"enemies":"2 Louse","floor":3.0,"turns":3.0},{"damage":8.0,"enemies":"Looter","floor":7.0,"turns":5.0},{"damage":7.0,"enemies":"3 Louse","floor":11.0,"turns":4.0},{"damage":23.0,"enemies":"Gremlin Gang","floor":12.0,"turns":5.0},{"damage":21.0,"enemies":"3 Sentries","floor":14.0,"turns":7.0},{"damage":31.0,"enemies":"The Guardian","floor":16.0,"turns":12.0},{"damage":7.0,"enemies":"Shell Parasite","floor":18.0,"turns":10.0},{"damage":52.0,"enemies":"Masked Bandits","floor":19.0,"turns":7.0},{"damage":5,"enemies":"3 Byrds","floor":22,"turns":4},{"damage":25,"enemies":"Slavers","floor":25,"turns":3}],"seed_played":"-6401535079391437721","potions_obtained":[{"floor":11.0,"key":"LiquidBronze"},{"floor":12.0,"key":"Regen Potion"},{"floor":16.0,"key":"EssenceOfSteel"}],"is_trial":false,"path_per_floor":["M","M","M","?","$","R","M","R","T","?","M","M","R","E","R","B",null,"M","?","$","?","M","R","?","E"],"character_chosen":"THE_SILENT","items_purchased":["Accuracy","Shuriken","Cloak And Dagger"],"campfire_rested":3,"item_purchase_floors":[5,20,20],"current_hp_per_floor":[70,64,61,61,61,61,53,53,53,53,46,23,46,40,63,32,66,59,7,7,7,2,25,25,0],"gold":137,"neow_bonus":"TEN_PERCENT_HP_BONUS","is_prod":false,"is_daily":false,"chose_seed":false,"campfire_upgraded":2,"win_rate":0,"timestamp":1555713267,"path_taken":["M","?","M","?","$","R","M","R","T","?","M","M","R","E","R","BOSS","M","?","$","?","M","R","?","E"],"build_version":"2019-01-23","purchased_purges":0,"victory":false,"max_hp_per_floor":[77,77,77,77,77,77,77,77,77,77,77,77,77,77,77,77,77,77,77,77,77,77,77,77,77],"card_choices":[{"not_picked":["Quick Slash","Slice","Finisher"],"picked":"SKIP","floor":1.0},{"not_picked":["Flying Knee","Calculated Gamble","Dagger Spray"],"picked":"SKIP","floor":2.0},{"not_picked":["Dagger Throw","Outmaneuver"],"picked":"Cloak And Dagger","floor":3.0},{"not_picked":["Flying Knee","Underhanded Strike","Slice"],"picked":"SKIP","floor":7.0},{"not_picked":["Setup","Slice"],"picked":"A Thousand Cuts","floor":11.0},{"not_picked":["Outmaneuver","Crippling Poison"],"picked":"Cloak And Dagger","floor":12.0},{"not_picked":["Expertise","Choke","Flying Knee"],"picked":"SKIP","floor":14.0},{"not_picked":["Envenom","Night Terror"],"picked":"After Image","floor":16.0},{"not_picked":["Poisoned Stab","Deadly Poison"],"picked":"Blur","floor":17.0},{"not_picked":["Slice","Backflip","Bouncing Flask"],"picked":"SKIP","floor":18.0},{"not_picked":["Dagger Spray","Poisoned Stab+1"],"picked":"Blade Dance","floor":19.0},{"not_picked":["Deflect","Acrobatics","Escape Plan"],"picked":"SKIP","floor":22}],"player_experience":428395,"relics_obtained":[{"floor":9.0,"key":"Centennial Puzzle"},{"floor":14.0,"key":"Mercury Hourglass"},{"floor":19.0,"key":"Red Mask"}],"event_choices":[{"damage_healed":0.0,"max_hp_gain":0.0,"max_hp_loss":0.0,"gold_gain":0.0,"event_name":"Golden Idol","player_choice":"Ignored","floor":4.0,"gold_loss":0.0,"damage_taken":0.0},{"damage_healed":0.0,"max_hp_gain":0.0,"max_hp_loss":0.0,"gold_gain":0.0,"event_name":"Dead Adventurer","player_choice":"Searched \u00272\u0027 times","floor":10.0,"gold_loss":0.0,"damage_taken":0.0,"relics_obtained":["Letter Opener"]},{"damage_healed":0.0,"max_hp_gain":0.0,"max_hp_loss":0.0,"gold_gain":0.0,"event_name":"Masked Bandits","player_choice":"Fought Bandits","floor":19.0,"gold_loss":0.0,"damage_taken":0.0},{"damage_healed":0,"gold_gain":99,"player_choice":"Stole From Cult","damage_taken":0,"max_hp_gain":0,"max_hp_loss":0,"event_name":"Nest","floor":24,"gold_loss":0}],"is_beta":false,"boss_relics":[{"not_picked":["Calling Bell","Astrolabe"],"picked":"Orrery"}],"items_purged_floors":[],"is_endless":false,"potions_floor_spawned":[11,12,16],"killed_by":"Slavers","ascension_level":10}