{"gold_per_floor":[113,48,64,81,81,81,92,92,118,146,146,162,178,103,103,204,204,218,228,143,43,43,71,71,106,157,157,84,100,100,134,134,229,229,242,342,564,564,578,578,604,604,604,20,38,38,38,53,53,53],"floor_reached":51,"playtime":3182,"items_purged":["Defend_B","Strike_B","Coolheaded+1"],"score":1056,"play_id":"d0ac6eff-77ef-4c22-a9ce-3e50b4d9b5b9","local_time":"20191027121313","is_ascension_mode":true,"campfire_choices":[{"data":"Zap","floor":6.0,"key":"SMITH"},{"data":"Beam Cell","floor":8.0,"key":"SMITH"},{"data":"Coolheaded","floor":11.0,"key":"SMITH"},{"data":"Cold Snap","floor":15.0,"key":"SMITH"},{"floor":24.0,"key":"REST"},{"data":"Echo Form","floor":27.0,"key":"SMITH"},{"data":"Leap","floor":30.0,"key":"SMITH"},{"data":"Doom and Gloom","floor":32.0,"key":"SMITH"},{"data":"Dualcast","floor":40,"key":"SMITH"},{"data":"Loop","floor":46,"key":"SMITH"},{"data":"Chill","floor":49,"key":"SMITH"}],"neow_cost":"NONE","seed_source_timestamp":0,"circlet_count":0,"master_deck":["Strike_B+1","Strike_B+1","Defend_B+1","Defend_B+1","Defend_B+1","Zap+1","Dualcast+1","Core Surge+1","BootSequence","Leap+1","Beam Cell+1","Genetic Algorithm","Rebound+1","Echo Form+1","White Noise+1","Doom and Gloom+1","Steam+1","FTL","Reboot","Glacier+1","BootSequence+1","Melter+1","Loop+1","Chill+1"],"special_seed":0,"relics":["Cracked Core","Blood Vial","Potion Belt","Bag of Preparation","Eternal Feather","DataDisk","Boot","Whetstone","Orichalcum","Red Mask","Runic Pyramid","Du-Vu Doll","Bottled Flame","Pear","Pen Nib","Ornamental Fan"],"potions_floor_usage":[41,50,50,50,50],"damage_taken":[{"damage":1.0,"enemies":"2 Louse","floor":1.0,"turns":2.0},{"damage":1.0,"enemies":"Cultist","floor":3.0,"turns":4.0},{"damage":2.0,"enemies":"Jaw Worm","floor":4.0,"turns":2.0},{"damage":10.0,"enemies":"Exordium Thugs","floor":7.0,"turns":6.0},{"damage":17.0,"enemies":"Lagavulin","floor":10.0,"turns":7.0},{"damage":4.0,"enemies":"Exordium Wildlife","floor":12.0,"turns":5.0},{"damage":0.0,"enemies":"Blue Slaver","floor":13.0,"turns":3.0},{"damage":7.0,"enemies":"The Guardian","floor":16.0,"turns":11.0},{"damage":2.0,"enemies":"3 Byrds","floor":18.0,"turns":5.0},{"damage":12.0,"enemies":"2 Thieves","floor":19.0,"turns":4.0},{"damage":29.0,"enemies":"Book of Stabbing","floor":23.0,"turns":6.0},{"damage":30.0,"enemies":"Gremlin Leader","floor":25.0,"turns":7.0},{"damage":0.0,"enemies":"Snecko","floor":29.0,"turns":5.0},{"damage":0.0,"enemies":"Masked Bandits","floor":31.0,"turns":4.0},{"damage":43.0,"enemies":"Champ","floor":33.0,"turns":10.0},{"damage":8,"enemies":"3 Shapes","floor":35,"turns":3},{"damage":0,"enemies":"Mind Bloom Boss Battle","floor":36,"turns":6},{"damage":0,"enemies":"3 Darklings","floor":39,"turns":6},{"damage":9,"enemies":"Reptomancer","floor":41,"turns":8},{"damage":3,"enemies":"4 Shapes","floor":45,"turns":5},{"damage":11,"enemies":"Spire Growth","floor":48,"turns":5},{"damage":0,"enemies":"Awakened One","floor":50,"turns":14}],"seed_played":"6428237307856850782","potions_obtained":[{"floor":3.0,"key":"Block Potion"},{"floor":4.0,"key":"Dexterity Potion"},{"floor":7.0,"key":"Explosive Potion"},{"floor":13.0,"key":"AttackPotion"},{"floor":18.0,"key":"Dexterity Potion"},{"floor":25.0,"key":"Strength Potion"},{"floor":31.0,"key":"Weak Potion"},{"floor":35,"key":"Strength Potion"},{"floor":39,"key":"Regen Potion"},{"floor":41,"key":"GamblersBrew"}],"is_trial":false,"path_per_floor":["M","?","M","M","?","R","M","R","T","E","R","M","M","$","R","B",null,"M","M","?","$","?","E","R","E","T","R","$","M","R","?","R","B",null,"M","?","?","?","M","R","E","?","T","$","M","R","?","M","R","B",null],"character_chosen":"DEFECT","items_purchased":["FTL","Pen Nib","Loop","Ornamental Fan"],"campfire_rested":1,"item_purchase_floors":[28,44,44,44],"current_hp_per_floor":[67,67,68,68,68,68,60,60,60,45,45,43,45,45,45,40,66,66,56,56,56,56,29,60,32,32,41,41,43,55,57,69,28,63,57,59,59,59,61,73,66,66,76,76,75,85,85,74,85,85],"gold":53,"neow_bonus":"ONE_RANDOM_RARE_CARD","is_prod":false,"is_daily":false,"chose_seed":false,"campfire_upgraded":10,"win_rate":0,"timestamp":1572192793,"path_taken":["M","?","?","M","?","R","M","R","T","E","R","M","?","$","R","BOSS","M","M","?","$","?","E","R","E","T","R","$","M","R","?","R","BOSS","M","?","?","?","M","R","E","?","T","$","?","R","?","M","R","BOSS"],"build_version":"2019-07-17","purchased_purges":3,"victory":true,"max_hp_per_floor":[75,75,75,75,75,75,75,75,75,75,75,75,75,75,75,75,75,75,75,75,75,75,75,75,75,75,75,75,75,75,75,75,75,75,75,75,75,75,75,75,75,75,85,85,85,85,85,85,85,85],"card_choices":[{"not_picked":["Compile Driver","Ball Lightning"],"picked":"BootSequence","floor":1.0},{"not_picked":["Force Field","Scrape"],"picked":"Leap","floor":3.0},{"not_picked":["Multi-Cast","Ball Lightning"],"picked":"Coolheaded","floor":4.0},{"not_picked":["Leap","Fusion"],"picked":"Beam Cell","floor":7.0},{"not_picked":["Reprogram","Chaos"],"picked":"Genetic Algorithm","floor":10.0},{"not_picked":["Coolheaded","Aggregate"],"picked":"Cold Snap","floor":12.0},{"not_picked":["Ball Lightning","Steam Power"],"picked":"Rebound","floor":13.0},{"not_picked":["Rainbow","Hyperbeam"],"picked":"Echo Form","floor":16.0},{"not_picked":["Sweeping Beam","Loop"],"picked":"White Noise+1","floor":18.0},{"not_picked":["Stack+1","Scrape"],"picked":"Doom and Gloom","floor":19.0},{"not_picked":["Leap","Steam","Force Field"],"picked":"SKIP","floor":23.0},{"not_picked":["Loop","Consume"],"picked":"Steam+1","floor":25.0},{"not_picked":["Reprogram","Compile Driver","Barrage"],"picked":"SKIP","floor":29.0},{"not_picked":["Electrodynamics","Buffer"],"picked":"Reboot","floor":33.0},{"not_picked":["Steam Power+1","Leap"],"picked":"Glacier","floor":35},{"not_picked":["Compile Driver","Barrage"],"picked":"BootSequence+1","floor":36},{"not_picked":["Beam Cell","Creative AI"],"picked":"Melter+1","floor":39},{"not_picked":["Sweeping Beam+1","Go for the Eyes+1","Coolheaded+1"],"picked":"SKIP","floor":41},{"not_picked":["Sweeping Beam","Steam Power+1","Turbo"],"picked":"SKIP","floor":45},{"not_picked":["Heatsinks","Rebound+1"],"picked":"Chill","floor":48}],"player_experience":474843,"relics_obtained":[{"floor":9.0,"key":"Potion Belt"},{"floor":10.0,"key":"Bag of Preparation"},{"floor":23.0,"key":"Boot"},{"floor":25.0,"key":"Whetstone"},{"floor":26.0,"key":"Orichalcum"},{"floor":31.0,"key":"Red Mask"},{"floor":36,"key":"Du-Vu Doll"},{"floor":41,"key":"Bottled Flame"},{"floor":43,"key":"Pear"}],"event_choices":[{"damage_healed":0.0,"max_hp_gain":0.0,"max_hp_loss":0.0,"gold_gain":0.0,"event_name":"WeMeetAgain","player_choice":"Paid Gold","floor":2.0,"gold_loss":65.0,"damage_taken":0.0,"relics_obtained":["Blood Vial"]},{"cards_removed":["Strike_B"],"damage_healed":0.0,"max_hp_gain":0.0,"max_hp_loss":0.0,"gold_gain":0.0,"event_name":"Purifier","player_choice":"Purged","floor":5.0,"gold_loss":0.0,"damage_taken":0.0},{"damage_healed":0.0,"max_hp_gain":0.0,"max_hp_loss":0.0,"gold_gain":0.0,"event_name":"Addict","player_choice":"Obtained Relic","floor":20.0,"gold_loss":85.0,"damage_taken":0.0,"relics_obtained":["DataDisk"]},{"damage_healed":0.0,"max_hp_gain":0.0,"max_hp_loss":0.0,"gold_gain":0.0,"event_name":"Back to Basics","player_choice":"Simplicity","floor":22.0,"gold_loss":0.0,"damage_taken":0.0,"cards_upgraded":["Strike_B","Strike_B","Defend_B","Defend_B","Defend_B"]},{"damage_healed":0.0,"max_hp_gain":0.0,"max_hp_loss":0.0,"gold_gain":0.0,"event_name":"Masked Bandits","player_choice":"Fought Bandits","floor":31.0,"gold_loss":0.0,"damage_taken":0.0},{"damage_healed":0,"gold_gain":0,"player_choice":"Fight","damage_taken":0,"max_hp_gain":0,"max_hp_loss":0,"event_name":"MindBloom","floor":36,"gold_loss":0},{"damage_healed":0,"gold_gain":222,"player_choice":"Wore Mask","damage_taken":0,"max_hp_gain":0,"max_hp_loss":0,"event_name":"Tomb of Lord Red Mask","floor":37,"gold_loss":0},{"cards_removed":["Cold Snap"],"damage_healed":0,"gold_gain":0,"player_choice":"Removed Attack","damage_taken":0,"max_hp_gain":0,"max_hp_loss":0,"event_name":"Falling","floor":38,"gold_loss":0},{"damage_healed":0,"gold_gain":0,"player_choice":"Ignored","damage_taken":0,"max_hp_gain":0,"max_hp_loss":0,"event_name":"Mysterious Sphere","floor":42,"gold_loss":0},{"damage_healed":0,"gold_gain":0,"player_choice":"Upgraded","damage_taken":0,"max_hp_gain":0,"max_hp_loss":0,"event_name":"Upgrade Shrine","floor":47,"gold_loss":0,"cards_upgraded":["Glacier"]}],"is_beta":false,"boss_relics":[{"not_picked":["Tiny House","White Beast Statue"],"picked":"Eternal Feather"},{"not_picked":["Astrolabe","Black Star"],"picked":"Runic Pyramid"}],"items_purged_floors":[14,21,44],"is_endless":false,"potions_floor_spawned":[3,4,7,13,18,25,31,35,39,41],"ascension_level":9}