{"gold_per_floor":[117,134,153,164,177,210,210,236,236,236,255,265,265,289,289,382,382,382,382,382,382,382,382,382,382,382,297,297,297,297,297,297,297,297,297,70,0,0,0],"floor_reached":39,"playtime":1698,"items_purged":["Injury"],"score":863,"play_id":"ea788992-dfeb-4a8e-ad8a-0daf6ef39635","local_time":"20190930203226","is_ascension_mode":true,"campfire_choices":[{"data":"Hyperbeam","floor":7.0,"key":"SMITH"},{"floor":10.0,"key":"REST"},{"floor":15.0,"key":"REST"},{"floor":23,"key":"REST"},{"floor":32,"key":"REST"}],"neow_cost":"NONE","seed_source_timestamp":0,"circlet_count":0,"master_deck":["AscendersBane","Strike_B","Strike_B","Strike_B","Strike_B","Defend_B","Defend_B","Defend_B","Defend_B","Zap","Dualcast","Hyperbeam+1","Coolheaded","Genetic Algorithm","Beam Cell","Reboot","Undo","Reinforced Body","Genetic Algorithm","Barrage","Sunder","Creative AI","Coolheaded","Beam Cell","Hologram","Genetic Algorithm","Necronomicurse","FTL","Ball Lightning+1","Cold Snap","Conserve Battery+1","Coolheaded+1","Core Surge","Force Field+1","Self Repair","Glacier+1","Chrysalis+1","Apotheosis+1","Secret Weapon+1"],"special_seed":0,"relics":["Cracked Core","Bronze Scales","Regal Pillow","Ornamental Fan","Golden Idol","Ectoplasm","Meat on the Bone","Necronomicon","Toxic Egg 2","Omamori","Eternal Feather","Red Mask"],"potions_floor_usage":[21,30,30],"damage_taken":[{"damage":0.0,"enemies":"Cultist","floor":1.0,"turns":2.0},{"damage":0.0,"enemies":"2 Louse","floor":2.0,"turns":1.0},{"damage":12.0,"enemies":"Jaw Worm","floor":3.0,"turns":4.0},{"damage":13.0,"enemies":"Gremlin Gang","floor":4.0,"turns":2.0},{"damage":7.0,"enemies":"Blue Slaver","floor":5.0,"turns":3.0},{"damage":2.0,"enemies":"Gremlin Nob","floor":6.0,"turns":3.0},{"damage":18.0,"enemies":"Lagavulin","floor":8.0,"turns":6.0},{"damage":14.0,"enemies":"Large Slime","floor":11.0,"turns":4.0},{"damage":1.0,"enemies":"Looter","floor":12.0,"turns":4.0},{"damage":15.0,"enemies":"3 Louse","floor":14.0,"turns":3.0},{"damage":31.0,"enemies":"The Guardian","floor":16.0,"turns":13.0},{"damage":19.0,"enemies":"Spheric Guardian","floor":18.0,"turns":5.0},{"damage":30.0,"enemies":"Shell Parasite","floor":19.0,"turns":5.0},{"damage":0,"enemies":"3 Cultists","floor":21,"turns":3},{"damage":17,"enemies":"Shelled Parasite and Fungi","floor":22,"turns":11},{"damage":0,"enemies":"Cultist and Chosen","floor":25,"turns":2},{"damage":16,"enemies":"Snake Plant","floor":28,"turns":3},{"damage":12,"enemies":"Snecko","floor":29,"turns":5},{"damage":54,"enemies":"Gremlin Leader","floor":30,"turns":6},{"damage":3,"enemies":"Chosen and Byrds","floor":31,"turns":5},{"damage":48,"enemies":"Automaton","floor":33,"turns":15},{"damage":7,"enemies":"Orb Walker","floor":35,"turns":3},{"damage":46,"enemies":"3 Darklings","floor":39,"turns":5}],"seed_played":"5609771262678762785","potions_obtained":[{"floor":2.0,"key":"SpeedPotion"},{"floor":4.0,"key":"Fire Potion"},{"floor":6.0,"key":"SteroidPotion"},{"floor":11.0,"key":"Strength Potion"},{"floor":16.0,"key":"SneckoOil"},{"floor":18.0,"key":"EssenceOfSteel"},{"floor":28,"key":"Regen Potion"},{"floor":29,"key":"Weak Potion"},{"floor":31,"key":"Fire Potion"},{"floor":35,"key":"Dexterity Potion"}],"is_trial":false,"path_per_floor":["M","M","M","M","M","E","R","E","T","R","M","M","?","M","R","B",null,"M","M","?","M","M","R","?","M","T","?","M","M","E","M","R","B",null,"M","$","?","?","M"],"character_chosen":"DEFECT","items_purchased":["Self Repair","Glacier+1"],"campfire_rested":4,"item_purchase_floors":[36,36],"current_hp_per_floor":[64,64,52,39,32,30,30,12,12,48,34,33,33,18,54,23,59,40,10,10,22,17,53,32,44,44,44,40,40,13,22,58,22,59,52,52,52,42,0],"gold":0,"neow_bonus":"ONE_RANDOM_RARE_CARD","is_prod":false,"is_daily":false,"chose_seed":false,"campfire_upgraded":1,"win_rate":0,"timestamp":1569900746,"path_taken":["M","M","?","?","M","E","R","E","T","R","M","M","?","M","R","BOSS","M","M","?","M","?","R","?","M","T","?","M","M","E","M","R","BOSS","M","$","?","?","M"],"build_version":"2019-07-17","purchased_purges":1,"victory":false,"max_hp_per_floor":[71,71,71,71,71,71,71,71,71,71,71,71,71,71,71,71,71,71,71,71,71,71,71,71,71,71,71,71,71,71,71,71,71,71,71,71,71,71,71],"card_choices":[{"not_picked":["Turbo","Doom and Gloom"],"picked":"Coolheaded","floor":1.0},{"not_picked":["Static Discharge","Compile Driver"],"picked":"Genetic Algorithm","floor":2.0},{"not_picked":["Gash","Streamline"],"picked":"Beam Cell","floor":3.0},{"not_picked":["Darkness","Stack"],"picked":"Reboot","floor":4.0},{"not_picked":["Barrage","Chaos"],"picked":"Undo","floor":5.0},{"not_picked":["Redo","Turbo"],"picked":"Reinforced Body","floor":6.0},{"not_picked":["Turbo","Steam Power","Scrape"],"picked":"SKIP","floor":8.0},{"not_picked":["Gash","Force Field"],"picked":"Genetic Algorithm","floor":11.0},{"not_picked":["Rebound","Gash"],"picked":"Barrage","floor":12.0},{"not_picked":["Consume","Turbo"],"picked":"Sunder","floor":14.0},{"not_picked":["Reboot","Hyperbeam"],"picked":"Creative AI","floor":16.0},{"not_picked":["Double Energy","Rebound"],"picked":"Coolheaded","floor":18.0},{"not_picked":["Gash","Aggregate+1"],"picked":"Beam Cell","floor":19.0},{"not_picked":["Streamline","Rebound"],"picked":"Hologram","floor":21},{"not_picked":["BootSequence","Storm"],"picked":"Genetic Algorithm","floor":22},{"not_picked":["Capacitor","Reprogram"],"picked":"FTL","floor":25},{"not_picked":["Chaos+1","Compile Driver+1"],"picked":"Ball Lightning+1","floor":28},{"not_picked":["Redo+1","Sweeping Beam"],"picked":"Cold Snap","floor":29},{"not_picked":["Streamline","Hello World"],"picked":"Conserve Battery+1","floor":30},{"not_picked":["Stack+1","Steam+1"],"picked":"Coolheaded+1","floor":31},{"not_picked":["Hyperbeam","Amplify+1"],"picked":"Core Surge","floor":33},{"not_picked":["Beam Cell","Steam+1"],"picked":"Force Field+1","floor":35},{"not_picked":["Purity+1","Swift Strike"],"picked":"Chrysalis+1","floor":38},{"not_picked":["The Bomb+1","Forethought+1"],"picked":"Apotheosis+1","floor":38},{"not_picked":["Forethought+1","The Bomb+1"],"picked":"Secret Weapon+1","floor":38}],"player_experience":809514,"relics_obtained":[{"floor":6.0,"key":"Bronze Scales"},{"floor":8.0,"key":"Regal Pillow"},{"floor":9.0,"key":"Ornamental Fan"},{"floor":24,"key":"Necronomicon"},{"floor":30,"key":"Omamori"}],"event_choices":[{"damage_healed":0.0,"max_hp_gain":0.0,"max_hp_loss":0.0,"gold_gain":0.0,"event_name":"Golden Idol","player_choice":"Take Wound","floor":13.0,"gold_loss":0.0,"damage_taken":0.0,"relics_obtained":["Golden Idol"],"cards_obtained":["Injury"]},{"damage_healed":0.0,"max_hp_gain":0.0,"max_hp_loss":0.0,"gold_gain":0.0,"event_name":"WeMeetAgain","player_choice":"Gave Potion","floor":20.0,"gold_loss":0.0,"damage_taken":0.0,"relics_obtained":["Meat on the Bone"]},{"damage_healed":0,"gold_gain":0,"player_choice":"Obtained Book","damage_taken":21,"max_hp_gain":0,"max_hp_loss":0,"event_name":"Cursed Tome","floor":24,"gold_loss":0},{"damage_healed":0,"gold_gain":0,"player_choice":"Obtained Relic","damage_taken":0,"relics_obtained":["Toxic Egg 2"],"max_hp_gain":0,"max_hp_loss":0,"event_name":"Addict","floor":27,"gold_loss":85},{"damage_healed":0,"gold_gain":0,"player_choice":"Paid","damage_taken":0,"relics_obtained":["Red Mask"],"max_hp_gain":0,"max_hp_loss":0,"event_name":"Tomb of Lord Red Mask","floor":37,"gold_loss":70},{"damage_healed":0,"gold_gain":0,"player_choice":"Memory 3","damage_taken":10,"max_hp_gain":0,"max_hp_loss":0,"event_name":"SensoryStone","floor":38,"gold_loss":0}],"is_beta":false,"boss_relics":[{"not_picked":["Empty Cage","Black Star"],"picked":"Ectoplasm"},{"not_picked":["Lizard Tail","Busted Crown"],"picked":"Eternal Feather"}],"items_purged_floors":[36],"is_endless":false,"potions_floor_spawned":[2,4,6,8,11,16,18,19,28,29,31,35],"killed_by":"3 Darklings","ascension_level":20}