{"gold_per_floor":[113,113,113,40,50,84,84,114,140,168,183,183,183,197,197,272,272,285,67,77,77],"floor_reached":21,"playtime":913,"items_purged":["Sunder"],"score":335,"play_id":"7d5165e4-7c5e-4a8d-a7ab-a6007df8d859","local_time":"20191026034529","is_ascension_mode":true,"campfire_choices":[{"floor":7,"key":"REST"},{"floor":12,"key":"REST"},{"floor":15,"key":"REST"}],"neow_cost":"TEN_PERCENT_HP_LOSS","seed_source_timestamp":3635652129692400,"circlet_count":0,"master_deck":["AscendersBane","Strike_B","Strike_B","Defend_B","Defend_B","Defend_B","Defend_B","Zap","Dualcast","Compile Driver","Doom and Gloom","Conserve Battery","Leap","Reboot","Sunder+1","Loop+1","Chill+1","Ball Lightning","Capacitor+1"],"relics":["Cracked Core","Du-Vu Doll","Ancient Tea Set","Strawberry","Tiny Chest","Happy Flower","Astrolabe","Membership Card"],"potions_floor_usage":[10,16],"damage_taken":[{"damage":10,"enemies":"2 Louse","floor":1,"turns":2},{"damage":2,"enemies":"Jaw Worm","floor":5,"turns":3},{"damage":53,"enemies":"Gremlin Nob","floor":6,"turns":5},{"damage":15,"enemies":"3 Sentries","floor":8,"turns":6},{"damage":8,"enemies":"Gremlin Nob","floor":10,"turns":3},{"damage":0,"enemies":"Cultist","floor":11,"turns":2},{"damage":25,"enemies":"Gremlin Gang","floor":14,"turns":4},{"damage":16,"enemies":"Hexaghost","floor":16,"turns":9},{"damage":30,"enemies":"2 Thieves","floor":18,"turns":4},{"damage":16,"enemies":"3 Byrds","floor":20,"turns":5},{"damage":17,"enemies":"Snake Plant","floor":21,"turns":1}],"seed_played":"-3079742898814614883","potions_obtained":[{"floor":6,"key":"DistilledChaos"},{"floor":11,"key":"BlessingOfTheForge"},{"floor":20,"key":"BlessingOfTheForge"}],"is_trial":false,"path_per_floor":["M","?","?","$","M","E","R","E","T","E","M","R","$","M","R","B",null,"M","$","M","M"],"character_chosen":"DEFECT","items_purchased":["Doom and Gloom","Membership Card"],"campfire_rested":3,"item_purchase_floors":[4,19],"current_hp_per_floor":[54,59,59,59,57,4,24,16,16,8,8,30,30,5,27,11,60,30,30,14,0],"gold":77,"neow_bonus":"ONE_RARE_RELIC","is_prod":false,"is_daily":false,"chose_seed":false,"campfire_upgraded":0,"win_rate":0,"timestamp":1572054329,"path_taken":["M","?","?","$","?","E","R","E","T","E","?","R","$","M","R","BOSS","M","$","M","M"],"build_version":"2019-10-25-V3","purchased_purges":1,"victory":false,"max_hp_per_floor":[64,69,69,69,69,69,69,76,76,76,76,76,76,76,76,76,76,76,76,76,76],"card_choices":[{"not_picked":["Steam Power","Storm"],"picked":"Compile Driver","floor":1},{"not_picked":["Steam","Streamline"],"picked":"Sunder","floor":5},{"not_picked":["Beam Cell","Consume"],"picked":"Recycle","floor":6},{"not_picked":["Redo","Turbo"],"picked":"Conserve Battery","floor":8},{"not_picked":["Gash","Aggregate","Steam Power"],"picked":"SKIP","floor":10},{"not_picked":["Go for the Eyes","Consume"],"picked":"Leap","floor":11},{"not_picked":["Go for the Eyes","Darkness","Rebound"],"picked":"SKIP","floor":14},{"not_picked":["Fission","All For One"],"picked":"Reboot","floor":16},{"not_picked":["Steam+1","Gash+1"],"picked":"Ball Lightning","floor":18},{"not_picked":["Go for the Eyes+1","Beam Cell"],"picked":"Capacitor+1","floor":20}],"player_experience":534028,"relics_obtained":[{"floor":6,"key":"Ancient Tea Set"},{"floor":8,"key":"Strawberry"},{"floor":9,"key":"Tiny Chest"},{"floor":10,"key":"Happy Flower"}],"event_choices":[{"damage_healed":0,"gold_gain":0,"player_choice":"Donut","damage_taken":0,"max_hp_gain":5,"max_hp_loss":0,"event_name":"Big Fish","floor":2,"gold_loss":0},{"damage_healed":0,"gold_gain":0,"cards_transformed":["Strike_B"],"player_choice":"Transformed","damage_taken":0,"max_hp_gain":0,"max_hp_loss":0,"event_name":"Transmorgrifier","floor":3,"gold_loss":0,"cards_obtained":["Meteor Strike"]}],"is_beta":true,"boss_relics":[{"not_picked":["Ectoplasm","Busted Crown"],"picked":"Astrolabe"}],"items_purged_floors":[19],"is_endless":false,"potions_floor_spawned":[6,11,20],"killed_by":"Snake Plant","ascension_level":14}