{"gold_per_floor":[114,264,85,98,98,128,178,178,178,178,190,204,222,4,4,4],"floor_reached":16,"playtime":345,"items_purged":["Doubt"],"score":250,"play_id":"feec2847-1df4-46af-97ee-690f516afe5b","local_time":"20190714130718","is_ascension_mode":true,"campfire_choices":[{"data":"Barrage","floor":8,"key":"SMITH"},{"data":"Capacitor","floor":10,"key":"SMITH"},{"data":"Creative AI","floor":15,"key":"SMITH"}],"neow_cost":"NONE","seed_source_timestamp":268604902253749,"circlet_count":0,"master_deck":["AscendersBane","Strike_B","Strike_B","Strike_B+1","Strike_B","Defend_B+1","Defend_B","Defend_B","Defend_B","Zap","Dualcast","Ball Lightning","Go for the Eyes","Hello World","Capacitor+1","Barrage+1","Consume","Creative AI+1"],"relics":["Coffee Dripper","StoneCalendar","Ginger","Membership Card"],"potions_floor_usage":[12,12],"damage_taken":[{"damage":2,"enemies":"Cultist","floor":1,"turns":4},{"damage":9,"enemies":"Small Slimes","floor":4,"turns":3},{"damage":0,"enemies":"Lagavulin","floor":6,"turns":6},{"damage":7,"enemies":"Jaw Worm","floor":11,"turns":3},{"damage":0,"enemies":"2 Fungi Beasts","floor":12,"turns":2},{"damage":14,"enemies":"Large Slime","floor":13,"turns":4},{"damage":38,"enemies":"Slime Boss","floor":16,"turns":3}],"seed_played":"-3640833664073409155","potions_obtained":[{"floor":4,"key":"Fire Potion"},{"floor":6,"key":"Swift Potion"}],"is_trial":false,"path_per_floor":["M","?","$","M","?","E","?","R","T","R","M","M","M","$","R","B"],"character_chosen":"DEFECT","items_purchased":["Go for the Eyes","Hello World","Membership Card"],"campfire_rested":0,"item_purchase_floors":[3,3,14],"current_hp_per_floor":[62,62,62,53,32,32,32,32,32,32,25,25,11,11,11,0],"gold":4,"neow_bonus":"BOSS_RELIC","is_prod":false,"is_daily":false,"chose_seed":false,"campfire_upgraded":3,"win_rate":0,"timestamp":1563134838,"path_taken":["M","?","$","M","?","E","?","R","T","R","M","M","?","$","R","BOSS"],"build_version":"2019-07-05","purchased_purges":1,"victory":false,"max_hp_per_floor":[71,71,71,71,71,71,71,71,71,71,71,71,71,71,71,71],"card_choices":[{"not_picked":["Hello World","Streamline"],"picked":"Ball Lightning","floor":1},{"not_picked":["Go for the Eyes","Stack"],"picked":"Capacitor","floor":4},{"not_picked":["Sunder","Go for the Eyes"],"picked":"Barrage","floor":6},{"not_picked":["Coolheaded","Leap"],"picked":"Consume","floor":11},{"not_picked":["Heatsinks","Gash"],"picked":"Creative AI","floor":12},{"not_picked":["Compile Driver","Gash","Stack"],"picked":"SKIP","floor":13}],"player_experience":667154,"relics_obtained":[{"floor":6,"key":"StoneCalendar"},{"floor":9,"key":"Ginger"}],"event_choices":[{"damage_healed":0,"gold_gain":150,"player_choice":"AGREE","damage_taken":0,"max_hp_gain":0,"max_hp_loss":0,"event_name":"Liars Game","floor":2,"gold_loss":0,"cards_obtained":["Doubt"]},{"damage_healed":0,"gold_gain":0,"player_choice":"Entered Light","damage_taken":21,"max_hp_gain":0,"max_hp_loss":0,"event_name":"Shining Light","floor":5,"gold_loss":0,"cards_upgraded":["Defend_B","Strike_B"]},{"damage_healed":0,"gold_gain":50,"player_choice":"Pray","damage_taken":0,"max_hp_gain":0,"max_hp_loss":0,"event_name":"Golden Shrine","floor":7,"gold_loss":0}],"is_beta":false,"boss_relics":[],"items_purged_floors":[3],"is_endless":false,"potions_floor_spawned":[4,6],"killed_by":"Slime Boss","ascension_level":20}