{"gold_per_floor":[10,10,10,28,46,46,11,11,38,67,85,125,125,146,146,242,242,257,257,272,31,50,50],"floor_reached":23,"playtime":645,"items_purged":[],"score":382,"play_id":"58199e5e-d2e3-493e-be44-fa080bf652c2","local_time":"20191020205032","is_ascension_mode":true,"campfire_choices":[{"data":"Streamline","floor":6,"key":"SMITH"},{"data":"Strike_B","floor":8,"key":"PURGE"},{"floor":13,"key":"REST"},{"floor":15,"key":"REST"}],"neow_cost":"NO_GOLD","seed_source_timestamp":705723813390400,"circlet_count":0,"master_deck":["AscendersBane","Strike_B","Strike_B","Strike_B","Defend_B","Defend_B","Defend_B","Defend_B","Zap","Dualcast","Streamline+1","Conserve Battery","Cold Snap","Genetic Algorithm","Gash","Rainbow","Melter","Ball Lightning","Electrodynamics","Conserve Battery","Conserve Battery"],"relics":["Cracked Core","Peace Pipe","Golden Idol","PreservedInsect","Odd Mushroom","Velvet Choker","Nloth\u0027s Gift","Membership Card"],"potions_floor_usage":[10,12,18,23,23],"damage_taken":[{"damage":1,"enemies":"Small Slimes","floor":1,"turns":3},{"damage":6,"enemies":"2 Louse","floor":4,"turns":3},{"damage":1,"enemies":"Cultist","floor":5,"turns":3},{"damage":8,"enemies":"The Mushroom Lair","floor":10,"turns":4},{"damage":7,"enemies":"Large Slime","floor":11,"turns":6},{"damage":2,"enemies":"Gremlin Nob","floor":12,"turns":3},{"damage":6,"enemies":"2 Fungi Beasts","floor":14,"turns":3},{"damage":45,"enemies":"The Guardian","floor":16,"turns":9},{"damage":17,"enemies":"2 Thieves","floor":18,"turns":2},{"damage":5,"enemies":"3 Byrds","floor":20,"turns":4},{"damage":24,"enemies":"Snake Plant","floor":22,"turns":3},{"damage":13,"enemies":"Slavers","floor":23,"turns":2}],"seed_played":"-7486886035163126136","potions_obtained":[{"floor":3,"key":"Poison Potion"},{"floor":3,"key":"Ancient Potion"},{"floor":4,"key":"Dexterity Potion"},{"floor":5,"key":"Fire Potion"},{"floor":12,"key":"Fire Potion"},{"floor":16,"key":"PowerPotion"},{"floor":20,"key":"Block Potion"}],"is_trial":false,"path_per_floor":["M","?","?","M","M","R","?","R","T","?","M","E","R","M","R","B",null,"M","?","M","$","M","E"],"character_chosen":"DEFECT","items_purchased":["Membership Card","Conserve Battery"],"campfire_rested":2,"item_purchase_floors":[21,21],"current_hp_per_floor":[63,39,39,33,32,32,49,49,49,41,34,32,53,47,68,23,59,42,42,37,37,13,0],"gold":50,"neow_bonus":"ONE_RARE_RELIC","is_prod":false,"is_daily":false,"chose_seed":false,"campfire_upgraded":1,"win_rate":0,"timestamp":1571629832,"path_taken":["M","?","?","?","M","R","?","R","T","?","M","E","R","M","R","BOSS","M","?","M","$","M","E"],"build_version":"2019-07-17","purchased_purges":0,"victory":false,"max_hp_per_floor":[71,71,71,71,71,71,71,71,71,71,71,71,71,71,71,71,71,71,71,71,71,71,71],"card_choices":[{"not_picked":["Reinforced Body","Blizzard"],"picked":"Streamline","floor":1},{"not_picked":["Tempest","Static Discharge"],"picked":"Conserve Battery","floor":4},{"not_picked":["Auto Shields","Blizzard"],"picked":"Cold Snap","floor":5},{"not_picked":["Undo","Hello World"],"picked":"Genetic Algorithm","floor":10},{"not_picked":["Fusion","Lockon"],"picked":"Gash","floor":11},{"not_picked":["Chill","Barrage"],"picked":"Rainbow","floor":12},{"not_picked":["Streamline","Barrage"],"picked":"Melter","floor":13},{"not_picked":["Compile Driver","Sweeping Beam"],"picked":"Ball Lightning","floor":14},{"not_picked":["Amplify","Core Surge"],"picked":"Electrodynamics","floor":16},{"not_picked":["Loop","Fusion","Redo"],"picked":"SKIP","floor":18},{"not_picked":["Redo","Rip and Tear","Rebound"],"picked":"SKIP","floor":20},{"not_picked":["Capacitor","Sweeping Beam+1"],"picked":"Conserve Battery","floor":22}],"player_experience":875151,"relics_obtained":[{"floor":9,"key":"PreservedInsect"},{"floor":10,"key":"Odd Mushroom"},{"floor":12,"key":"Dream Catcher"}],"event_choices":[{"damage_healed":0,"gold_gain":0,"player_choice":"Take Damage","damage_taken":24,"relics_obtained":["Golden Idol"],"max_hp_gain":0,"max_hp_loss":0,"event_name":"Golden Idol","floor":2,"gold_loss":0},{"damage_healed":0,"gold_gain":0,"player_choice":"Got Potions","damage_taken":0,"max_hp_gain":0,"max_hp_loss":0,"event_name":"Lab","floor":3,"gold_loss":0},{"damage_healed":17,"gold_gain":0,"player_choice":"Healed","damage_taken":0,"max_hp_gain":0,"max_hp_loss":0,"event_name":"The Cleric","floor":7,"gold_loss":35},{"damage_healed":0,"gold_gain":0,"player_choice":"Fought Mushrooms","damage_taken":0,"max_hp_gain":0,"max_hp_loss":0,"event_name":"Mushrooms","floor":10,"gold_loss":0},{"damage_healed":0,"gold_gain":0,"player_choice":"Traded Relic","damage_taken":0,"relics_obtained":["Nloth\u0027s Gift"],"max_hp_gain":0,"max_hp_loss":0,"event_name":"N\u0027loth","floor":19,"relics_lost":["Dream Catcher"],"gold_loss":0}],"is_beta":false,"boss_relics":[{"not_picked":["White Beast Statue","Black Star"],"picked":"Velvet Choker"}],"items_purged_floors":[],"is_endless":false,"potions_floor_spawned":[4,5,12,16,20,22],"killed_by":"Slavers","ascension_level":20}