{"gold_per_floor":[116,116,116,135,135,135,161,161,184,231,256,298,86,103,103,180,180,198,0,17,17,31,31,66,0,0,0,18,18,66,83,83,83],"floor_reached":33,"playtime":1002,"items_purged":["Strike_B","Strike_B"],"score":549,"play_id":"95be3f79-ed2a-42c7-99d5-36a40b4e93f7","local_time":"20190417223911","is_ascension_mode":true,"campfire_choices":[{"data":"Zap","floor":6.0,"key":"SMITH"},{"data":"Dualcast","floor":8.0,"key":"SMITH"},{"floor":15.0,"key":"REST"},{"floor":23,"key":"REST"},{"data":"Defragment","floor":32,"key":"SMITH"}],"neow_cost":"NONE","seed_source_timestamp":210437016420000,"circlet_count":0,"master_deck":["AscendersBane","Strike_B","Strike_B","Defend_B","Defend_B","Defend_B","Defend_B+1","Zap+1","Dualcast+1","Cold Snap+1","Cold Snap","Cold Snap","Electrodynamics","Coolheaded+1","Defragment+1","Ball Lightning","Biased Cognition"],"special_seed":0,"relics":["Cracked Core","NeowsBlessing","DataDisk","MawBank","Ornamental Fan","Bronze Scales","Eternal Feather","Smiling Mask","Shuriken","Orichalcum"],"potions_floor_usage":[24],"damage_taken":[{"damage":0.0,"enemies":"Jaw Worm","floor":1.0,"turns":1.0},{"damage":0.0,"enemies":"2 Louse","floor":4.0,"turns":1.0},{"damage":0.0,"enemies":"Gremlin Nob","floor":7.0,"turns":1.0},{"damage":15.0,"enemies":"Lagavulin","floor":10.0,"turns":7.0},{"damage":0.0,"enemies":"Cultist","floor":11.0,"turns":3.0},{"damage":0.0,"enemies":"2 Fungi Beasts","floor":14.0,"turns":2.0},{"damage":25.0,"enemies":"Hexaghost","floor":16.0,"turns":11.0},{"damage":10.0,"enemies":"3 Byrds","floor":18.0,"turns":3.0},{"damage":2.0,"enemies":"Chosen","floor":20.0,"turns":5.0},{"damage":15,"enemies":"Shelled Parasite and Fungi","floor":22,"turns":6},{"damage":0,"enemies":"Book of Stabbing","floor":24,"turns":5},{"damage":16,"enemies":"Snake Plant","floor":28,"turns":4},{"damage":6,"enemies":"Snecko","floor":31,"turns":7},{"damage":61,"enemies":"Champ","floor":33,"turns":9}],"seed_played":"4897826265189363323","potions_obtained":[{"floor":7.0,"key":"Regen Potion"},{"floor":10.0,"key":"Block Potion"},{"floor":16.0,"key":"FocusPotion"},{"floor":18.0,"key":"Explosive Potion"}],"is_trial":false,"path_per_floor":["M","?","$","M","?","R","E","R","T","E","M","?","$","M","R","B",null,"M","$","M","?","M","R","E","?","T","$","M","$","T","M","R","B"],"character_chosen":"DEFECT","items_purchased":["Bronze Scales","Defragment","Ball Lightning"],"campfire_rested":2,"item_purchase_floors":[13,19,19],"current_hp_per_floor":[64,64,64,64,50,50,50,50,50,35,35,35,35,35,56,46,65,55,55,53,53,38,68,68,68,68,68,52,52,52,46,55,0],"gold":83,"neow_bonus":"THREE_ENEMY_KILL","is_prod":false,"is_daily":false,"chose_seed":false,"campfire_upgraded":3,"win_rate":0,"timestamp":1555533551,"path_taken":["M","?","$","M","?","R","E","R","T","E","M","?","?","M","R","BOSS","M","$","M","?","?","R","E","?","T","?","M","$","?","M","R","BOSS"],"build_version":"2019-01-23","purchased_purges":2,"victory":false,"max_hp_per_floor":[71,71,71,71,71,71,71,71,71,71,71,71,71,71,71,71,71,71,71,71,71,71,71,71,71,71,71,71,71,71,71,71,71],"card_choices":[{"not_picked":["Go for the Eyes","Leap","Rebound"],"picked":"SKIP","floor":1.0},{"not_picked":["BootSequence","Ball Lightning"],"picked":"Cold Snap","floor":4.0},{"not_picked":["Scrape","Compile Driver","Amplify"],"picked":"SKIP","floor":7.0},{"not_picked":["Rip and Tear","Sweeping Beam"],"picked":"Cold Snap","floor":10.0},{"not_picked":["Recycle","Heatsinks","Undo"],"picked":"SKIP","floor":11.0},{"not_picked":["Leap","Go for the Eyes"],"picked":"Cold Snap","floor":14.0},{"not_picked":["Meteor Strike","Buffer"],"picked":"Electrodynamics","floor":16.0},{"not_picked":["Compile Driver","Redo"],"picked":"Coolheaded+1","floor":18.0},{"not_picked":["Streamline","Aggregate","Go for the Eyes"],"picked":"SKIP","floor":20.0},{"not_picked":["Loop","Go for the Eyes"],"picked":"Biased Cognition","floor":22},{"not_picked":["Conserve Battery","Auto Shields","Steam"],"picked":"SKIP","floor":24},{"not_picked":["Barrage","Sweeping Beam","Compile Driver"],"picked":"SKIP","floor":28},{"not_picked":["Reprogram","Rebound+1","Steam"],"picked":"SKIP","floor":31}],"player_experience":417435,"relics_obtained":[{"floor":7.0,"key":"DataDisk"},{"floor":9.0,"key":"MawBank"},{"floor":10.0,"key":"Ornamental Fan"},{"floor":24,"key":"Smiling Mask"},{"floor":26,"key":"Shuriken"},{"floor":30,"key":"Orichalcum"}],"event_choices":[{"damage_healed":0.0,"max_hp_gain":0.0,"max_hp_loss":0.0,"gold_gain":0.0,"event_name":"Liars Game","player_choice":"Ignored","floor":2.0,"gold_loss":0.0,"damage_taken":0.0},{"damage_healed":0.0,"max_hp_gain":0.0,"max_hp_loss":0.0,"gold_gain":0.0,"event_name":"Shining Light","player_choice":"Entered Light","floor":5.0,"gold_loss":0.0,"damage_taken":14.0,"cards_upgraded":["Cold Snap","Defend_B"]},{"damage_healed":0.0,"max_hp_gain":0.0,"max_hp_loss":0.0,"gold_gain":30.0,"event_name":"Dead Adventurer","player_choice":"Searched \u00271\u0027 times","floor":12.0,"gold_loss":0.0,"damage_taken":0.0},{"damage_healed":0,"gold_gain":0,"player_choice":"Ignored","damage_taken":0,"max_hp_gain":0,"max_hp_loss":0,"event_name":"Transmorgrifier","floor":21,"gold_loss":0},{"damage_healed":0,"gold_gain":0,"player_choice":"Paid Fearfully","damage_taken":0,"max_hp_gain":0,"max_hp_loss":0,"event_name":"Masked Bandits","floor":25,"gold_loss":66}],"is_beta":false,"boss_relics":[{"not_picked":["Runic Pyramid","Cursed Key"],"picked":"Eternal Feather"}],"items_purged_floors":[13,19],"is_endless":false,"potions_floor_spawned":[7,10,16,18,20,22],"killed_by":"Champ","ascension_level":14}