{"gold_per_floor":[119,269,269,269,98,137,137,176,176,176,189,227,227,270,270,369,369,385,405,428,428,165,165,208,208],"floor_reached":25,"playtime":644,"items_purged":["Injury"],"score":615,"play_id":"5914b602-0e1c-4aee-9f58-7881f7cc530e","local_time":"20190815122129","is_ascension_mode":true,"campfire_choices":[{"data":"Self Repair","floor":7,"key":"SMITH"},{"data":"Zap","floor":13,"key":"SMITH"},{"data":"Dualcast","floor":15,"key":"SMITH"},{"data":"Defragment","floor":23,"key":"SMITH"}],"neow_cost":"NONE","seed_source_timestamp":93782079801200,"circlet_count":0,"master_deck":["AscendersBane","Strike_B","Strike_B","Strike_B","Strike_B","Defend_B","Defend_B","Defend_B","Defend_B","Zap+1","Dualcast+1","Ball Lightning","Self Repair+1","Ball Lightning","Cold Snap","Biased Cognition","Undo","Consume+1","Conserve Battery","Defragment+1","Hologram","Capacitor"],"relics":["Cracked Core","NeowsBlessing","Golden Idol","Singing Bowl","Pear","Pantograph","Pocketwatch","Gremlin Horn","Cursed Key","Bronze Scales","Potion Belt"],"potions_floor_usage":[16,20,20],"damage_taken":[{"damage":0,"enemies":"Jaw Worm","floor":1,"turns":1},{"damage":0,"enemies":"3 Sentries","floor":6,"turns":1},{"damage":0,"enemies":"Lagavulin","floor":8,"turns":1},{"damage":1,"enemies":"2 Louse","floor":11,"turns":2},{"damage":29,"enemies":"3 Sentries","floor":12,"turns":7},{"damage":26,"enemies":"Lagavulin","floor":14,"turns":5},{"damage":58,"enemies":"Hexaghost","floor":16,"turns":9},{"damage":21,"enemies":"Shell Parasite","floor":18,"turns":5},{"damage":0,"enemies":"Spheric Guardian","floor":19,"turns":3},{"damage":9,"enemies":"3 Cultists","floor":20,"turns":4},{"damage":66,"enemies":"Book of Stabbing","floor":24,"turns":6},{"damage":23,"enemies":"Chosen and Byrds","floor":25,"turns":2}],"seed_played":"887249804491758551","potions_obtained":[{"floor":6,"key":"SneckoOil"},{"floor":12,"key":"Fire Potion"},{"floor":14,"key":"LiquidBronze"},{"floor":18,"key":"SkillPotion"}],"is_trial":false,"path_per_floor":["M","?","?","?","$","E","R","E","T","?","M","E","R","E","R","B",null,"M","M","M","?","$","R","E","M"],"character_chosen":"DEFECT","items_purchased":["Self Repair","Ball Lightning","Defragment","Bronze Scales","Hologram"],"campfire_rested":0,"item_purchase_floors":[5,5,22,22,22],"current_hp_per_floor":[64,64,57,57,57,59,59,69,69,74,85,68,68,54,54,31,78,67,77,78,78,78,78,22,0],"gold":208,"neow_bonus":"THREE_ENEMY_KILL","is_prod":false,"is_daily":false,"chose_seed":false,"campfire_upgraded":4,"win_rate":0,"timestamp":1565896889,"path_taken":["M","?","?","?","$","E","R","E","T","?","M","E","R","E","R","BOSS","M","M","M","?","$","R","E","M"],"build_version":"2019-07-17","purchased_purges":1,"victory":false,"max_hp_per_floor":[71,71,71,71,71,73,73,83,83,88,90,92,92,94,94,94,94,94,94,94,94,94,94,94,94],"card_choices":[{"not_picked":["Go for the Eyes","Barrage"],"picked":"Ball Lightning","floor":1},{"not_picked":["Reinforced Body","Leap","Meteor Strike"],"picked":"Singing Bowl","floor":6},{"not_picked":["Stack","Fusion"],"picked":"Cold Snap","floor":8},{"not_picked":["Darkness","Coolheaded","Turbo"],"picked":"Singing Bowl","floor":11},{"not_picked":["Blizzard","Ball Lightning","Beam Cell"],"picked":"Singing Bowl","floor":12},{"not_picked":["Force Field","FTL","Stack"],"picked":"Singing Bowl","floor":14},{"not_picked":["Core Surge","Buffer"],"picked":"Biased Cognition","floor":16},{"not_picked":["Reinforced Body","Aggregate"],"picked":"Undo","floor":18},{"not_picked":["Redo","Leap"],"picked":"Consume+1","floor":19},{"not_picked":["Hologram","Leap"],"picked":"Conserve Battery","floor":20},{"not_picked":["Reboot","Darkness"],"picked":"Capacitor","floor":24}],"player_experience":727099,"relics_obtained":[{"floor":6,"key":"Singing Bowl"},{"floor":8,"key":"Pear"},{"floor":9,"key":"Pantograph"},{"floor":12,"key":"Pocketwatch"},{"floor":14,"key":"Gremlin Horn"},{"floor":24,"key":"Potion Belt"}],"event_choices":[{"damage_healed":0,"gold_gain":150,"player_choice":"AGREE","damage_taken":0,"max_hp_gain":0,"max_hp_loss":0,"event_name":"Liars Game","floor":2,"gold_loss":0,"cards_obtained":["Doubt"]},{"cards_removed":["Doubt"],"damage_healed":0,"gold_gain":0,"player_choice":"Card Removal","damage_taken":7,"max_hp_gain":0,"max_hp_loss":0,"event_name":"Golden Wing","floor":3,"gold_loss":0},{"damage_healed":0,"gold_gain":0,"player_choice":"Take Wound","damage_taken":0,"relics_obtained":["Golden Idol"],"max_hp_gain":0,"max_hp_loss":0,"event_name":"Golden Idol","floor":4,"gold_loss":0,"cards_obtained":["Injury"]},{"damage_healed":0,"gold_gain":0,"player_choice":"Donut","damage_taken":0,"max_hp_gain":5,"max_hp_loss":0,"event_name":"Big Fish","floor":10,"gold_loss":0},{"damage_healed":0,"gold_gain":0,"player_choice":"Ignored","damage_taken":0,"max_hp_gain":0,"max_hp_loss":0,"event_name":"Vampires","floor":21,"gold_loss":0}],"is_beta":false,"boss_relics":[{"not_picked":["Calling Bell","Lizard Tail"],"picked":"Cursed Key"}],"items_purged_floors":[5],"is_endless":false,"potions_floor_spawned":[6,12,14,18],"killed_by":"Chosen and Byrds","ascension_level":20}