{"gold_per_floor":[109,109,121,271,282,282,310,310,310,209,209,209,222,36,36,112,112,130,143,323,340,355,355],"floor_reached":23,"playtime":803,"items_purged":["Doubt"],"score":382,"play_id":"fff6bb05-a029-4bde-9b7c-407970cf27f4","local_time":"20190823230250","is_ascension_mode":true,"campfire_choices":[{"data":"Gash","floor":6,"key":"SMITH"},{"floor":8,"key":"REST"},{"data":"Go for the Eyes","floor":11,"key":"SMITH"},{"data":"Capacitor","floor":15,"key":"SMITH"}],"neow_cost":"NONE","seed_source_timestamp":823305360099200,"circlet_count":0,"master_deck":["AscendersBane","Strike_B","Strike_B","Strike_B","Strike_B","Defend_B+1","Defend_B","Defend_B","Defend_B","Zap","Dualcast+1","All For One","Glacier","Capacitor+1","Gash+1","Gash","Self Repair","Go for the Eyes+1","FTL","Leap","Sweeping Beam","Reboot","Turbo","Hologram","Defragment","Beam Cell"],"relics":["FrozenCore","Shuriken","Gremlin Horn","Bottled Flame"],"potions_floor_usage":[16,23],"damage_taken":[{"damage":12,"enemies":"Small Slimes","floor":1,"turns":3},{"damage":7,"enemies":"Jaw Worm","floor":3,"turns":3},{"damage":2,"enemies":"Cultist","floor":5,"turns":5},{"damage":16,"enemies":"Lagavulin","floor":7,"turns":11},{"damage":8,"enemies":"Looter","floor":13,"turns":3},{"damage":12,"enemies":"Hexaghost","floor":16,"turns":9},{"damage":2,"enemies":"Shell Parasite","floor":18,"turns":6},{"damage":10,"enemies":"Chosen","floor":19,"turns":5},{"damage":27,"enemies":"Snake Plant","floor":21,"turns":6},{"damage":0,"enemies":"Snecko","floor":22,"turns":5},{"damage":41,"enemies":"Gremlin Leader","floor":23,"turns":6}],"seed_played":"4059206254301591613","potions_obtained":[{"floor":1,"key":"LiquidBronze"},{"floor":7,"key":"Explosive Potion"},{"floor":18,"key":"SpeedPotion"},{"floor":19,"key":"FearPotion"}],"is_trial":false,"path_per_floor":["M","?","M","?","M","R","E","R","T","$","R","T","M","$","R","B",null,"M","M","?","M","M","E"],"character_chosen":"DEFECT","items_purchased":["Self Repair","Go for the Eyes","Leap","Sweeping Beam"],"campfire_rested":1,"item_purchase_floors":[10,10,14,14],"current_hp_per_floor":[52,31,24,24,22,22,6,27,27,27,27,27,26,26,26,21,59,64,61,40,20,27,0],"gold":355,"neow_bonus":"ONE_RANDOM_RARE_CARD","is_prod":false,"is_daily":false,"chose_seed":false,"campfire_upgraded":3,"win_rate":0,"timestamp":1566626570,"path_taken":["M","?","M","?","M","R","E","R","T","$","R","?","?","$","R","BOSS","M","M","?","M","M","E"],"build_version":"2019-07-17","purchased_purges":1,"victory":false,"max_hp_per_floor":[71,71,71,71,71,71,71,71,71,71,71,71,71,71,71,71,71,71,71,71,71,71,71],"card_choices":[{"not_picked":["Sunder","Lockon"],"picked":"Glacier","floor":1},{"not_picked":["Sweeping Beam","Barrage"],"picked":"Capacitor","floor":3},{"not_picked":["Loop","Hologram"],"picked":"Gash","floor":5},{"not_picked":["Stack","Genetic Algorithm"],"picked":"Gash","floor":7},{"not_picked":["Ball Lightning","Streamline"],"picked":"FTL","floor":13},{"not_picked":["Rainbow","Multi-Cast"],"picked":"Reboot","floor":16},{"not_picked":["Skim","Auto Shields"],"picked":"Turbo","floor":18},{"not_picked":["Aggregate","Turbo"],"picked":"Hologram","floor":19},{"not_picked":["BootSequence","Glacier"],"picked":"Defragment","floor":21},{"not_picked":["Stack","Multi-Cast"],"picked":"Beam Cell","floor":22}],"player_experience":743803,"relics_obtained":[{"floor":7,"key":"Shuriken"},{"floor":9,"key":"Gremlin Horn"},{"floor":12,"key":"Bottled Flame"}],"event_choices":[{"damage_healed":0,"gold_gain":0,"player_choice":"Entered Light","damage_taken":21,"max_hp_gain":0,"max_hp_loss":0,"event_name":"Shining Light","floor":2,"gold_loss":0,"cards_upgraded":["Defend_B","Dualcast"]},{"damage_healed":0,"gold_gain":150,"player_choice":"AGREE","damage_taken":0,"max_hp_gain":0,"max_hp_loss":0,"event_name":"Liars Game","floor":4,"gold_loss":0,"cards_obtained":["Doubt"]},{"damage_healed":0,"gold_gain":180,"player_choice":"GOLD GOLD ","damage_taken":21,"max_hp_gain":0,"max_hp_loss":0,"event_name":"Knowing Skull","floor":20,"potions_obtained":[],"gold_loss":0,"cards_obtained":[]}],"is_beta":false,"boss_relics":[{"not_picked":["Nuclear Battery","Black Star"],"picked":"FrozenCore"}],"items_purged_floors":[14],"is_endless":false,"potions_floor_spawned":[1,7,18,19],"killed_by":"Gremlin Leader","ascension_level":20}