{"gold_per_floor":[210,385,398,416,416,416,435,435,461,477,489,515,515,527,527,627,627,615,715,733,573,573,573,589,589,589,589,48,83,83,95,95,194,194,210,223,323,323,323,323,220,240,240,250,264,264,294,308,308,308],"floor_reached":50,"playtime":3307,"items_purged":["Doubt","Strike_B","Defend_B"],"score":594,"play_id":"916a9417-f755-4600-ad2e-8f1ac9e980d7","local_time":"20191020114559","is_ascension_mode":false,"campfire_choices":[{"data":"Zap","floor":6.0,"key":"SMITH"},{"data":"Dualcast","floor":13.0,"key":"SMITH"},{"data":"Fusion","floor":15.0,"key":"SMITH"},{"data":"Beam Cell","floor":23.0,"key":"SMITH"},{"data":"Streamline","floor":25.0,"key":"SMITH"},{"data":"Doom and Gloom","floor":27.0,"key":"SMITH"},{"data":"Skim","floor":30.0,"key":"SMITH"},{"data":"Sweeping Beam","floor":32.0,"key":"SMITH"},{"data":"All For One","floor":40,"key":"SMITH"},{"data":"Redo","floor":46,"key":"SMITH"},{"data":"Glacier","floor":49,"key":"SMITH"}],"neow_cost":"NONE","seed_source_timestamp":0,"circlet_count":0,"master_deck":["Strike_B","Strike_B","Defend_B","Defend_B","Defend_B","Zap+1","Dualcast+1","Genetic Algorithm","Fusion+1","Sweeping Beam+1","All For One+1","Beam Cell+1","BootSequence","Streamline+1","Chill","Machine Learning+1","Conserve Battery+1","Doom and Gloom+1","Capacitor+1","Glacier+1","FTL","Self Repair+1","All For One","Skim+1","Sweeping Beam+1","Coolheaded+1","Redo+1","Compile Driver+1"],"special_seed":0,"relics":["Cracked Core","Frozen Egg 2","Smiling Mask","Incense Burner","Philosopher\u0027s Stone","Shuriken","Mercury Hourglass","Art of War","Orrery","Prayer Wheel","Blood Vial","Dream Catcher"],"potions_floor_usage":[45,50],"damage_taken":[{"damage":0.0,"enemies":"Small Slimes","floor":1.0,"turns":2.0},{"damage":0.0,"enemies":"2 Louse","floor":3.0,"turns":1.0},{"damage":6.0,"enemies":"Jaw Worm","floor":4.0,"turns":4.0},{"damage":6.0,"enemies":"Red Slaver","floor":7.0,"turns":4.0},{"damage":0.0,"enemies":"Exordium Wildlife","floor":10.0,"turns":2.0},{"damage":4.0,"enemies":"Gremlin Gang","floor":11.0,"turns":2.0},{"damage":18.0,"enemies":"3 Sentries","floor":12.0,"turns":5.0},{"damage":4.0,"enemies":"3 Louse","floor":14.0,"turns":3.0},{"damage":0.0,"enemies":"Slime Boss","floor":16.0,"turns":8.0},{"damage":1.0,"enemies":"2 Thieves","floor":18.0,"turns":4.0},{"damage":17.0,"enemies":"Chosen","floor":20.0,"turns":6.0},{"damage":9.0,"enemies":"Snake Plant","floor":24.0,"turns":4.0},{"damage":4.0,"enemies":"Gremlin Leader","floor":29.0,"turns":5.0},{"damage":13.0,"enemies":"Centurion and Healer","floor":31.0,"turns":3.0},{"damage":22.0,"enemies":"Champ","floor":33.0,"turns":9.0},{"damage":0,"enemies":"3 Shapes","floor":35,"turns":4},{"damage":0,"enemies":"Orb Walker","floor":36,"turns":3},{"damage":0,"enemies":"Mind Bloom Boss Battle","floor":37,"turns":4},{"damage":2,"enemies":"4 Shapes","floor":42,"turns":4},{"damage":3,"enemies":"Transient","floor":44,"turns":5},{"damage":24,"enemies":"Jaw Worm Horde","floor":45,"turns":3},{"damage":0,"enemies":"Giant Head","floor":47,"turns":6},{"damage":16,"enemies":"Spire Growth","floor":48,"turns":4},{"damage":63,"enemies":"Time Eater","floor":50,"turns":8}],"seed_played":"-3395983791992586957","potions_obtained":[{"floor":4.0,"key":"SpeedPotion"},{"floor":7.0,"key":"Energy Potion"},{"floor":10.0,"key":"GamblersBrew"},{"floor":12.0,"key":"Weak Potion"},{"floor":18.0,"key":"Poison Potion"},{"floor":29.0,"key":"FearPotion"},{"floor":31.0,"key":"Energy Potion"},{"floor":37,"key":"SteroidPotion"},{"floor":48,"key":"GamblersBrew"}],"is_trial":false,"path_per_floor":["M","?","M","M","?","R","M","T","T","M","M","E","R","M","R","B",null,"M","?","M","$","?","R","M","R","T","R","$","E","R","M","R","B",null,"M","M","?","?","?","R","$","M","T","M","M","R","E","M","R","B"],"character_chosen":"DEFECT","items_purchased":["Doom and Gloom","Capacitor+1","Mercury Hourglass","Glacier","FTL","Self Repair+1","Regen Potion","Redo"],"campfire_rested":0,"item_purchase_floors":[21,21,28,28,28,28,28,41],"current_hp_per_floor":[75,75,75,69,69,69,63,63,63,63,59,41,41,37,37,37,75,74,74,57,57,57,57,48,48,48,48,48,68,68,65,65,53,75,75,75,75,75,75,75,75,75,75,75,51,51,63,59,59,0],"gold":308,"neow_bonus":"HUNDRED_GOLD","is_prod":false,"is_daily":false,"chose_seed":false,"campfire_upgraded":11,"win_rate":0,"timestamp":1571586359,"path_taken":["M","?","M","M","?","R","M","?","T","?","M","E","R","M","R","BOSS","M","?","?","$","?","R","M","R","T","R","?","E","R","M","R","BOSS","M","M","?","?","?","R","$","?","T","?","M","R","E","M","R","BOSS"],"build_version":"2019-07-17","purchased_purges":3,"victory":false,"max_hp_per_floor":[75,75,75,75,75,75,75,75,75,75,75,75,75,75,75,75,75,75,75,75,75,75,75,75,75,75,75,75,75,75,75,75,75,75,75,75,75,75,75,75,75,75,75,75,75,75,75,75,75,75],"card_choices":[{"not_picked":["Compile Driver","Redo"],"picked":"Genetic Algorithm","floor":1.0},{"not_picked":["Stack","Rebound"],"picked":"Fusion","floor":3.0},{"not_picked":["Heatsinks","Storm"],"picked":"Sweeping Beam","floor":4.0},{"not_picked":["Rebound","Ball Lightning"],"picked":"Beam Cell","floor":7.0},{"not_picked":["Melter","Beam Cell"],"picked":"Skim","floor":10.0},{"not_picked":["Stack","Creative AI+1"],"picked":"BootSequence","floor":11.0},{"not_picked":["Hello World+1","Compile Driver"],"picked":"Streamline","floor":12.0},{"not_picked":["Tempest","Turbo"],"picked":"Chill","floor":14.0},{"not_picked":["Multi-Cast","Meteor Strike"],"picked":"Machine Learning+1","floor":16.0},{"not_picked":["Turbo+1","Barrage+1"],"picked":"Conserve Battery+1","floor":18.0},{"not_picked":["Auto Shields+1","Heatsinks+1","Steam Power"],"picked":"SKIP","floor":20.0},{"not_picked":["Doom and Gloom","Lockon+1","Beam Cell"],"picked":"SKIP","floor":24.0},{"not_picked":["Barrage","Doom and Gloom","Turbo+1"],"picked":"SKIP","floor":29.0},{"not_picked":["Rebound","Genetic Algorithm","Turbo+1"],"picked":"SKIP","floor":31.0},{"not_picked":["Thunder Strike","Creative AI+1"],"picked":"All For One","floor":33.0},{"not_picked":["Genetic Algorithm","Aggregate"],"picked":"Skim+1","floor":34},{"not_picked":["Sunder","Skim"],"picked":"Sweeping Beam+1","floor":34},{"not_picked":["Defragment+1","Beam Cell"],"picked":"Coolheaded+1","floor":35},{"not_picked":["Fission","Rebound","Conserve Battery+1"],"picked":"SKIP","floor":36},{"not_picked":["Sweeping Beam+1","Hologram","Ball Lightning"],"picked":"SKIP","floor":42},{"not_picked":["Fusion+1","Melter+1","Machine Learning+1"],"picked":"SKIP","floor":42},{"not_picked":["Go for the Eyes+1","Conserve Battery"],"picked":"Compile Driver+1","floor":44},{"not_picked":["Beam Cell","FTL+1","Barrage+1"],"picked":"SKIP","floor":44},{"not_picked":["Conserve Battery","Scrape+1","Reprogram"],"picked":"SKIP","floor":45},{"not_picked":["Consume","Heatsinks+1","Undo"],"picked":"SKIP","floor":45},{"not_picked":["Hologram","Barrage+1","Go for the Eyes"],"picked":"SKIP","floor":47},{"not_picked":["Barrage","Double Energy+1","Cold Snap+1"],"picked":"SKIP","floor":48},{"not_picked":["Conserve Battery","Compile Driver","Thunder Strike"],"picked":"SKIP","floor":48}],"player_experience":438210,"relics_obtained":[{"floor":8.0,"key":"Frozen Egg 2"},{"floor":9.0,"key":"Smiling Mask"},{"floor":12.0,"key":"Incense Burner"},{"floor":26.0,"key":"Shuriken"},{"floor":29.0,"key":"Art of War"},{"floor":37,"key":"Prayer Wheel"},{"floor":43,"key":"Blood Vial"},{"floor":47,"key":"Dream Catcher"}],"event_choices":[{"damage_healed":0.0,"max_hp_gain":0.0,"max_hp_loss":0.0,"gold_gain":175.0,"event_name":"Liars Game","player_choice":"AGREE","floor":2.0,"gold_loss":0.0,"damage_taken":0.0,"cards_obtained":["Doubt"]},{"damage_healed":0.0,"max_hp_gain":0.0,"max_hp_loss":0.0,"gold_gain":0.0,"cards_transformed":["Strike_B"],"event_name":"Living Wall","player_choice":"Change","floor":5.0,"gold_loss":0.0,"damage_taken":0.0,"cards_obtained":["All For One"]},{"damage_healed":0.0,"max_hp_gain":0.0,"max_hp_loss":0.0,"gold_gain":100.0,"event_name":"Golden Shrine","player_choice":"Pray","floor":19.0,"gold_loss":0.0,"damage_taken":0.0},{"damage_healed":0.0,"max_hp_gain":0.0,"max_hp_loss":0.0,"gold_gain":0.0,"event_name":"Vampires","player_choice":"Ignored","floor":22.0,"gold_loss":0.0,"damage_taken":0.0},{"damage_healed":0,"gold_gain":0,"player_choice":"Fight","damage_taken":0,"max_hp_gain":0,"max_hp_loss":0,"event_name":"MindBloom","floor":37,"gold_loss":0},{"damage_healed":0,"gold_gain":0,"player_choice":"Ignored","damage_taken":0,"max_hp_gain":0,"max_hp_loss":0,"event_name":"Tomb of Lord Red Mask","floor":38,"gold_loss":0},{"cards_removed":["Skim"],"damage_healed":0,"gold_gain":0,"player_choice":"Removed Skill","damage_taken":0,"max_hp_gain":0,"max_hp_loss":0,"event_name":"Falling","floor":39,"gold_loss":0}],"is_beta":false,"boss_relics":[{"not_picked":["Ectoplasm","Black Star"],"picked":"Philosopher\u0027s Stone"},{"not_picked":["Velvet Choker","Busted Crown"],"picked":"Orrery"}],"items_purged_floors":[21,28,41],"is_endless":false,"potions_floor_spawned":[4,7,10,12,18,29,31,37,48],"killed_by":"Time Eater","ascension_level":0}