{"gold_per_floor":[116,116,116,61,73,73,106,106,106,122,122,147,147,165,165,237,237,237],"floor_reached":18,"playtime":596,"items_purged":[],"score":386,"play_id":"1462ff84-79ca-486d-abc7-d9148b3a6dfe","local_time":"20190731205521","is_ascension_mode":true,"campfire_choices":[{"data":"Dualcast","floor":6,"key":"SMITH"},{"data":"Strike_B","floor":8,"key":"PURGE"},{"data":"Coolheaded","floor":11,"key":"SMITH"},{"data":"Strike_B","floor":13,"key":"PURGE"},{"floor":15,"key":"REST"}],"neow_cost":"NONE","seed_source_timestamp":1765237721793360,"circlet_count":0,"master_deck":["AscendersBane","Strike_B+1","Strike_B+1","Defend_B","Defend_B","Defend_B","Defend_B+1","Zap","Dualcast+1","Cold Snap+1","Ball Lightning","Coolheaded+1","All For One","All For One"],"relics":["Cracked Core","NeowsBlessing","Peace Pipe","Whetstone","Pen Nib","Question Card","Runic Pyramid"],"potions_floor_usage":[12,16],"damage_taken":[{"damage":0,"enemies":"2 Louse","floor":1,"turns":1},{"damage":0,"enemies":"Cultist","floor":5,"turns":1},{"damage":0,"enemies":"3 Sentries","floor":7,"turns":1},{"damage":0,"enemies":"Jaw Worm","floor":10,"turns":3},{"damage":13,"enemies":"Lagavulin","floor":12,"turns":3},{"damage":4,"enemies":"Lots of Slimes","floor":14,"turns":4},{"damage":28,"enemies":"The Guardian","floor":16,"turns":15},{"damage":59,"enemies":"3 Byrds","floor":18,"turns":5}],"seed_played":"2193295212275508404","potions_obtained":[{"floor":5,"key":"AttackPotion"},{"floor":12,"key":"PowerPotion"},{"floor":14,"key":"EssenceOfSteel"}],"is_trial":false,"path_per_floor":["M","?","$","?","M","R","E","R","T","M","R","E","R","M","R","B",null,"M"],"character_chosen":"DEFECT","items_purchased":[],"campfire_rested":1,"item_purchase_floors":[],"current_hp_per_floor":[64,43,43,43,43,43,43,43,43,43,43,30,30,26,47,19,58,0],"gold":237,"neow_bonus":"THREE_ENEMY_KILL","is_prod":false,"is_daily":false,"chose_seed":false,"campfire_upgraded":2,"win_rate":0,"timestamp":1564631721,"path_taken":["M","?","$","?","M","R","E","R","T","M","R","E","R","M","R","BOSS","M"],"build_version":"2019-07-17","purchased_purges":0,"victory":false,"max_hp_per_floor":[71,71,71,71,71,71,71,71,71,71,71,71,71,71,71,71,71,71],"card_choices":[{"not_picked":["Barrage","Rebound"],"picked":"Cold Snap","floor":1},{"not_picked":["Gash","Stack"],"picked":"Ball Lightning","floor":5},{"not_picked":["Barrage","Rebound"],"picked":"Coolheaded","floor":7},{"not_picked":["Turbo","Thunder Strike","Coolheaded"],"picked":"SKIP","floor":10},{"not_picked":["Ball Lightning","Blizzard","Reinforced Body"],"picked":"SKIP","floor":12},{"not_picked":["Coolheaded","Compile Driver","Reinforced Body"],"picked":"All For One","floor":14},{"not_picked":["Core Surge","Rainbow","Fission"],"picked":"All For One","floor":16}],"player_experience":711176,"relics_obtained":[{"floor":7,"key":"Whetstone"},{"floor":9,"key":"Pen Nib"},{"floor":12,"key":"Question Card"}],"event_choices":[{"damage_healed":0,"gold_gain":0,"player_choice":"Entered Light","damage_taken":21,"max_hp_gain":0,"max_hp_loss":0,"event_name":"Shining Light","floor":2,"gold_loss":0,"cards_upgraded":["Defend_B","Cold Snap"]},{"damage_healed":0,"gold_gain":0,"player_choice":"Paid Gold","damage_taken":0,"relics_obtained":["Peace Pipe"],"max_hp_gain":0,"max_hp_loss":0,"event_name":"WeMeetAgain","floor":4,"gold_loss":55}],"is_beta":false,"boss_relics":[{"not_picked":["Busted Crown","Runic Dome"],"picked":"Runic Pyramid"}],"items_purged_floors":[],"is_endless":false,"potions_floor_spawned":[5,12,14],"killed_by":"3 Byrds","ascension_level":20}