{"gold_per_floor":[112,131,145,145,70,100,100,114,114,94],"floor_reached":10,"playtime":363,"items_purged":["Zap"],"score":136,"play_id":"6a6eaafe-1a95-4bb5-a151-31a84d525212","local_time":"20190717130622","is_ascension_mode":true,"campfire_choices":[],"neow_cost":"NONE","seed_source_timestamp":527731878194471,"circlet_count":0,"master_deck":["AscendersBane","Dualcast","Force Field","Tempest","Rainbow+1","Heatsinks","Leap","Darkness+1","Fusion","White Noise","Capacitor","Doom and Gloom","Stack","Consume+1"],"relics":["Pandora\u0027s Box","Ornamental Fan","Blue Candle"],"potions_floor_usage":[8],"damage_taken":[{"damage":0,"enemies":"Cultist","floor":1,"turns":4},{"damage":4,"enemies":"2 Louse","floor":2,"turns":5},{"damage":12,"enemies":"Small Slimes","floor":3,"turns":4},{"damage":10,"enemies":"Lagavulin","floor":6,"turns":6},{"damage":11,"enemies":"3 Louse","floor":8,"turns":2},{"damage":11,"enemies":"Looter","floor":10,"turns":1}],"seed_played":"-6439190828462764222","potions_obtained":[{"floor":3,"key":"AttackPotion"}],"is_trial":false,"path_per_floor":["M","M","M","?","$","E","?","M","T","M"],"character_chosen":"DEFECT","items_purchased":[],"campfire_rested":0,"item_purchase_floors":[],"current_hp_per_floor":[64,60,48,48,48,38,17,6,6,0],"gold":94,"neow_bonus":"BOSS_RELIC","is_prod":false,"is_daily":false,"chose_seed":false,"campfire_upgraded":0,"win_rate":0,"timestamp":1563393982,"path_taken":["M","?","M","?","$","E","?","M","T","M"],"build_version":"2019-07-05","purchased_purges":1,"victory":false,"max_hp_per_floor":[71,71,71,71,71,71,71,71,71,71],"card_choices":[{"not_picked":["Go for the Eyes","Compile Driver"],"picked":"Capacitor","floor":1},{"not_picked":["Leap","Rip and Tear"],"picked":"Doom and Gloom","floor":2},{"not_picked":["Go for the Eyes","Blizzard"],"picked":"Stack","floor":3},{"not_picked":["Conserve Battery","Gash"],"picked":"Consume","floor":6},{"not_picked":["Compile Driver","Recycle","Chaos"],"picked":"SKIP","floor":8}],"player_experience":678491,"relics_obtained":[{"floor":6,"key":"Ornamental Fan"},{"floor":9,"key":"Blue Candle"}],"event_choices":[{"damage_healed":0,"gold_gain":0,"player_choice":"Grow","damage_taken":0,"max_hp_gain":0,"max_hp_loss":0,"event_name":"Living Wall","floor":4,"gold_loss":0,"cards_upgraded":["Rainbow"]},{"damage_healed":0,"gold_gain":0,"player_choice":"Entered Light","damage_taken":21,"max_hp_gain":0,"max_hp_loss":0,"event_name":"Shining Light","floor":7,"gold_loss":0,"cards_upgraded":["Darkness","Consume"]}],"is_beta":false,"boss_relics":[],"items_purged_floors":[5],"is_endless":false,"potions_floor_spawned":[3],"killed_by":"Looter","ascension_level":20}