{"gold_per_floor":[109,124,136,146,20,20,50,107,107,137,137,157,170,190,190,261,261,277,277,202,222,234,234,265,265,265,265,275,300,300,316,316,393,393,410,410,410,49,61,61,71,71,71,71,89,101,114,129,129,129],"floor_reached":50,"playtime":1930,"items_purged":["Strike_B","Strike_B"],"score":959,"play_id":"06b92ef6-958c-4d30-9637-d4f90820fec5","local_time":"20191026225422","is_ascension_mode":true,"campfire_choices":[{"data":"Defragment","floor":6.0,"key":"SMITH"},{"data":"Fission","floor":11.0,"key":"SMITH"},{"data":"Dualcast","floor":15.0,"key":"SMITH"},{"data":"Defragment","floor":23.0,"key":"SMITH"},{"floor":25.0,"key":"REST"},{"data":"Loop","floor":27.0,"key":"SMITH"},{"floor":30.0,"key":"REST"},{"floor":32.0,"key":"REST"},{"data":"Loop","floor":40.0,"key":"SMITH"},{"floor":42.0,"key":"REST"},{"floor":49.0,"key":"REST"}],"neow_cost":"NONE","seed_source_timestamp":48095890891100,"circlet_count":0,"master_deck":["AscendersBane","Strike_B","Strike_B","Defend_B","Defend_B","Defend_B","Defend_B","Zap","Dualcast+1","Electrodynamics","Chill","Lockon","Ball Lightning","Ball Lightning","Cold Snap","Defragment+1","Coolheaded","Fission+1","Conserve Battery","Core Surge","Defragment+1","Loop+1","Reboot","Loop+1","Biased Cognition","Madness","Madness","Parasite"],"special_seed":0,"relics":["Cracked Core","Blue Candle","HornCleat","Pear","Dream Catcher","Nuclear Battery","Juzu Bracelet","Blood Vial","Cursed Key","Symbiotic Virus"],"potions_floor_usage":[50,50],"damage_taken":[{"damage":5.0,"enemies":"Small Slimes","floor":1.0,"turns":3.0},{"damage":5.0,"enemies":"Jaw Worm","floor":2.0,"turns":4.0},{"damage":2.0,"enemies":"2 Louse","floor":3.0,"turns":2.0},{"damage":4.0,"enemies":"Looter","floor":4.0,"turns":3.0},{"damage":13.0,"enemies":"Gremlin Nob","floor":7.0,"turns":4.0},{"damage":0.0,"enemies":"Lagavulin Event","floor":8.0,"turns":5.0},{"damage":8.0,"enemies":"3 Sentries","floor":10.0,"turns":3.0},{"damage":0.0,"enemies":"Blue Slaver","floor":12.0,"turns":3.0},{"damage":0.0,"enemies":"Large Slime","floor":13.0,"turns":3.0},{"damage":0.0,"enemies":"Looter","floor":14.0,"turns":2.0},{"damage":0.0,"enemies":"Slime Boss","floor":16.0,"turns":4.0},{"damage":2.0,"enemies":"Shell Parasite","floor":18.0,"turns":4.0},{"damage":0.0,"enemies":"Spheric Guardian","floor":21.0,"turns":3.0},{"damage":8.0,"enemies":"Centurion and Healer","floor":22.0,"turns":5.0},{"damage":26.0,"enemies":"Slavers","floor":24.0,"turns":4.0},{"damage":17.0,"enemies":"Snake Plant","floor":28.0,"turns":3.0},{"damage":28.0,"enemies":"Book of Stabbing","floor":29.0,"turns":5.0},{"damage":8.0,"enemies":"Snecko","floor":31.0,"turns":6.0},{"damage":40.0,"enemies":"Automaton","floor":33.0,"turns":7.0},{"damage":4.0,"enemies":"Orb Walker","floor":35.0,"turns":3.0},{"damage":8.0,"enemies":"3 Darklings","floor":39.0,"turns":3.0},{"damage":7.0,"enemies":"Jaw Worm Horde","floor":41.0,"turns":3.0},{"damage":6.0,"enemies":"Maw","floor":45.0,"turns":7.0},{"damage":16.0,"enemies":"Spire Growth","floor":46.0,"turns":4.0},{"damage":30.0,"enemies":"Writhing Mass","floor":47.0,"turns":5.0},{"damage":6.0,"enemies":"3 Darklings","floor":48.0,"turns":5.0},{"damage":42,"enemies":"Awakened One","floor":50,"turns":3}],"seed_played":"-2554558512905250963","potions_obtained":[{"floor":1.0,"key":"DuplicationPotion"},{"floor":8.0,"key":"Swift Potion"},{"floor":10.0,"key":"FocusPotion"},{"floor":12.0,"key":"DistilledChaos"},{"floor":18.0,"key":"AttackPotion"},{"floor":24.0,"key":"PotionOfCapacity"},{"floor":31.0,"key":"DistilledChaos"},{"floor":35.0,"key":"Fire Potion"},{"floor":46.0,"key":"Explosive Potion"},{"floor":47.0,"key":"EssenceOfDarkness"},{"floor":48.0,"key":"DuplicationPotion"}],"is_trial":false,"path_per_floor":["M","M","M","M","$","R","E","?","T","E","R","M","M","M","R","B",null,"M","?","$","M","M","R","E","R","T","R","M","E","R","M","R","B",null,"M","?","?","$","M","R","M","R","T","T","M","M","M","M","R","B"],"character_chosen":"DEFECT","items_purchased":["Cold Snap","Defragment","Symbiotic Virus"],"campfire_rested":5,"item_purchase_floors":[5,5,38],"current_hp_per_floor":[59,54,52,48,48,48,35,35,45,37,37,37,37,37,37,37,70,68,68,68,68,60,60,34,58,58,58,41,13,37,31,55,17,65,63,48,48,48,42,42,37,61,61,61,57,43,15,11,35,0],"gold":129,"neow_bonus":"ONE_RANDOM_RARE_CARD","is_prod":false,"is_daily":false,"chose_seed":false,"campfire_upgraded":6,"win_rate":0,"timestamp":1572123262,"path_taken":["M","M","M","M","$","R","E","?","T","E","R","M","M","M","R","BOSS","M","?","$","M","M","R","E","R","T","R","M","E","R","M","R","BOSS","M","?","?","$","M","R","M","R","T","?","M","M","M","M","R","BOSS"],"build_version":"2019-10-25-V3","purchased_purges":2,"victory":false,"max_hp_per_floor":[71,71,71,71,71,71,71,71,81,81,81,81,81,81,81,81,81,81,81,81,81,81,81,81,81,81,81,81,81,81,81,81,81,81,81,81,81,81,81,81,81,81,81,81,81,81,81,81,81,81],"card_choices":[{"not_picked":["Steam","Gash"],"picked":"Chill","floor":1.0},{"not_picked":["Conserve Battery","Scrape"],"picked":"Lockon","floor":2.0},{"not_picked":["Rebound","Go for the Eyes"],"picked":"Ball Lightning","floor":3.0},{"not_picked":["Scrape","Hologram"],"picked":"Ball Lightning","floor":4.0},{"not_picked":["Storm","Sweeping Beam"],"picked":"Coolheaded","floor":7.0},{"not_picked":["Leap","Ball Lightning"],"picked":"Fission","floor":10.0},{"not_picked":["Recycle","Chill","Gash"],"picked":"SKIP","floor":12.0},{"not_picked":["Compile Driver","Redo"],"picked":"Conserve Battery","floor":13.0},{"not_picked":["Compile Driver","BootSequence","Reprogram"],"picked":"SKIP","floor":14.0},{"not_picked":["Electrodynamics","Multi-Cast"],"picked":"Core Surge","floor":16.0},{"not_picked":["Stack","Gash"],"picked":"Defragment","floor":18.0},{"not_picked":["Compile Driver","Ball Lightning"],"picked":"Loop","floor":21.0},{"not_picked":["Redo","Leap","Auto Shields"],"picked":"SKIP","floor":22.0},{"not_picked":["Sweeping Beam","Cold Snap"],"picked":"Reboot","floor":24.0},{"not_picked":["Leap","Redo","Stack"],"picked":"SKIP","floor":28.0},{"not_picked":["Stack","Amplify"],"picked":"Loop","floor":29.0},{"not_picked":["Barrage","Ball Lightning+1","Blizzard"],"picked":"SKIP","floor":31.0},{"not_picked":["Multi-Cast","Buffer"],"picked":"Biased Cognition","floor":33.0},{"not_picked":["Reinforced Body+1","Hologram","Genetic Algorithm"],"picked":"SKIP","floor":35.0},{"not_picked":["Leap+1","Gash","Rip and Tear"],"picked":"SKIP","floor":39.0},{"not_picked":["Rebound","Hologram","Storm"],"picked":"SKIP","floor":41.0},{"not_picked":["Force Field+1","Ball Lightning","Stack"],"picked":"SKIP","floor":45.0},{"not_picked":["Stack","Turbo+1","Ball Lightning"],"picked":"SKIP","floor":46.0},{"not_picked":["Consume","Lockon+1","Double Energy"],"picked":"SKIP","floor":47.0},{"not_picked":["Barrage+1","Genetic Algorithm","Echo Form"],"picked":"SKIP","floor":48.0}],"player_experience":554918,"relics_obtained":[{"floor":7.0,"key":"Blue Candle"},{"floor":9.0,"key":"Pear"},{"floor":10.0,"key":"Dream Catcher"},{"floor":26.0,"key":"Juzu Bracelet"},{"floor":29.0,"key":"Blood Vial"}],"event_choices":[{"damage_healed":0.0,"max_hp_gain":0.0,"max_hp_loss":0.0,"gold_gain":30.0,"event_name":"Dead Adventurer","player_choice":"Searched \u00273\u0027 times","floor":8.0,"gold_loss":0.0,"damage_taken":0.0,"relics_obtained":["HornCleat"]},{"damage_healed":0.0,"max_hp_gain":0.0,"max_hp_loss":0.0,"gold_gain":0.0,"event_name":"Vampires","player_choice":"Ignored","floor":19.0,"gold_loss":0.0,"damage_taken":0.0},{"damage_healed":0.0,"max_hp_gain":0.0,"max_hp_loss":0.0,"gold_gain":0.0,"event_name":"Winding Halls","player_choice":"Embrace Madness","floor":36.0,"gold_loss":0.0,"damage_taken":15.0,"cards_obtained":["Madness","Madness"]},{"damage_healed":0.0,"max_hp_gain":0.0,"max_hp_loss":0.0,"gold_gain":0.0,"event_name":"Tomb of Lord Red Mask","player_choice":"Ignored","floor":37.0,"gold_loss":0.0,"damage_taken":0.0}],"is_beta":true,"boss_relics":[{"not_picked":["Sozu","Fusion Hammer"],"picked":"Nuclear Battery"},{"not_picked":["Calling Bell","Pandora\u0027s Box"],"picked":"Cursed Key"}],"items_purged_floors":[20,38],"is_endless":false,"potions_floor_spawned":[1,8,10,12,18,21,24,31,35,46,47,48],"killed_by":"Awakened One","ascension_level":15}