{"gold_per_floor":[111,124,124,142,156,156,174,191,191,191,218,218,231,241,241,313,313,331,6,6,6,20,45,45,72,72,72],"floor_reached":27,"playtime":1166,"items_purged":[],"score":510,"play_id":"b6c3e995-6d5c-4ec2-87f6-f337dff694bf","local_time":"20190828190936","is_ascension_mode":true,"campfire_choices":[{"data":"Coolheaded","floor":6,"key":"SMITH"},{"floor":10,"key":"REST"},{"floor":15,"key":"REST"},{"floor":24,"key":"REST"}],"neow_cost":"NONE","seed_source_timestamp":1240947122251900,"circlet_count":0,"master_deck":["AscendersBane","Strike_B","Strike_B","Strike_B","Defend_B","Defend_B","Defend_B","Defend_B","Zap+1","Dualcast","Compile Driver","Coolheaded+1","Conserve Battery","Gash","Defragment","Echo Form","Gash","Biased Cognition","Coolheaded+1","Core Surge","White Noise+1","Hologram+1","Electrodynamics","Finesse+1","Ghostly+1","Ghostly+1","Ghostly+1","Recycle+1","Self Repair"],"relics":["Cracked Core","Regal Pillow","Toxic Egg 2","Runic Pyramid","DataDisk","Gremlin Horn","Omamori","Turnip"],"potions_floor_usage":[11,12,13],"damage_taken":[{"damage":15,"enemies":"Small Slimes","floor":1,"turns":3},{"damage":0,"enemies":"Cultist","floor":2,"turns":2},{"damage":5,"enemies":"Jaw Worm","floor":4,"turns":3},{"damage":0,"enemies":"2 Fungi Beasts","floor":5,"turns":3},{"damage":0,"enemies":"Red Slaver","floor":7,"turns":4},{"damage":14,"enemies":"Large Slime","floor":8,"turns":5},{"damage":42,"enemies":"3 Sentries","floor":11,"turns":10},{"damage":10,"enemies":"Lots of Slimes","floor":13,"turns":5},{"damage":3,"enemies":"Blue Slaver","floor":14,"turns":3},{"damage":20,"enemies":"The Guardian","floor":16,"turns":12},{"damage":4,"enemies":"Spheric Guardian","floor":18,"turns":6},{"damage":0,"enemies":"Chosen","floor":22,"turns":5},{"damage":25,"enemies":"Slavers","floor":23,"turns":5},{"damage":15,"enemies":"Book of Stabbing","floor":25,"turns":6},{"damage":34,"enemies":"Slavers","floor":27,"turns":1}],"seed_played":"624548405143696496","potions_obtained":[{"floor":5,"key":"Explosive Potion"},{"floor":7,"key":"Strength Potion"},{"floor":11,"key":"Swift Potion"},{"floor":12,"key":"Fruit Juice"},{"floor":12,"key":"SkillPotion"},{"floor":14,"key":"GamblersBrew"},{"floor":16,"key":"FocusPotion"}],"is_trial":false,"path_per_floor":["M","M","?","M","M","R","M","M","T","R","E","?","M","M","R","B",null,"M","$","?","?","M","E","R","E","T","E"],"character_chosen":"DEFECT","items_purchased":["Hologram+1","Electrodynamics","Finesse+1"],"campfire_rested":3,"item_purchase_floors":[19,19,19],"current_hp_per_floor":[49,49,49,44,44,44,44,30,30,66,24,29,19,16,53,33,65,61,61,38,38,38,13,38,23,23,0],"gold":72,"neow_bonus":"UPGRADE_CARD","is_prod":false,"is_daily":false,"chose_seed":false,"campfire_upgraded":1,"win_rate":0,"timestamp":1567044576,"path_taken":["M","M","?","?","M","R","M","M","T","R","E","?","?","M","R","BOSS","M","$","?","?","M","E","R","E","T","E"],"build_version":"2019-07-17","purchased_purges":0,"victory":false,"max_hp_per_floor":[71,71,71,71,71,71,71,71,71,71,71,76,76,76,76,76,76,76,76,38,38,38,38,38,38,38,38],"card_choices":[{"not_picked":["Beam Cell","Barrage"],"picked":"Compile Driver","floor":1},{"not_picked":["Heatsinks","Reprogram"],"picked":"Coolheaded","floor":2},{"not_picked":["Auto Shields","Stack"],"picked":"Conserve Battery","floor":4},{"not_picked":["Stack","Chill"],"picked":"Gash","floor":5},{"not_picked":["Hologram","Stack"],"picked":"Defragment","floor":7},{"not_picked":["Coolheaded","Go for the Eyes"],"picked":"Echo Form","floor":8},{"not_picked":["Redo","Storm"],"picked":"Gash","floor":11},{"not_picked":["Cold Snap","Barrage"],"picked":"Biased Cognition","floor":13},{"not_picked":["Compile Driver","Redo+1"],"picked":"Coolheaded+1","floor":14},{"not_picked":["Reboot+1","Biased Cognition"],"picked":"Core Surge","floor":16},{"not_picked":["Go for the Eyes","Barrage"],"picked":"White Noise+1","floor":18},{"not_picked":["Melter","Rip and Tear","Darkness+1"],"picked":"SKIP","floor":22},{"not_picked":["Ball Lightning","Darkness+1"],"picked":"Recycle+1","floor":23},{"not_picked":["Loop","Cold Snap"],"picked":"Self Repair","floor":25}],"player_experience":753784,"relics_obtained":[{"floor":9,"key":"Regal Pillow"},{"floor":11,"key":"Toxic Egg 2"},{"floor":23,"key":"Gremlin Horn"},{"floor":25,"key":"Omamori"},{"floor":26,"key":"Turnip"}],"event_choices":[{"cards_removed":["Strike_B"],"damage_healed":0,"gold_gain":0,"player_choice":"Offered Basic","damage_taken":0,"max_hp_gain":0,"max_hp_loss":0,"event_name":"Bonfire Elementals","floor":3,"gold_loss":0},{"damage_healed":0,"gold_gain":0,"player_choice":"Got Potions","damage_taken":0,"max_hp_gain":0,"max_hp_loss":0,"event_name":"Lab","floor":12,"gold_loss":0},{"damage_healed":0,"gold_gain":0,"player_choice":"Became a Ghost","damage_taken":0,"max_hp_gain":0,"max_hp_loss":38,"event_name":"Ghosts","floor":20,"gold_loss":0,"cards_obtained":["Ghostly","Ghostly","Ghostly"]},{"damage_healed":0,"gold_gain":0,"player_choice":"Gave Potion","damage_taken":0,"relics_obtained":["DataDisk"],"max_hp_gain":0,"max_hp_loss":0,"event_name":"WeMeetAgain","floor":21,"gold_loss":0}],"is_beta":false,"boss_relics":[{"not_picked":["Orrery","FrozenCore"],"picked":"Runic Pyramid"}],"items_purged_floors":[],"is_endless":false,"potions_floor_spawned":[5,7,11,14,16,18],"killed_by":"Slavers","ascension_level":20}