{"gold_per_floor":[115,126,138,288,288,314,328,328,383,383,104,104,115,144,144,218,218,234,149,149,163,36,36,48,48,75,75,102,102,102,102],"floor_reached":31,"playtime":1075,"items_purged":["Doubt"],"score":496,"play_id":"090015fc-9abf-4218-9f29-04643596cac3","local_time":"20190601151515","is_ascension_mode":true,"campfire_choices":[{"floor":8,"key":"REST"},{"data":"Core Surge","floor":10,"key":"SMITH"},{"data":"Conserve Battery","floor":12,"key":"SMITH"},{"floor":15,"key":"REST"},{"floor":23,"key":"REST"},{"floor":29,"key":"REST"}],"neow_cost":"NONE","seed_source_timestamp":1492506421027950,"circlet_count":0,"master_deck":["AscendersBane","Zap","Dualcast","Ball Lightning","Conserve Battery+1","Ball Lightning","Core Surge+1","Cold Snap","Fission","Darkness","Capacitor","Heatsinks","Biased Cognition","Multi-Cast","Beam Cell","Glacier","Conserve Battery","Cold Snap","White Noise"],"relics":["Cracked Core","Regal Pillow","NlothsMask","Gremlin Horn","OrangePellets","Oddly Smooth Stone","Pandora\u0027s Box","Anchor","DataDisk","Matryoshka"],"potions_floor_usage":[6,14,16,16,28,31],"damage_taken":[{"damage":7,"enemies":"Jaw Worm","floor":1,"turns":4},{"damage":9,"enemies":"2 Louse","floor":2,"turns":3},{"damage":1,"enemies":"Cultist","floor":3,"turns":3},{"damage":33,"enemies":"3 Sentries","floor":6,"turns":6},{"damage":8,"enemies":"Blue Slaver","floor":7,"turns":2},{"damage":15,"enemies":"Gremlin Gang","floor":13,"turns":4},{"damage":26,"enemies":"Gremlin Nob","floor":14,"turns":4},{"damage":19,"enemies":"The Guardian","floor":16,"turns":11},{"damage":34,"enemies":"Shell Parasite","floor":18,"turns":7},{"damage":10,"enemies":"3 Byrds","floor":21,"turns":4},{"damage":4,"enemies":"Centurion and Healer","floor":24,"turns":7},{"damage":43,"enemies":"Slavers","floor":28,"turns":4},{"damage":24,"enemies":"Book of Stabbing","floor":31,"turns":5}],"seed_played":"-4670258416059834812","potions_obtained":[{"floor":1,"key":"Poison Potion"},{"floor":2,"key":"LiquidBronze"},{"floor":14,"key":"FearPotion"},{"floor":21,"key":"Regen Potion"},{"floor":24,"key":"Swift Potion"}],"is_trial":false,"path_per_floor":["M","M","M","?","?","E","M","R","T","R","$","R","M","E","R","B",null,"M","?","?","M","$","R","M","$","T","?","E","R","?","E"],"character_chosen":"DEFECT","items_purchased":["OrangePellets","Strength Potion","Cold Snap"],"campfire_rested":4,"item_purchase_floors":[11,11,22],"current_hp_per_floor":[57,48,47,47,47,14,6,42,42,42,42,42,27,1,37,18,58,24,24,14,4,4,40,36,36,36,36,5,41,21,0],"gold":102,"neow_bonus":"RANDOM_COMMON_RELIC","is_prod":false,"is_daily":false,"chose_seed":false,"campfire_upgraded":2,"win_rate":0,"timestamp":1559427315,"path_taken":["M","M","M","?","?","E","M","R","T","R","$","R","M","E","R","BOSS","M","?","?","?","$","R","M","?","T","?","E","R","?","E"],"build_version":"2019-01-23","purchased_purges":1,"victory":false,"max_hp_per_floor":[71,71,71,71,71,71,71,71,71,71,71,71,71,71,71,71,71,71,71,71,71,71,71,71,71,71,71,71,71,76,76],"card_choices":[{"not_picked":["Gash","Leap"],"picked":"Ball Lightning","floor":1},{"not_picked":["Barrage","Steam Power"],"picked":"Conserve Battery","floor":2},{"not_picked":["Gash","Hologram"],"picked":"Ball Lightning","floor":3},{"not_picked":["Streamline","Steam"],"picked":"Core Surge","floor":6},{"not_picked":["Gash","Beam Cell","Redo"],"picked":"SKIP","floor":7},{"not_picked":["Streamline","Gash"],"picked":"Cold Snap","floor":13},{"not_picked":["Ball Lightning","Skim","Barrage"],"picked":"SKIP","floor":14},{"not_picked":["Hyperbeam","Thunder Strike"],"picked":"Fission","floor":16},{"not_picked":["Blizzard","Recycle"],"picked":"Conserve Battery","floor":18},{"not_picked":["Chaos","Gash","Steam Power"],"picked":"SKIP","floor":21},{"not_picked":["Reinforced Body","Streamline","Stack"],"picked":"SKIP","floor":24},{"not_picked":["Beam Cell","Chaos+1"],"picked":"White Noise","floor":28}],"player_experience":565856,"relics_obtained":[{"floor":6,"key":"Gremlin Horn"},{"floor":14,"key":"Oddly Smooth Stone"},{"floor":26,"key":"DataDisk"},{"floor":28,"key":"Matryoshka"}],"event_choices":[{"damage_healed":0,"gold_gain":150,"player_choice":"AGREE","damage_taken":0,"max_hp_gain":0,"max_hp_loss":0,"event_name":"Liars Game","floor":4,"gold_loss":0,"cards_obtained":["Doubt"]},{"damage_healed":0,"gold_gain":0,"player_choice":"Trade","damage_taken":0,"relics_obtained":["NlothsMask"],"max_hp_gain":0,"max_hp_loss":0,"event_name":"FaceTrader","floor":5,"gold_loss":0},{"damage_healed":0,"gold_gain":0,"player_choice":"Obtained Relic","damage_taken":0,"relics_obtained":["Anchor"],"max_hp_gain":0,"max_hp_loss":0,"event_name":"Addict","floor":19,"gold_loss":85},{"damage_healed":0,"gold_gain":0,"player_choice":"Damaged","damage_taken":10,"max_hp_gain":0,"max_hp_loss":0,"event_name":"Wheel of Change","floor":20,"gold_loss":0},{"cards_removed":["Consume"],"damage_healed":0,"gold_gain":0,"player_choice":"Elegance","damage_taken":0,"max_hp_gain":0,"max_hp_loss":0,"event_name":"Back to Basics","floor":27,"gold_loss":0},{"damage_healed":0,"gold_gain":0,"player_choice":"Shed Blood","damage_taken":25,"max_hp_gain":5,"max_hp_loss":0,"event_name":"Forgotten Altar","floor":30,"gold_loss":0}],"is_beta":false,"boss_relics":[{"not_picked":["Tiny House","Coffee Dripper"],"picked":"Pandora\u0027s Box"}],"items_purged_floors":[22],"is_endless":false,"potions_floor_spawned":[1,2,13,14,21,24],"killed_by":"Book of Stabbing","ascension_level":18}