{"gold_per_floor":[119,130,55,55,72,72,103,121,171,171,200,200,220,235,235,235],"floor_reached":16,"playtime":433,"items_purged":[],"score":224,"play_id":"873bd2d0-6930-4a73-acd6-cbb34afb30cd","local_time":"20191015102419","is_ascension_mode":true,"campfire_choices":[{"data":"Sunder","floor":6,"key":"SMITH"},{"data":"Defragment","floor":10,"key":"SMITH"},{"floor":12,"key":"REST"},{"data":"Zap","floor":15,"key":"SMITH"}],"neow_cost":"NONE","seed_source_timestamp":236335829078200,"circlet_count":0,"master_deck":["AscendersBane","Strike_B","Strike_B","Strike_B","Defend_B","Defend_B","Defend_B","Defend_B","Zap+1","Dualcast","Sunder+1","Defragment+1","Doom and Gloom","Leap","Coolheaded","All For One","Glacier"],"relics":["Cracked Core","NeowsBlessing","Matryoshka","Lantern","Vajra","Gremlin Horn"],"potions_floor_usage":[11,11],"damage_taken":[{"damage":0,"enemies":"Small Slimes","floor":1,"turns":1},{"damage":0,"enemies":"Jaw Worm","floor":2,"turns":1},{"damage":0,"enemies":"2 Louse","floor":5,"turns":1},{"damage":15,"enemies":"3 Sentries","floor":7,"turns":5},{"damage":6,"enemies":"Lots of Slimes","floor":8,"turns":2},{"damage":31,"enemies":"Gremlin Nob","floor":11,"turns":4},{"damage":8,"enemies":"Blue Slaver","floor":13,"turns":3},{"damage":10,"enemies":"Looter","floor":14,"turns":4},{"damage":21,"enemies":"Hexaghost","floor":16,"turns":9}],"seed_played":"-4922716526146936415","potions_obtained":[{"floor":5,"key":"PowerPotion"},{"floor":7,"key":"Ancient Potion"},{"floor":8,"key":"FearPotion"},{"floor":14,"key":"Ancient Potion"}],"is_trial":false,"path_per_floor":["M","M","?","?","M","R","E","M","T","R","E","R","M","M","R","B"],"character_chosen":"DEFECT","items_purchased":[],"campfire_rested":1,"item_purchase_floors":[],"current_hp_per_floor":[64,64,64,69,69,69,54,48,48,48,17,39,31,21,21,0],"gold":235,"neow_bonus":"THREE_ENEMY_KILL","is_prod":false,"is_daily":false,"chose_seed":false,"campfire_upgraded":3,"win_rate":0,"timestamp":1571160259,"path_taken":["M","M","?","?","?","R","E","M","T","R","E","R","M","M","R","BOSS"],"build_version":"2019-07-17","purchased_purges":0,"victory":false,"max_hp_per_floor":[71,71,71,76,76,76,76,76,76,76,76,76,76,76,76,76],"card_choices":[{"not_picked":["Sweeping Beam","Scrape"],"picked":"Sunder","floor":1},{"not_picked":["Ball Lightning","Leap"],"picked":"Defragment","floor":2},{"not_picked":["Barrage","Skim"],"picked":"Doom and Gloom","floor":5},{"not_picked":["Redo","Stack"],"picked":"Leap","floor":7},{"not_picked":["Redo","Double Energy"],"picked":"Coolheaded","floor":8},{"not_picked":["Rip and Tear","Steam","Consume"],"picked":"SKIP","floor":11},{"not_picked":["Tempest","Go for the Eyes"],"picked":"All For One","floor":13},{"not_picked":["FTL","Stack"],"picked":"Glacier","floor":14}],"player_experience":855691,"relics_obtained":[{"floor":7,"key":"Matryoshka"},{"floor":9,"key":"Lantern"},{"floor":9,"key":"Vajra"},{"floor":11,"key":"Gremlin Horn"}],"event_choices":[{"cards_removed":["Strike_B"],"damage_healed":0,"gold_gain":0,"player_choice":"Card Removal","damage_taken":0,"max_hp_gain":0,"max_hp_loss":0,"event_name":"The Cleric","floor":3,"gold_loss":75},{"damage_healed":0,"gold_gain":0,"player_choice":"Donut","damage_taken":0,"max_hp_gain":5,"max_hp_loss":0,"event_name":"Big Fish","floor":4,"gold_loss":0}],"is_beta":false,"boss_relics":[],"items_purged_floors":[],"is_endless":false,"potions_floor_spawned":[5,7,8,14],"killed_by":"Hexaghost","ascension_level":20}