{"gold_per_floor":[117,131,131,102,102,140,24,24,24,24,24,39,39],"floor_reached":13,"playtime":150,"items_purged":[],"score":212,"play_id":"8d502392-710d-4a6f-a5cc-cc44b9d0ee23","local_time":"20191023194541","is_ascension_mode":true,"campfire_choices":[{"data":"Sweeping Beam","floor":8,"key":"SMITH"},{"floor":11,"key":"REST"}],"neow_cost":"NONE","seed_source_timestamp":961531392379000,"circlet_count":0,"master_deck":["AscendersBane","Strike_B","Strike_B+1","Strike_B","Defend_B","Defend_B","Defend_B","Defend_B","Zap","Dualcast+1","Sweeping Beam+1","Gash","Conserve Battery","Loop","Gash","Leap","Conserve Battery"],"relics":["Cracked Core","NeowsBlessing","Golden Idol","Lantern","Regal Pillow"],"potions_floor_usage":[],"damage_taken":[{"damage":0,"enemies":"Cultist","floor":1,"turns":1},{"damage":0,"enemies":"Jaw Worm","floor":2,"turns":1},{"damage":0,"enemies":"3 Sentries","floor":6,"turns":1},{"damage":3,"enemies":"Small Slimes","floor":12,"turns":3},{"damage":64,"enemies":"Gremlin Nob","floor":13,"turns":4}],"seed_played":"-5437547677495677886","potions_obtained":[{"floor":1,"key":"LiquidBronze"},{"floor":2,"key":"LiquidBronze"}],"is_trial":false,"path_per_floor":["M","M","?","$","?","E","$","R","T","?","R","M","E"],"character_chosen":"DEFECT","items_purchased":["Conserve Battery","Gash","Leap"],"campfire_rested":1,"item_purchase_floors":[4,7,7],"current_hp_per_floor":[64,64,40,40,19,19,19,19,19,12,48,45,0],"gold":39,"neow_bonus":"THREE_ENEMY_KILL","is_prod":false,"is_daily":false,"chose_seed":false,"campfire_upgraded":1,"win_rate":0,"timestamp":1571885141,"path_taken":["M","?","?","$","?","E","$","R","T","?","R","M","E"],"build_version":"2019-07-17","purchased_purges":0,"victory":false,"max_hp_per_floor":[71,71,71,71,71,71,71,71,71,71,71,71,71],"card_choices":[{"not_picked":["Lockon","Gash"],"picked":"Sweeping Beam","floor":1},{"not_picked":["Turbo","Go for the Eyes"],"picked":"Gash","floor":2},{"not_picked":["Streamline","Skim"],"picked":"Loop","floor":6},{"not_picked":["Darkness","Reprogram"],"picked":"Conserve Battery","floor":12}],"player_experience":890733,"relics_obtained":[{"floor":6,"key":"Lantern"},{"floor":9,"key":"Regal Pillow"}],"event_choices":[{"damage_healed":0,"gold_gain":0,"player_choice":"Take Damage","damage_taken":24,"relics_obtained":["Golden Idol"],"max_hp_gain":0,"max_hp_loss":0,"event_name":"Golden Idol","floor":3,"gold_loss":0},{"damage_healed":0,"gold_gain":0,"player_choice":"Entered Light","damage_taken":21,"max_hp_gain":0,"max_hp_loss":0,"event_name":"Shining Light","floor":5,"gold_loss":0,"cards_upgraded":["Strike_B","Dualcast"]},{"cards_removed":["Strike_B"],"damage_healed":0,"gold_gain":0,"player_choice":"Card Removal","damage_taken":7,"max_hp_gain":0,"max_hp_loss":0,"event_name":"Golden Wing","floor":10,"gold_loss":0}],"is_beta":false,"boss_relics":[],"items_purged_floors":[],"is_endless":false,"potions_floor_spawned":[1,2],"killed_by":"Gremlin Nob","ascension_level":20}