{"gold_per_floor":[118,136,286,286,300,300,317,348,375,394,394,394,425,425,425,425],"floor_reached":16,"playtime":477,"items_purged":[],"score":224,"play_id":"e8651042-da2d-4a02-8397-dd7e64daf0ef","local_time":"20191013144530","is_ascension_mode":true,"campfire_choices":[{"data":"Dualcast","floor":6,"key":"SMITH"},{"floor":12,"key":"REST"},{"floor":15,"key":"REST"}],"neow_cost":"NONE","seed_source_timestamp":79161424362800,"circlet_count":0,"master_deck":["AscendersBane","Strike_B+1","Strike_B+1","Strike_B","Strike_B","Defend_B","Defend_B+1","Defend_B","Defend_B","Zap+1","Dualcast+1","Cold Snap+1","Auto Shields+1","Doubt","Conserve Battery","Cold Snap","Capacitor","Coolheaded"],"relics":["Cracked Core","Happy Flower","Centennial Puzzle","Whetstone"],"potions_floor_usage":[8,13,14],"damage_taken":[{"damage":1,"enemies":"Cultist","floor":1,"turns":3},{"damage":0,"enemies":"2 Louse","floor":2,"turns":2},{"damage":2,"enemies":"Small Slimes","floor":5,"turns":3},{"damage":0,"enemies":"Looter","floor":7,"turns":3},{"damage":21,"enemies":"Lagavulin","floor":8,"turns":9},{"damage":0,"enemies":"Exordium Wildlife","floor":10,"turns":3},{"damage":23,"enemies":"Gremlin Nob","floor":13,"turns":4},{"damage":0,"enemies":"3 Louse","floor":14,"turns":1},{"damage":41,"enemies":"Hexaghost","floor":16,"turns":9}],"seed_played":"-4868673894533739627","potions_obtained":[{"floor":1,"key":"SkillPotion"},{"floor":7,"key":"SmokeBomb"},{"floor":10,"key":"SteroidPotion"},{"floor":13,"key":"SteroidPotion"}],"is_trial":false,"path_per_floor":["M","M","?","?","M","R","M","E","T","M","?","R","E","M","R","B"],"character_chosen":"DEFECT","items_purchased":[],"campfire_rested":2,"item_purchase_floors":[],"current_hp_per_floor":[63,63,63,63,61,61,61,40,40,40,19,40,17,17,38,0],"gold":425,"neow_bonus":"UPGRADE_CARD","is_prod":false,"is_daily":false,"chose_seed":false,"campfire_upgraded":1,"win_rate":0,"timestamp":1571003130,"path_taken":["M","?","?","?","M","R","?","E","T","M","?","R","E","M","R","BOSS"],"build_version":"2019-07-17","purchased_purges":0,"victory":false,"max_hp_per_floor":[71,71,71,71,71,71,71,71,71,71,71,71,71,71,71,71],"card_choices":[{"not_picked":["Rip and Tear","Barrage"],"picked":"Cold Snap","floor":1},{"not_picked":["Force Field","Redo"],"picked":"Auto Shields","floor":2},{"not_picked":["Chill","Stack"],"picked":"Conserve Battery","floor":5},{"not_picked":["Stack","Storm"],"picked":"Cold Snap","floor":7},{"not_picked":["Auto Shields","Tempest","Reprogram"],"picked":"SKIP","floor":8},{"not_picked":["Force Field","Coolheaded"],"picked":"Capacitor","floor":10},{"not_picked":["Beam Cell","Cold Snap"],"picked":"Coolheaded","floor":13}],"player_experience":851447,"relics_obtained":[{"floor":8,"key":"Happy Flower"},{"floor":9,"key":"Centennial Puzzle"},{"floor":13,"key":"Whetstone"}],"event_choices":[{"damage_healed":0,"gold_gain":150,"player_choice":"AGREE","damage_taken":0,"max_hp_gain":0,"max_hp_loss":0,"event_name":"Liars Game","floor":3,"gold_loss":0,"cards_obtained":["Doubt"]},{"damage_healed":0,"gold_gain":0,"player_choice":"Upgraded","damage_taken":0,"max_hp_gain":0,"max_hp_loss":0,"event_name":"Upgrade Shrine","floor":4,"gold_loss":0,"cards_upgraded":["Auto Shields"]},{"damage_healed":0,"gold_gain":0,"player_choice":"Entered Light","damage_taken":21,"max_hp_gain":0,"max_hp_loss":0,"event_name":"Shining Light","floor":11,"gold_loss":0,"cards_upgraded":["Cold Snap","Defend_B"]}],"is_beta":false,"boss_relics":[],"items_purged_floors":[],"is_endless":false,"potions_floor_spawned":[1,7,10,13],"killed_by":"Hexaghost","ascension_level":20}