{"gold_per_floor":[117,89,89,15,33,33,68,68,117,156,318,343,396,408],"floor_reached":14,"playtime":278,"items_purged":[],"score":262,"play_id":"5834d4c6-586c-4e40-89f7-d62bfedea7eb","local_time":"20190827112959","is_ascension_mode":true,"campfire_choices":[{"data":"Defragment","floor":6,"key":"SMITH"},{"data":"Go for the Eyes","floor":8,"key":"SMITH"}],"neow_cost":"NONE","seed_source_timestamp":1127859300210300,"circlet_count":0,"master_deck":["AscendersBane","Strike_B","Strike_B","Strike_B","Strike_B","Defend_B","Defend_B","Defend_B","Defend_B","Zap","Dualcast","Glacier","Gash","Defragment+1","Go for the Eyes+1","Doubt","Rainbow"],"relics":["Cracked Core","NeowsBlessing","Golden Idol","DataDisk","Potion Belt","MawBank","Bronze Scales"],"potions_floor_usage":[13,13,14],"damage_taken":[{"damage":0,"enemies":"Small Slimes","floor":1,"turns":1},{"damage":0,"enemies":"2 Louse","floor":5,"turns":1},{"damage":0,"enemies":"Gremlin Nob","floor":7,"turns":1},{"damage":5,"enemies":"Lagavulin","floor":10,"turns":7},{"damage":9,"enemies":"Jaw Worm","floor":12,"turns":2},{"damage":20,"enemies":"Gremlin Nob","floor":13,"turns":7},{"damage":7,"enemies":"3 Louse","floor":14,"turns":2}],"seed_played":"2657154379785471086","potions_obtained":[{"floor":1,"key":"Energy Potion"},{"floor":10,"key":"Swift Potion"},{"floor":12,"key":"EssenceOfSteel"}],"is_trial":false,"path_per_floor":["M","$","?","$","M","R","E","R","T","E","?","M","E","M"],"character_chosen":"DEFECT","items_purchased":["Gash","Defragment"],"campfire_rested":0,"item_purchase_floors":[2,4],"current_hp_per_floor":[64,64,40,40,40,40,40,40,40,35,35,26,6,0],"gold":408,"neow_bonus":"THREE_ENEMY_KILL","is_prod":false,"is_daily":false,"chose_seed":false,"campfire_upgraded":2,"win_rate":0,"timestamp":1566930599,"path_taken":["M","$","?","$","M","R","E","R","T","E","?","M","E","M"],"build_version":"2019-07-17","purchased_purges":0,"victory":false,"max_hp_per_floor":[71,71,71,71,71,71,71,71,71,71,71,71,71,71],"card_choices":[{"not_picked":["Scrape","Recycle"],"picked":"Glacier","floor":1},{"not_picked":["Coolheaded","Compile Driver"],"picked":"Go for the Eyes","floor":5},{"not_picked":["Fusion","Steam","Stack"],"picked":"SKIP","floor":7},{"not_picked":["Double Energy","Go for the Eyes","Beam Cell"],"picked":"SKIP","floor":10},{"not_picked":["Redo","Scrape","Go for the Eyes"],"picked":"SKIP","floor":12},{"not_picked":["Aggregate","Skim"],"picked":"Rainbow","floor":13}],"player_experience":752066,"relics_obtained":[{"floor":7,"key":"DataDisk"},{"floor":9,"key":"Potion Belt"},{"floor":10,"key":"MawBank"},{"floor":13,"key":"Bronze Scales"}],"event_choices":[{"damage_healed":0,"gold_gain":0,"player_choice":"Take Damage","damage_taken":24,"relics_obtained":["Golden Idol"],"max_hp_gain":0,"max_hp_loss":0,"event_name":"Golden Idol","floor":3,"gold_loss":0},{"damage_healed":0,"gold_gain":150,"player_choice":"AGREE","damage_taken":0,"max_hp_gain":0,"max_hp_loss":0,"event_name":"Liars Game","floor":11,"gold_loss":0,"cards_obtained":["Doubt"]}],"is_beta":false,"boss_relics":[],"items_purged_floors":[],"is_endless":false,"potions_floor_spawned":[1,10,12],"killed_by":"3 Louse","ascension_level":20}