{"gold_per_floor":[117,132,143,161,171,171,191,218,218,249,275,287,66,100,112,198,210,233,160,172,184,167,179,222,234,269,316,328,356,380,392,404,493,505,528,554,585,613,625,671,695,707,797,809,848,860,872,114,114,114,114,114,30,65,65],"floor_reached":56,"playtime":5590,"items_purged":["Writhe"],"score":1992,"play_id":"172140ff-9e9b-4826-91b8-536a6e6299fa","local_time":"20190514194149","is_ascension_mode":true,"campfire_choices":[{"data":"Biased Cognition","floor":6.0,"key":"SMITH"},{"data":"Loop","floor":15.0,"key":"SMITH"},{"data":"Consume","floor":23.0,"key":"SMITH"},{"data":"Creative AI","floor":25.0,"key":"SMITH"},{"data":"Loop","floor":32.0,"key":"SMITH"},{"floor":42,"key":"RECALL"},{"data":"Buffer","floor":44,"key":"SMITH"},{"data":"Coolheaded","floor":49,"key":"SMITH"},{"data":"Blizzard","floor":52,"key":"SMITH"}],"neow_cost":"NONE","seed_source_timestamp":0,"circlet_count":0,"master_deck":["AscendersBane","Strike_B","Strike_B","Strike_B","Strike_B","Defend_B","Defend_B","Defend_B","Defend_B","Zap+1","Dualcast","Glacier+1","Self Repair","Biased Cognition+1","Sweeping Beam","Chill+1","Loop+1","Cold Snap","Loop+1","Conserve Battery","Blizzard+1","Creative AI+1","Consume+1","Self Repair","Aggregate+1","Buffer+1","Defragment+1","Defragment+1","Reinforced Body","Madness","Madness","Double Energy","Coolheaded+1","Glacier","Creative AI"],"special_seed":0,"relics":["Cracked Core","Odd Mushroom","Regal Pillow","Meat on the Bone","Question Card","Runic Capacitor","MawBank","Nuclear Battery","Juzu Bracelet","PreservedInsect","War Paint","Anchor","Cursed Key","Incense Burner","Bottled Lightning","Potion Belt","OrangePellets","Thread and Needle","Oddly Smooth Stone"],"potions_floor_usage":[45,55,55,55],"damage_taken":[{"damage":6.0,"enemies":"Cultist","floor":1.0,"turns":3.0},{"damage":0.0,"enemies":"2 Louse","floor":2.0,"turns":3.0},{"damage":7.0,"enemies":"Jaw Worm","floor":3.0,"turns":4.0},{"damage":7.0,"enemies":"Looter","floor":4.0,"turns":3.0},{"damage":14.0,"enemies":"Exordium Wildlife","floor":5.0,"turns":2.0},{"damage":0.0,"enemies":"The Mushroom Lair","floor":7.0,"turns":4.0},{"damage":6.0,"enemies":"3 Sentries","floor":8.0,"turns":10.0},{"damage":11.0,"enemies":"Lagavulin","floor":10.0,"turns":9.0},{"damage":10.0,"enemies":"Exordium Thugs","floor":12.0,"turns":4.0},{"damage":4.0,"enemies":"Gremlin Nob","floor":14.0,"turns":5.0},{"damage":20.0,"enemies":"The Guardian","floor":16.0,"turns":17.0},{"damage":22.0,"enemies":"Shell Parasite","floor":18.0,"turns":9.0},{"damage":13.0,"enemies":"2 Thieves","floor":22.0,"turns":5.0},{"damage":31.0,"enemies":"Slavers","floor":24.0,"turns":8.0},{"damage":22.0,"enemies":"Gremlin Leader","floor":27.0,"turns":10.0},{"damage":9.0,"enemies":"Snecko","floor":29.0,"turns":25.0},{"damage":19.0,"enemies":"Snake Plant","floor":30.0,"turns":11.0},{"damage":26,"enemies":"Automaton","floor":33,"turns":19},{"damage":0,"enemies":"3 Shapes","floor":35,"turns":9},{"damage":40,"enemies":"3 Darklings","floor":36,"turns":29},{"damage":7,"enemies":"Jaw Worm Horde","floor":37,"turns":6},{"damage":17,"enemies":"4 Shapes","floor":38,"turns":19},{"damage":3,"enemies":"Giant Head","floor":40,"turns":23},{"damage":0,"enemies":"Sphere and 2 Shapes","floor":41,"turns":6},{"damage":27,"enemies":"Reptomancer","floor":45,"turns":13},{"damage":32,"enemies":"Awakened One","floor":50,"turns":33},{"damage":6,"enemies":"Shield and Spear","floor":54,"turns":16},{"damage":43,"enemies":"The Heart","floor":55,"turns":18}],"seed_played":"-8043827683239612124","potions_obtained":[{"floor":1.0,"key":"SpeedPotion"},{"floor":3.0,"key":"Explosive Potion"},{"floor":5.0,"key":"SkillPotion"},{"floor":27.0,"key":"LiquidBronze"},{"floor":30.0,"key":"FearPotion"},{"floor":38,"key":"AttackPotion"}],"is_trial":false,"path_per_floor":["M","M","M","M","M","R","?","E","T","E","T","M","$","E","R","B",null,"M","?","?","?","M","R","E","R","T","E","?","M","M","$","R","B",null,"M","M","M","M","?","E","M","R","T","R","E","T","?","$","R","B",null,"R","$","E","B",null],"character_chosen":"DEFECT","items_purchased":["Runic Capacitor","OrangePellets","Thread and Needle","Glacier","FocusPotion","Ancient Potion"],"campfire_rested":0,"item_purchase_floors":[13,48,48,48,48,53],"current_hp_per_floor":[58,58,58,58,44,44,51,52,52,48,48,45,45,48,48,47,65,50,50,50,50,44,44,32,32,32,29,43,67,71,71,71,45,65,71,71,71,71,58,71,71,71,71,71,71,71,71,71,71,67,70,70,70,71,47],"gold":65,"neow_bonus":"UPGRADE_CARD","is_prod":false,"is_daily":false,"chose_seed":false,"campfire_upgraded":8,"win_rate":0,"timestamp":1557888109,"path_taken":["M","?","M","M","M","R","?","E","T","E","?","M","$","E","R","BOSS","M","?","?","?","M","R","E","R","T","E","?","M","M","$","R","BOSS","M","M","M","M","?","E","M","R","T","R","E","?","?","$","R","BOSS","R","$","E","BOSS"],"build_version":"2019-01-23","purchased_purges":1,"victory":true,"max_hp_per_floor":[71,71,71,71,71,71,71,71,71,71,71,71,71,71,71,71,71,71,71,71,71,71,71,71,71,71,71,71,71,71,71,71,71,71,71,71,71,71,71,71,71,71,71,71,71,71,71,71,71,71,71,71,71,71,71],"card_choices":[{"not_picked":["Cold Snap","Rebound"],"picked":"Glacier","floor":1.0},{"not_picked":["Stack","Skim"],"picked":"Self Repair","floor":2.0},{"not_picked":["Scrape","Stack"],"picked":"Biased Cognition","floor":3.0},{"not_picked":["Leap","Recycle"],"picked":"Sweeping Beam","floor":4.0},{"not_picked":["Skim","Consume"],"picked":"Chill","floor":5.0},{"not_picked":["Beam Cell","Scrape"],"picked":"Loop","floor":7.0},{"not_picked":["Double Energy","Consume"],"picked":"Cold Snap","floor":8.0},{"not_picked":["Compile Driver","Machine Learning"],"picked":"Loop","floor":10.0},{"not_picked":["Tempest","Steam Power","Aggregate"],"picked":"Conserve Battery","floor":12.0},{"not_picked":["Melter","Rebound","Conserve Battery"],"picked":"Blizzard","floor":14.0},{"not_picked":["Fission","Thunder Strike","Meteor Strike"],"picked":"Creative AI","floor":16.0},{"not_picked":["Chill","Cold Snap","Steam+1"],"picked":"Consume","floor":18.0},{"not_picked":["Steam","Chaos","Beam Cell","Steam Power"],"picked":"SKIP","floor":22.0},{"not_picked":["Sweeping Beam","Cold Snap+1","Reboot"],"picked":"Self Repair","floor":24.0},{"not_picked":["Force Field","Hologram","Melter"],"picked":"Aggregate+1","floor":27.0},{"not_picked":["Barrage","Auto Shields","Rebound","Aggregate+1"],"picked":"SKIP","floor":29.0},{"not_picked":["Steam","Ball Lightning","Biased Cognition","Darkness"],"picked":"SKIP","floor":30.0},{"not_picked":["Seek","Electrodynamics","Reboot"],"picked":"Buffer","floor":33},{"not_picked":["Rebound","Aggregate","Sweeping Beam","Rip and Tear+1"],"picked":"SKIP","floor":35},{"not_picked":["Barrage","Hologram","Skim+1"],"picked":"Defragment+1","floor":36},{"not_picked":["Leap+1","Go for the Eyes+1","Scrape"],"picked":"Defragment+1","floor":37},{"not_picked":["Compile Driver","Barrage","Conserve Battery"],"picked":"Reinforced Body","floor":38},{"not_picked":["Beam Cell","Sunder+1","Streamline","Storm"],"picked":"SKIP","floor":40},{"not_picked":["Streamline","Undo+1","Leap"],"picked":"Double Energy","floor":41},{"not_picked":["All For One","Beam Cell+1","Barrage+1"],"picked":"Coolheaded","floor":45},{"not_picked":["Lockon","Redo","Hologram+1"],"picked":"Creative AI","floor":54}],"player_experience":485077,"relics_obtained":[{"floor":7.0,"key":"Odd Mushroom"},{"floor":8.0,"key":"Regal Pillow"},{"floor":9.0,"key":"Meat on the Bone"},{"floor":10.0,"key":"Question Card"},{"floor":14.0,"key":"MawBank"},{"floor":24.0,"key":"PreservedInsect"},{"floor":26.0,"key":"War Paint"},{"floor":27.0,"key":"Anchor"},{"floor":40,"key":"Incense Burner"},{"floor":43,"key":"Bottled Lightning"},{"floor":45,"key":"Potion Belt"},{"floor":54,"key":"Oddly Smooth Stone"}],"event_choices":[{"damage_healed":0.0,"max_hp_gain":0.0,"max_hp_loss":0.0,"gold_gain":0.0,"event_name":"Mushrooms","player_choice":"Fought Mushrooms","floor":7.0,"gold_loss":0.0,"damage_taken":0.0},{"damage_healed":0.0,"max_hp_gain":0.0,"max_hp_loss":0.0,"gold_gain":0.0,"event_name":"Addict","player_choice":"Obtained Relic","floor":19.0,"gold_loss":85.0,"damage_taken":0.0,"relics_obtained":["Juzu Bracelet"]},{"damage_healed":0.0,"max_hp_gain":0.0,"max_hp_loss":0.0,"gold_gain":0.0,"event_name":"The Mausoleum","player_choice":"Ignored","floor":20.0,"gold_loss":0.0,"damage_taken":0.0},{"damage_healed":0.0,"max_hp_gain":0.0,"max_hp_loss":0.0,"gold_gain":0.0,"event_name":"Vampires","player_choice":"Ignored","floor":21.0,"gold_loss":0.0,"damage_taken":0.0},{"damage_healed":14.0,"max_hp_gain":0.0,"max_hp_loss":0.0,"gold_gain":0.0,"event_name":"The Library","player_choice":"Heal","floor":28.0,"gold_loss":0.0,"damage_taken":0.0},{"damage_healed":0,"gold_gain":0,"player_choice":"Embrace Madness","damage_taken":13,"max_hp_gain":0,"max_hp_loss":0,"event_name":"Winding Halls","floor":39,"gold_loss":0,"cards_obtained":["Madness","Madness"]},{"damage_healed":0,"gold_gain":0,"player_choice":"Ignored","damage_taken":0,"max_hp_gain":0,"max_hp_loss":0,"event_name":"Tomb of Lord Red Mask","floor":47,"gold_loss":0}],"is_beta":false,"boss_relics":[{"not_picked":["Runic Pyramid","Busted Crown"],"picked":"Nuclear Battery"},{"not_picked":["White Beast Statue","Runic Dome"],"picked":"Cursed Key"}],"items_purged_floors":[48],"is_endless":false,"potions_floor_spawned":[1,3,5,7,8,18,27,30,37,38,41],"ascension_level":16}