{"gold_per_floor":[112,112,126,1,18,18,53,53,53,53,88,106,106,125,125,201,201,214,200,219,144,144,171,189,189,239,274,274,292,292,292,292,292],"floor_reached":33,"playtime":2106,"items_purged":["Strike_B"],"score":512,"play_id":"65d72ef6-744f-4843-a922-c484a9e43af9","local_time":"20190426212736","is_ascension_mode":true,"campfire_choices":[{"data":"Go for the Eyes","floor":6.0,"key":"SMITH"},{"data":"Zap","floor":8.0,"key":"SMITH"},{"floor":10.0,"key":"REST"},{"data":"Go for the Eyes","floor":15.0,"key":"SMITH"},{"floor":25,"key":"REST"},{"floor":28,"key":"REST"},{"floor":30,"key":"DIG"},{"floor":32,"key":"DIG"}],"neow_cost":"NONE","seed_source_timestamp":0,"circlet_count":0,"master_deck":["AscendersBane","Strike_B+1","Strike_B+1","Strike_B+1","Defend_B","Defend_B","Defend_B","Zap+1","Dualcast+1","Cold Snap","Go for the Eyes+1","Core Surge","Reinforced Body","Go for the Eyes+1","Machine Learning","Glacier","Biased Cognition","Multi-Cast","Redo+1"],"special_seed":0,"relics":["Cracked Core","Whetstone","Mango","Ice Cream","Pen Nib","Pantograph","Sozu","Bag of Preparation","Singing Bowl","Oddly Smooth Stone","Shovel","Peace Pipe","Juzu Bracelet"],"potions_floor_usage":[33],"damage_taken":[{"damage":4.0,"enemies":"Jaw Worm","floor":1.0,"turns":4.0},{"damage":3.0,"enemies":"2 Louse","floor":3.0,"turns":2.0},{"damage":4.0,"enemies":"Small Slimes","floor":5.0,"turns":2.0},{"damage":26.0,"enemies":"Lagavulin","floor":7.0,"turns":5.0},{"damage":18.0,"enemies":"3 Sentries","floor":11.0,"turns":9.0},{"damage":4.0,"enemies":"Looter","floor":12.0,"turns":2.0},{"damage":1.0,"enemies":"2 Fungi Beasts","floor":14.0,"turns":3.0},{"damage":4.0,"enemies":"The Guardian","floor":16.0,"turns":13.0},{"damage":14,"enemies":"Spheric Guardian","floor":18,"turns":4},{"damage":21,"enemies":"2 Thieves","floor":19,"turns":4},{"damage":0,"enemies":"Snecko","floor":20,"turns":6},{"damage":30,"enemies":"Gremlin Leader","floor":23,"turns":13},{"damage":6,"enemies":"3 Cultists","floor":24,"turns":7},{"damage":10,"enemies":"Book of Stabbing","floor":27,"turns":6},{"damage":0,"enemies":"Centurion and Healer","floor":29,"turns":5},{"damage":87,"enemies":"Collector","floor":33,"turns":14}],"seed_played":"5281067965615933469","potions_obtained":[{"floor":11.0,"key":"SpeedPotion"},{"floor":12.0,"key":"SpeedPotion"},{"floor":16.0,"key":"Energy Potion"}],"is_trial":false,"path_per_floor":["M","?","M","$","M","R","E","R","T","R","E","M","?","M","R","B",null,"M","M","M","?","?","E","M","R","T","E","R","M","R","?","R","B"],"character_chosen":"DEFECT","items_purchased":["Strength Potion"],"campfire_rested":3,"item_purchase_floors":[4],"current_hp_per_floor":[64,49,46,46,42,42,30,30,30,56,38,34,27,26,26,47,79,65,44,44,44,44,14,8,34,34,26,53,55,55,55,55,0],"gold":292,"neow_bonus":"RANDOM_COMMON_RELIC","is_prod":false,"is_daily":false,"chose_seed":false,"campfire_upgraded":3,"win_rate":0,"timestamp":1556339256,"path_taken":["M","?","M","$","M","R","E","R","T","R","E","M","?","M","R","BOSS","M","M","M","?","?","E","M","R","T","E","R","M","R","?","R","BOSS"],"build_version":"2019-01-23","purchased_purges":1,"victory":false,"max_hp_per_floor":[75,75,75,75,75,75,89,89,89,89,89,89,89,89,89,89,89,89,89,89,89,89,89,89,89,89,91,91,93,93,93,93,93],"card_choices":[{"not_picked":["Blizzard","Turbo"],"picked":"Cold Snap","floor":1.0},{"not_picked":["Cold Snap","Undo"],"picked":"Go for the Eyes","floor":3.0},{"not_picked":["Rebound","Steam","Hologram"],"picked":"SKIP","floor":5.0},{"not_picked":["Redo","Hologram"],"picked":"Core Surge","floor":7.0},{"not_picked":["Sweeping Beam","Go for the Eyes"],"picked":"Reinforced Body","floor":11.0},{"not_picked":["Coolheaded","Turbo"],"picked":"Go for the Eyes","floor":12.0},{"not_picked":["Beam Cell","Rebound","Aggregate"],"picked":"SKIP","floor":14.0},{"not_picked":["Thunder Strike","Meteor Strike"],"picked":"Machine Learning","floor":16.0},{"not_picked":["Loop","Hologram"],"picked":"Glacier","floor":18},{"not_picked":["Turbo","Redo","Stack"],"picked":"SKIP","floor":19},{"not_picked":["Coolheaded","Leap+1"],"picked":"Biased Cognition","floor":20},{"not_picked":["Consume","Rebound"],"picked":"Multi-Cast","floor":23},{"not_picked":["Static Discharge","Barrage"],"picked":"Redo+1","floor":24},{"not_picked":["Fusion","Reprogram","White Noise"],"picked":"Singing Bowl","floor":27},{"not_picked":["Ball Lightning","Coolheaded","Buffer"],"picked":"Singing Bowl","floor":29}],"player_experience":321559,"relics_obtained":[{"floor":7.0,"key":"Mango"},{"floor":9.0,"key":"Ice Cream"},{"floor":11.0,"key":"Pen Nib"},{"floor":23,"key":"Singing Bowl"},{"floor":26,"key":"Oddly Smooth Stone"},{"floor":27,"key":"Shovel"},{"floor":30,"key":"Peace Pipe"},{"floor":32,"key":"Juzu Bracelet"}],"event_choices":[{"damage_healed":0.0,"max_hp_gain":0.0,"max_hp_loss":0.0,"gold_gain":0.0,"event_name":"Shining Light","player_choice":"Entered Light","floor":2.0,"gold_loss":0.0,"damage_taken":15.0,"cards_upgraded":["Strike_B","Dualcast"]},{"damage_healed":0.0,"max_hp_gain":0.0,"max_hp_loss":0.0,"gold_gain":0.0,"event_name":"Scrap Ooze","player_choice":"Success","floor":13.0,"gold_loss":0.0,"damage_taken":7.0,"relics_obtained":["Pantograph"]},{"cards_removed":["Defend_B"],"damage_healed":0,"gold_gain":0,"player_choice":"Gave Gold","damage_taken":0,"max_hp_gain":0,"max_hp_loss":0,"event_name":"Beggar","floor":21,"gold_loss":75},{"damage_healed":0,"gold_gain":0,"player_choice":"Opened","damage_taken":0,"relics_obtained":["Bag of Preparation"],"max_hp_gain":0,"max_hp_loss":0,"event_name":"The Mausoleum","floor":22,"gold_loss":0},{"damage_healed":0,"gold_gain":0,"player_choice":"Ignored","damage_taken":0,"max_hp_gain":0,"max_hp_loss":0,"event_name":"Vampires","floor":31,"gold_loss":0}],"is_beta":false,"boss_relics":[{"not_picked":["Runic Pyramid","Coffee Dripper"],"picked":"Sozu"}],"items_purged_floors":[4],"is_endless":false,"potions_floor_spawned":[11,12,16,19,23,27,29],"killed_by":"Collector","ascension_level":13}