{"gold_per_floor":[116,133,44,44,44,75,225,225,225,74,89,122,139,157,157,157],"floor_reached":16,"playtime":477,"items_purged":["Doubt"],"score":270,"play_id":"e1d6a224-0a45-4dc9-bbbc-8c9425386660","local_time":"20190715202451","is_ascension_mode":true,"campfire_choices":[{"data":"Consume","floor":8,"key":"SMITH"},{"data":"Strike_B","floor":15,"key":"PURGE"}],"neow_cost":"NONE","seed_source_timestamp":381125958398386,"circlet_count":0,"master_deck":["AscendersBane","Strike_B","Strike_B","Strike_B","Defend_B","Defend_B+1","Defend_B+1","Defend_B","Zap","Dualcast","Barrage","Consume+1","Core Surge+1","Cold Snap","Ball Lightning","Glacier","Blizzard"],"relics":["Cracked Core","NeowsBlessing","War Paint","Incense Burner","Peace Pipe","Regal Pillow"],"potions_floor_usage":[16,16],"damage_taken":[{"damage":0,"enemies":"Small Slimes","floor":1,"turns":1},{"damage":0,"enemies":"2 Louse","floor":2,"turns":1},{"damage":0,"enemies":"3 Sentries","floor":6,"turns":1},{"damage":0,"enemies":"Jaw Worm","floor":11,"turns":3},{"damage":21,"enemies":"Lagavulin","floor":12,"turns":7},{"damage":0,"enemies":"Large Slime","floor":13,"turns":5},{"damage":0,"enemies":"Blue Slaver","floor":14,"turns":4},{"damage":35,"enemies":"Hexaghost","floor":16,"turns":14}],"seed_played":"1502110063453646268","potions_obtained":[{"floor":11,"key":"SkillPotion"},{"floor":12,"key":"EssenceOfSteel"}],"is_trial":false,"path_per_floor":["M","M","$","?","?","E","?","R","T","$","M","E","M","M","R","B"],"character_chosen":"DEFECT","items_purchased":["Core Surge","Cold Snap","Ball Lightning"],"campfire_rested":0,"item_purchase_floors":[3,10,10],"current_hp_per_floor":[64,64,64,64,46,46,46,46,46,46,46,25,25,25,25,0],"gold":157,"neow_bonus":"THREE_ENEMY_KILL","is_prod":false,"is_daily":false,"chose_seed":false,"campfire_upgraded":1,"win_rate":0,"timestamp":1563247491,"path_taken":["M","M","$","?","?","E","?","R","T","?","M","E","M","M","R","BOSS"],"build_version":"2019-07-05","purchased_purges":1,"victory":false,"max_hp_per_floor":[71,71,71,71,71,71,71,71,71,71,71,71,71,71,71,71],"card_choices":[{"not_picked":["Go for the Eyes","Turbo"],"picked":"Barrage","floor":1},{"not_picked":["Steam","Beam Cell"],"picked":"Consume","floor":2},{"not_picked":["Streamline","Stack","Barrage"],"picked":"SKIP","floor":6},{"not_picked":["Barrage","Go for the Eyes","Redo"],"picked":"SKIP","floor":11},{"not_picked":["Ball Lightning","Seek"],"picked":"Glacier","floor":12},{"not_picked":["Recycle","Leap"],"picked":"Blizzard","floor":13},{"not_picked":["Consume","Storm","Darkness"],"picked":"SKIP","floor":14}],"player_experience":675500,"relics_obtained":[{"floor":6,"key":"Incense Burner"},{"floor":9,"key":"Peace Pipe"},{"floor":12,"key":"Regal Pillow"}],"event_choices":[{"damage_healed":0,"gold_gain":0,"player_choice":"Grow","damage_taken":0,"max_hp_gain":0,"max_hp_loss":0,"event_name":"Living Wall","floor":4,"gold_loss":0,"cards_upgraded":["Core Surge"]},{"damage_healed":0,"gold_gain":0,"player_choice":"Success","damage_taken":18,"relics_obtained":["War Paint"],"max_hp_gain":0,"max_hp_loss":0,"event_name":"Scrap Ooze","floor":5,"gold_loss":0},{"damage_healed":0,"gold_gain":150,"player_choice":"AGREE","damage_taken":0,"max_hp_gain":0,"max_hp_loss":0,"event_name":"Liars Game","floor":7,"gold_loss":0,"cards_obtained":["Doubt"]}],"is_beta":false,"boss_relics":[],"items_purged_floors":[10],"is_endless":false,"potions_floor_spawned":[11,12,14],"killed_by":"Hexaghost","ascension_level":20}