{"gold_per_floor":[117,133,150,165,9,9,41,41,41,96,96,96,110,140,140,238,238,251,251,54,66,86,86],"floor_reached":23,"playtime":946,"items_purged":["Strike_B","Defend_B"],"score":306,"play_id":"7ae129fb-36dc-444d-a9f8-8cc871927e6e","local_time":"20191026195911","is_ascension_mode":true,"campfire_choices":[{"data":"Doom and Gloom","floor":6,"key":"SMITH"},{"floor":8,"key":"REST"},{"data":"Redo","floor":12,"key":"SMITH"},{"floor":15,"key":"REST"}],"neow_cost":"NONE","seed_source_timestamp":1452938336757900,"circlet_count":0,"master_deck":["Strike_B+1","Strike_B+1","Defend_B","Defend_B","Zap","Dualcast","Doom and Gloom+1","Reinforced Body","Streamline","Double Energy","Capacitor","Redo+1","Genetic Algorithm","Static Discharge","Steam","Seek","Hologram+1","Undo"],"relics":["Cracked Core","The Courier","Sundial","Tiny Chest","Mercury Hourglass","Eternal Feather","Whetstone"],"potions_floor_usage":[3,7,14,22],"damage_taken":[{"damage":7,"enemies":"Small Slimes","floor":1,"turns":3},{"damage":1,"enemies":"Cultist","floor":2,"turns":3},{"damage":2,"enemies":"Jaw Worm","floor":3,"turns":3},{"damage":0,"enemies":"2 Fungi Beasts","floor":4,"turns":2},{"damage":23,"enemies":"Gremlin Nob","floor":7,"turns":4},{"damage":26,"enemies":"Lagavulin","floor":10,"turns":6},{"damage":4,"enemies":"Looter","floor":13,"turns":4},{"damage":27,"enemies":"Gremlin Nob","floor":14,"turns":4},{"damage":27,"enemies":"Slime Boss","floor":16,"turns":8},{"damage":29,"enemies":"Shell Parasite","floor":18,"turns":5},{"damage":24,"enemies":"3 Byrds","floor":21,"turns":4},{"damage":20,"enemies":"Centurion and Healer","floor":22,"turns":6},{"damage":15,"enemies":"Slavers","floor":23,"turns":1}],"seed_played":"-8177487561319559903","potions_obtained":[{"floor":2,"key":"Fire Potion"},{"floor":3,"key":"Fruit Juice"},{"floor":7,"key":"FocusPotion"},{"floor":18,"key":"Regen Potion"}],"is_trial":false,"path_per_floor":["M","M","M","M","$","R","E","R","T","E","?","R","M","E","R","B",null,"M","?","$","M","M","E"],"character_chosen":"DEFECT","items_purchased":["Capacitor","Whetstone"],"campfire_rested":2,"item_purchase_floors":[5,20],"current_hp_per_floor":[68,67,70,70,70,70,47,73,73,47,47,47,43,16,42,15,69,40,40,40,16,11,0],"gold":86,"neow_bonus":"TEN_PERCENT_HP_BONUS","is_prod":false,"is_daily":false,"chose_seed":false,"campfire_upgraded":2,"win_rate":0,"timestamp":1572134351,"path_taken":["M","M","M","M","$","R","E","R","T","E","?","R","M","E","R","BOSS","M","?","$","M","?","E"],"build_version":"2019-07-17","purchased_purges":2,"victory":false,"max_hp_per_floor":[82,82,87,87,87,87,87,87,87,87,87,87,87,87,87,87,87,87,87,87,87,87,87],"card_choices":[{"not_picked":["Cold Snap","Gash"],"picked":"Doom and Gloom","floor":1},{"not_picked":["Cold Snap","Streamline"],"picked":"Reinforced Body","floor":2},{"not_picked":["Gash","Doom and Gloom"],"picked":"Streamline","floor":3},{"not_picked":["Skim","Beam Cell"],"picked":"Double Energy","floor":4},{"not_picked":["Leap","Sweeping Beam"],"picked":"Redo","floor":7},{"not_picked":["Force Field","Reinforced Body"],"picked":"Genetic Algorithm","floor":10},{"not_picked":["Cold Snap","Barrage"],"picked":"Static Discharge","floor":13},{"not_picked":["Streamline","Steam Power"],"picked":"Steam","floor":14},{"not_picked":["Thunder Strike","Creative AI"],"picked":"Seek","floor":16},{"not_picked":["Sunder+1","Leap"],"picked":"Hologram+1","floor":18},{"not_picked":["Turbo","Streamline","Genetic Algorithm"],"picked":"SKIP","floor":21},{"not_picked":["Compile Driver","Hologram"],"picked":"Undo","floor":22}],"player_experience":467461,"relics_obtained":[{"floor":7,"key":"The Courier"},{"floor":9,"key":"Sundial"},{"floor":10,"key":"Tiny Chest"},{"floor":14,"key":"Mercury Hourglass"}],"event_choices":[{"cards_removed":["Strike_B"],"damage_healed":0,"gold_gain":0,"player_choice":"Forget","damage_taken":0,"max_hp_gain":0,"max_hp_loss":0,"event_name":"Living Wall","floor":11,"gold_loss":0},{"cards_removed":["Defend_B"],"damage_healed":0,"gold_gain":0,"player_choice":"Offered Basic","damage_taken":0,"max_hp_gain":0,"max_hp_loss":0,"event_name":"Bonfire Elementals","floor":19,"gold_loss":0}],"is_beta":false,"boss_relics":[{"not_picked":["Busted Crown","Astrolabe"],"picked":"Eternal Feather"}],"items_purged_floors":[5,20],"is_endless":false,"potions_floor_spawned":[2,3,7,18],"killed_by":"Slavers","ascension_level":9}