{"gold_per_floor":[114,114,129,139,139,174,187,187,212,244,244,62,62,75,75,150,200,220,135,145,145,160,160,210,210,210,236,261,300,330,358,370,461,473,503,532,560,582,75,105,105,80,80,80,107,107,142,161,161,161,161,161,161,26,26],"floor_reached":55,"playtime":6146,"items_purged":["Strike_B","Strike_B"],"score":2120,"play_id":"21050fa0-3442-4fea-a41f-4b1e7f8c0421","local_time":"20191017101352","is_ascension_mode":true,"campfire_choices":[{"data":"Sunder","floor":8,"key":"SMITH"},{"data":"Defragment","floor":11,"key":"SMITH"},{"data":"Capacitor","floor":13,"key":"SMITH"},{"data":"Conserve Battery","floor":15,"key":"SMITH"},{"data":"Conserve Battery","floor":23,"key":"SMITH"},{"data":"Self Repair","floor":25,"key":"SMITH"},{"data":"Echo Form","floor":32,"key":"SMITH"},{"floor":44,"key":"RECALL"},{"data":"Core Surge","floor":46,"key":"SMITH"},{"data":"Conserve Battery","floor":49,"key":"SMITH"},{"data":"Sweeping Beam","floor":53,"key":"SMITH"}],"neow_cost":"NONE","seed_source_timestamp":366635715448400,"circlet_count":0,"master_deck":["AscendersBane","Strike_B","Strike_B","Defend_B+1","Defend_B+1","Defend_B+1","Defend_B","Zap","Dualcast","Compile Driver","Defragment+1","Sunder+1","Sweeping Beam+1","Capacitor+1","Conserve Battery+1","Self Repair+1","Cold Snap","Cold Snap","Echo Form+1","Conserve Battery+1","Hologram+1","Ball Lightning","Fusion+1","Capacitor+1","Core Surge+1","Conserve Battery+1","Glacier","Fusion+1","Conserve Battery+1","Glacier","Stack","Barrage"],"relics":["Coffee Dripper","Happy Flower","Blood Vial","Strawberry","Calipers","Tiny House","War Paint","Singing Bowl","Red Mask","MawBank","FossilizedHelix","Black Star","Torii","Incense Burner","Bag of Preparation","FaceOfCleric","Meat on the Bone","Pen Nib","StoneCalendar","Potion Belt","DataDisk"],"potions_floor_usage":[10,16,16,16,22,27,29,38,50],"damage_taken":[{"damage":0,"enemies":"2 Louse","floor":1,"turns":3},{"damage":7,"enemies":"Small Slimes","floor":3,"turns":3},{"damage":7,"enemies":"Cultist","floor":4,"turns":4},{"damage":20,"enemies":"Lagavulin","floor":6,"turns":7},{"damage":9,"enemies":"Red Slaver","floor":7,"turns":3},{"damage":1,"enemies":"3 Sentries","floor":10,"turns":6},{"damage":1,"enemies":"Exordium Wildlife","floor":14,"turns":4},{"damage":7,"enemies":"Hexaghost","floor":16,"turns":9},{"damage":18,"enemies":"Shell Parasite","floor":18,"turns":8},{"damage":17,"enemies":"Spheric Guardian","floor":20,"turns":6},{"damage":36,"enemies":"3 Cultists","floor":22,"turns":7},{"damage":18,"enemies":"Masked Bandits","floor":27,"turns":6},{"damage":14,"enemies":"Gremlin Leader","floor":29,"turns":8},{"damage":18,"enemies":"Snake Plant","floor":30,"turns":7},{"damage":11,"enemies":"Sentry and Sphere","floor":31,"turns":7},{"damage":0,"enemies":"Champ","floor":33,"turns":14},{"damage":47,"enemies":"3 Darklings","floor":35,"turns":13},{"damage":11,"enemies":"3 Shapes","floor":36,"turns":9},{"damage":34,"enemies":"Spire Growth","floor":37,"turns":8},{"damage":10,"enemies":"Maw","floor":38,"turns":8},{"damage":20,"enemies":"Nemesis","floor":40,"turns":15},{"damage":23,"enemies":"Giant Head","floor":45,"turns":20},{"damage":62,"enemies":"Reptomancer","floor":47,"turns":17},{"damage":9,"enemies":"3 Darklings","floor":48,"turns":7},{"damage":0,"enemies":"Donu and Deca","floor":50,"turns":13},{"damage":16,"enemies":"Time Eater","floor":51,"turns":62},{"damage":101,"enemies":"Shield and Spear","floor":55,"turns":6}],"seed_played":"2471790237646499502","potions_obtained":[{"floor":4,"key":"Energy Potion"},{"floor":7,"key":"EssenceOfSteel"},{"floor":10,"key":"FearPotion"},{"floor":14,"key":"EntropicBrew"},{"floor":16,"key":"LiquidBronze"},{"floor":17,"key":"Ancient Potion"},{"floor":27,"key":"AttackPotion"},{"floor":29,"key":"Ancient Potion"},{"floor":33,"key":"Poison Potion"},{"floor":35,"key":"AttackPotion"},{"floor":48,"key":"PowerPotion"}],"is_trial":false,"path_per_floor":["M","?","M","M","?","E","M","R","T","E","R","$","R","M","R","B",null,"M","?","M","$","M","R","?","R","T","?","T","E","M","M","R","B",null,"M","M","M","M","$","E","?","$","T","R","E","R","E","M","R","B","B",null,"R","$","E"],"character_chosen":"DEFECT","items_purchased":["Self Repair","Cold Snap","Glacier","Torii","Conserve Battery","Barrage","Strength Potion","Energy Potion"],"campfire_rested":0,"item_purchase_floors":[12,12,39,39,42,54,54,54],"current_hp_per_floor":[64,59,52,45,45,34,27,27,27,28,28,28,28,36,36,38,73,64,64,56,56,29,29,29,29,29,23,23,31,27,40,40,62,81,58,71,59,63,63,65,65,65,65,65,77,77,52,78,78,99,100,100,100,100,0],"gold":26,"neow_bonus":"BOSS_RELIC","is_prod":false,"is_daily":false,"chose_seed":false,"campfire_upgraded":10,"win_rate":0,"timestamp":1571332432,"path_taken":["M","?","M","M","?","E","?","R","T","E","R","?","R","M","R","BOSS","M","?","M","$","M","R","?","R","T","?","?","E","M","?","R","BOSS","M","M","M","M","$","E","?","?","T","R","E","R","E","M","R","BOSS","BOSS","R","$","E"],"build_version":"2019-07-17","purchased_purges":2,"victory":false,"max_hp_per_floor":[71,71,71,71,71,78,78,78,78,78,78,78,78,78,78,78,83,83,83,83,83,83,83,83,83,83,83,83,83,85,87,87,87,87,89,91,91,93,93,93,93,93,93,93,94,94,97,98,98,99,100,100,100,100,100],"card_choices":[{"not_picked":["Rip and Tear","Coolheaded"],"picked":"Compile Driver","floor":1},{"not_picked":["Steam","Consume"],"picked":"Defragment","floor":3},{"not_picked":["Sweeping Beam","Beam Cell"],"picked":"Sunder","floor":4},{"not_picked":["Leap","Reinforced Body"],"picked":"Sweeping Beam","floor":6},{"not_picked":["Tempest","Redo"],"picked":"Capacitor","floor":7},{"not_picked":["Go for the Eyes","Scrape"],"picked":"Conserve Battery","floor":10},{"not_picked":["Sweeping Beam","Steam"],"picked":"Cold Snap","floor":14},{"not_picked":["Meteor Strike","Electrodynamics"],"picked":"Echo Form","floor":16},{"not_picked":["Rebound","Streamline"],"picked":"Conserve Battery","floor":18},{"not_picked":["Steam","Conserve Battery"],"picked":"Hologram+1","floor":20},{"not_picked":["Darkness","Gash"],"picked":"Ball Lightning","floor":22},{"not_picked":["Auto Shields","Sunder"],"picked":"Fusion+1","floor":27},{"not_picked":["Rainbow","Streamline"],"picked":"Capacitor+1","floor":29},{"not_picked":["Fusion","Ball Lightning","Gash"],"picked":"Singing Bowl","floor":30},{"not_picked":["Barrage","Ball Lightning","Rebound"],"picked":"Singing Bowl","floor":31},{"not_picked":["Rainbow","Thunder Strike"],"picked":"Core Surge","floor":33},{"not_picked":["Fusion+1","Scrape+1","Leap"],"picked":"Singing Bowl","floor":35},{"not_picked":["Coolheaded","Reprogram","Loop"],"picked":"Singing Bowl","floor":36},{"not_picked":["Reinforced Body","Force Field"],"picked":"Conserve Battery+1","floor":37},{"not_picked":["Chill","Sunder","Redo"],"picked":"Singing Bowl","floor":38},{"not_picked":["Steam Power","Heatsinks"],"picked":"Fusion+1","floor":40},{"not_picked":["Ball Lightning","Stack"],"picked":"Glacier","floor":45},{"not_picked":["Reinforced Body","Barrage+1","Auto Shields"],"picked":"Singing Bowl","floor":47},{"not_picked":["Barrage","Skim"],"picked":"Stack","floor":48}],"player_experience":857958,"relics_obtained":[{"floor":6,"key":"Strawberry"},{"floor":10,"key":"Calipers"},{"floor":26,"key":"Singing Bowl"},{"floor":27,"key":"Red Mask"},{"floor":28,"key":"MawBank"},{"floor":29,"key":"FossilizedHelix"},{"floor":40,"key":"Incense Burner"},{"floor":40,"key":"Bag of Preparation"},{"floor":43,"key":"Meat on the Bone"},{"floor":45,"key":"Pen Nib"},{"floor":45,"key":"StoneCalendar"},{"floor":47,"key":"Potion Belt"},{"floor":47,"key":"DataDisk"}],"event_choices":[{"damage_healed":0,"gold_gain":0,"player_choice":"Success","damage_taken":5,"relics_obtained":["Happy Flower"],"max_hp_gain":0,"max_hp_loss":0,"event_name":"Scrap Ooze","floor":2,"gold_loss":0},{"damage_healed":0,"gold_gain":0,"player_choice":"Gave Potion","damage_taken":0,"relics_obtained":["Blood Vial"],"max_hp_gain":0,"max_hp_loss":0,"event_name":"WeMeetAgain","floor":5,"gold_loss":0},{"damage_healed":0,"gold_gain":0,"player_choice":"Obtained Relic","damage_taken":0,"relics_obtained":["War Paint"],"max_hp_gain":0,"max_hp_loss":0,"event_name":"Addict","floor":19,"gold_loss":85},{"damage_healed":0,"gold_gain":50,"player_choice":"Stole From Cult","damage_taken":0,"max_hp_gain":0,"max_hp_loss":0,"event_name":"Nest","floor":24,"gold_loss":0},{"damage_healed":0,"gold_gain":0,"player_choice":"Fought Bandits","damage_taken":0,"max_hp_gain":0,"max_hp_loss":0,"event_name":"Masked Bandits","floor":27,"gold_loss":0},{"damage_healed":0,"gold_gain":0,"player_choice":"Trade","damage_taken":0,"relics_obtained":["FaceOfCleric"],"max_hp_gain":0,"max_hp_loss":0,"event_name":"FaceTrader","floor":41,"gold_loss":0}],"is_beta":false,"boss_relics":[{"not_picked":["Calling Bell","White Beast Statue"],"picked":"Tiny House"},{"not_picked":["Philosopher\u0027s Stone","Nuclear Battery"],"picked":"Black Star"}],"items_purged_floors":[12,39],"is_endless":false,"potions_floor_spawned":[4,7,10,14,16,20,27,29,33,35,36,37,48],"killed_by":"Shield and Spear","ascension_level":20}