{"gold_per_floor":[113,132,132,37,37,37,37,37,37,370,370,370],"floor_reached":12,"playtime":214,"items_purged":[],"score":148,"play_id":"8159e240-ba78-4673-baea-c047e8b60099","local_time":"20190828192443","is_ascension_mode":true,"campfire_choices":[{"data":"Lockon","floor":6,"key":"SMITH"},{"data":"Zap","floor":8,"key":"SMITH"},{"data":"Reinforced Body","floor":11,"key":"SMITH"}],"neow_cost":"NONE","seed_source_timestamp":1242808340617300,"circlet_count":0,"master_deck":["AscendersBane","Strike_B","Strike_B","Strike_B","Strike_B","Defend_B","Defend_B","Defend_B","Defend_B","Zap+1","Dualcast","Reboot","Conserve Battery","Lockon+1","Reinforced Body+1"],"relics":["Cracked Core","FaceOfCleric","Incense Burner","Old Coin"],"potions_floor_usage":[10],"damage_taken":[{"damage":0,"enemies":"2 Louse","floor":1,"turns":2},{"damage":4,"enemies":"Small Slimes","floor":2,"turns":4},{"damage":23,"enemies":"Lagavulin","floor":10,"turns":4},{"damage":57,"enemies":"Gremlin Nob","floor":12,"turns":4}],"seed_played":"-1828554760760164775","potions_obtained":[{"floor":2,"key":"Energy Potion"}],"is_trial":false,"path_per_floor":["M","M","?","$","?","R","$","R","T","E","R","E"],"character_chosen":"DEFECT","items_purchased":["Lockon","Strength Potion"],"campfire_rested":0,"item_purchase_floors":[4,4],"current_hp_per_floor":[64,60,65,65,65,65,65,65,65,43,43,0],"gold":370,"neow_bonus":"ONE_RANDOM_RARE_CARD","is_prod":false,"is_daily":false,"chose_seed":false,"campfire_upgraded":3,"win_rate":0,"timestamp":1567045483,"path_taken":["M","M","?","$","?","R","$","R","T","E","R","E"],"build_version":"2019-07-17","purchased_purges":0,"victory":false,"max_hp_per_floor":[71,71,76,76,76,76,76,76,76,77,77,77],"card_choices":[{"not_picked":["Redo","Doom and Gloom"],"picked":"Conserve Battery","floor":1},{"not_picked":["Steam","Stack","Double Energy"],"picked":"SKIP","floor":2},{"not_picked":["Meteor Strike","Storm"],"picked":"Reinforced Body","floor":10}],"player_experience":755309,"relics_obtained":[{"floor":9,"key":"Incense Burner"},{"floor":10,"key":"Old Coin"}],"event_choices":[{"damage_healed":0,"gold_gain":0,"player_choice":"Donut","damage_taken":0,"max_hp_gain":5,"max_hp_loss":0,"event_name":"Big Fish","floor":3,"gold_loss":0},{"damage_healed":0,"gold_gain":0,"player_choice":"Trade","damage_taken":0,"relics_obtained":["FaceOfCleric"],"max_hp_gain":0,"max_hp_loss":0,"event_name":"FaceTrader","floor":5,"gold_loss":0}],"is_beta":false,"boss_relics":[],"items_purged_floors":[],"is_endless":false,"potions_floor_spawned":[2],"killed_by":"Gremlin Nob","ascension_level":20}