{"gold_per_floor":[113,128,138,138,138,138,164,182,182,208,208,228,242,71,71,146,196],"floor_reached":17,"playtime":622,"items_purged":[],"score":301,"play_id":"64d9a6f4-feb2-4b17-9226-00ee6702988b","local_time":"20191027125828","is_ascension_mode":true,"campfire_choices":[{"data":"Bash","floor":6.0,"key":"SMITH"},{"floor":11,"key":"REST"},{"data":"Shrug It Off","floor":15,"key":"SMITH"}],"neow_cost":"NONE","seed_source_timestamp":104223936760400,"circlet_count":0,"master_deck":["AscendersBane","Strike_R","Strike_R","Strike_R+1","Strike_R","Defend_R","Defend_R","Defend_R","Defend_R","Bash+1","Dropkick","Whirlwind+1","Inflame","Decay","Inflame","Shrug It Off+1","Metallicize+1","Juggernaut"],"special_seed":0,"relics":["Burning Blood","Juzu Bracelet","Bag of Marbles","Bottled Flame","MealTicket","Tiny House"],"potions_floor_usage":[10,10,16],"damage_taken":[{"damage":1.0,"enemies":"Cultist","floor":1.0,"turns":3.0},{"damage":0.0,"enemies":"2 Louse","floor":2.0,"turns":4.0},{"damage":4.0,"enemies":"Small Slimes","floor":3.0,"turns":4.0},{"damage":39.0,"enemies":"Gremlin Nob","floor":7.0,"turns":5.0},{"damage":2.0,"enemies":"Exordium Wildlife","floor":8.0,"turns":3.0},{"damage":10,"enemies":"3 Sentries","floor":10,"turns":5},{"damage":8,"enemies":"Blue Slaver","floor":12,"turns":5},{"damage":0,"enemies":"3 Louse","floor":13,"turns":1},{"damage":33,"enemies":"Slime Boss","floor":16,"turns":10}],"seed_played":"-1688550608240391523","potions_obtained":[{"floor":1.0,"key":"FearPotion"},{"floor":2.0,"key":"AttackPotion"},{"floor":8.0,"key":"Strength Potion"},{"floor":13,"key":"Swift Potion"},{"floor":17,"key":"Fruit Juice"}],"is_trial":false,"path_per_floor":["M","M","M","?","?","R","E","M","T","E","R","M","M","$","R","B",null],"character_chosen":"IRONCLAD","items_purchased":["MealTicket"],"campfire_rested":1,"item_purchase_floors":[14],"current_hp_per_floor":[73,75,75,52,52,52,19,23,23,19,41,39,45,45,45,18,66],"gold":196,"neow_bonus":"TRANSFORM_CARD","is_prod":false,"is_daily":false,"chose_seed":false,"campfire_upgraded":2,"win_rate":0,"timestamp":1572177508,"path_taken":["M","M","M","?","?","R","E","M","T","E","R","M","M","$","R","BOSS"],"build_version":"2019-10-25-V3","purchased_purges":0,"victory":false,"max_hp_per_floor":[75,75,75,75,75,75,75,75,75,75,75,75,75,75,75,75,80],"card_choices":[{"not_picked":["Rupture","Reckless Charge","Sentinel"],"picked":"SKIP","floor":1.0},{"not_picked":["Clash","Entrench"],"picked":"Whirlwind","floor":2.0},{"not_picked":["Clothesline","Infernal Blade"],"picked":"Inflame","floor":3.0},{"not_picked":["Berserk","Rage"],"picked":"Inflame","floor":7.0},{"not_picked":["Rampage","Ghostly Armor"],"picked":"Shrug It Off","floor":8.0},{"not_picked":["Perfected Strike","Body Slam","Heavy Blade"],"picked":"SKIP","floor":10},{"not_picked":["Infernal Blade","Flex","Cleave"],"picked":"SKIP","floor":12},{"not_picked":["Evolve","Twin Strike"],"picked":"Metallicize","floor":13},{"not_picked":["Brutality","Limit Break"],"picked":"Juggernaut","floor":16}],"player_experience":577454,"relics_obtained":[{"floor":7.0,"key":"Juzu Bracelet"},{"floor":9.0,"key":"Bag of Marbles"},{"floor":10,"key":"Bottled Flame"}],"event_choices":[{"damage_healed":0.0,"max_hp_gain":0.0,"max_hp_loss":0.0,"gold_gain":0.0,"event_name":"Shining Light","player_choice":"Entered Light","floor":4.0,"gold_loss":0.0,"damage_taken":23.0,"cards_upgraded":["Whirlwind","Strike_R"]},{"damage_healed":0.0,"max_hp_gain":0.0,"max_hp_loss":0.0,"gold_gain":0.0,"event_name":"Wheel of Change","player_choice":"Cursed","floor":5.0,"gold_loss":0.0,"damage_taken":0.0,"cards_obtained":["Decay"]}],"is_beta":true,"boss_relics":[{"not_picked":["Calling Bell","SacredBark"],"picked":"Tiny House"}],"items_purged_floors":[],"is_endless":false,"potions_floor_spawned":[1,2,3,8,13],"ascension_level":16}