{"gold_per_floor":[114,114,114,114,126,126,157,157,239,239,251,265,290,12,12,89,89,101,117,32,51,51],"floor_reached":22,"playtime":827,"items_purged":[],"score":441,"play_id":"23ab3365-bda8-4e59-bbf5-75ac9f5d6325","local_time":"20190530212254","is_ascension_mode":true,"campfire_choices":[{"data":"Darkness","floor":6,"key":"SMITH"},{"floor":8,"key":"REST"},{"data":"Zap","floor":10,"key":"SMITH"},{"data":"Loop","floor":15,"key":"SMITH"}],"neow_cost":"NONE","seed_source_timestamp":1342014681662815,"circlet_count":0,"master_deck":["AscendersBane","Strike_B","Strike_B","Strike_B","Defend_B","Defend_B","Defend_B","Defend_B","Zap+1","Dualcast+1","Darkness+1","Compile Driver","Glacier","Glacier","Loop+1","Melter","Redo+1","Multi-Cast+1","Undo+1","White Noise+1","Darkness+1"],"relics":["Philosopher\u0027s Stone","Regal Pillow","Kunai","Toxic Egg 2","Lee\u0027s Waffle","Fusion Hammer","Strawberry"],"potions_floor_usage":[16,16],"damage_taken":[{"damage":3,"enemies":"2 Louse","floor":1,"turns":2},{"damage":13,"enemies":"Jaw Worm","floor":5,"turns":4},{"damage":39,"enemies":"Gremlin Nob","floor":7,"turns":4},{"damage":4,"enemies":"Small Slimes","floor":11,"turns":3},{"damage":0,"enemies":"2 Fungi Beasts","floor":12,"turns":4},{"damage":0,"enemies":"Lagavulin","floor":13,"turns":7},{"damage":23,"enemies":"The Guardian","floor":16,"turns":11},{"damage":25,"enemies":"2 Thieves","floor":18,"turns":3},{"damage":12,"enemies":"Spheric Guardian","floor":19,"turns":3},{"damage":1,"enemies":"Centurion and Healer","floor":21,"turns":7},{"damage":52,"enemies":"Cultist and Chosen","floor":22,"turns":5}],"seed_played":"-8057083634605305596","potions_obtained":[{"floor":12,"key":"SkillPotion"},{"floor":13,"key":"GamblersBrew"},{"floor":16,"key":"SpeedPotion"}],"is_trial":false,"path_per_floor":["M","?","?","?","M","R","E","R","T","R","M","M","E","$","R","B",null,"M","M","?","M","M"],"character_chosen":"DEFECT","items_purchased":["Lee\u0027s Waffle","Redo+1"],"campfire_rested":1,"item_purchase_floors":[14,14],"current_hp_per_floor":[61,54,59,59,46,46,7,44,44,44,40,40,40,83,83,60,77,52,40,47,46,0],"gold":51,"neow_bonus":"BOSS_RELIC","is_prod":false,"is_daily":false,"chose_seed":false,"campfire_upgraded":3,"win_rate":0,"timestamp":1559276574,"path_taken":["M","?","?","?","M","R","E","R","T","R","?","M","E","$","R","BOSS","M","M","?","M","M"],"build_version":"2019-01-23","purchased_purges":0,"victory":false,"max_hp_per_floor":[71,71,76,76,76,76,76,76,76,76,76,76,76,83,83,83,83,83,83,90,90,90],"card_choices":[{"not_picked":["Redo","Stack"],"picked":"Darkness","floor":1},{"not_picked":["Go for the Eyes","Steam"],"picked":"Compile Driver","floor":5},{"not_picked":["Cold Snap","Loop"],"picked":"Glacier","floor":7},{"not_picked":["Steam","Darkness"],"picked":"Glacier","floor":11},{"not_picked":["Stack","Hologram"],"picked":"Loop","floor":12},{"not_picked":["Static Discharge","Rebound"],"picked":"Melter","floor":13},{"not_picked":["Buffer","Meteor Strike"],"picked":"Multi-Cast+1","floor":16},{"not_picked":["Cold Snap","Steam+1"],"picked":"Undo+1","floor":18},{"not_picked":["Rebound","Steam+1"],"picked":"White Noise+1","floor":19},{"not_picked":["Chaos+1","Gash+1"],"picked":"Darkness+1","floor":21}],"player_experience":560238,"relics_obtained":[{"floor":7,"key":"Regal Pillow"},{"floor":9,"key":"Kunai"},{"floor":13,"key":"Toxic Egg 2"}],"event_choices":[{"cards_removed":["Strike_B"],"damage_healed":0,"gold_gain":0,"player_choice":"Card Removal","damage_taken":7,"max_hp_gain":0,"max_hp_loss":0,"event_name":"Golden Wing","floor":2,"gold_loss":0},{"damage_healed":0,"gold_gain":0,"player_choice":"Donut","damage_taken":0,"max_hp_gain":5,"max_hp_loss":0,"event_name":"Big Fish","floor":3,"gold_loss":0},{"damage_healed":0,"gold_gain":0,"player_choice":"Grow","damage_taken":0,"max_hp_gain":0,"max_hp_loss":0,"event_name":"Living Wall","floor":4,"gold_loss":0,"cards_upgraded":["Dualcast"]},{"damage_healed":0,"gold_gain":0,"player_choice":"Obtained Relic","damage_taken":0,"relics_obtained":["Strawberry"],"max_hp_gain":0,"max_hp_loss":0,"event_name":"Addict","floor":20,"gold_loss":85}],"is_beta":false,"boss_relics":[{"not_picked":["Coffee Dripper","Lizard Tail"],"picked":"Fusion Hammer"}],"items_purged_floors":[],"is_endless":false,"potions_floor_spawned":[12,13,16],"killed_by":"Cultist and Chosen","ascension_level":18}