{"gold_per_floor":[114,126,146,146,165,197,47,47,100,100,119,130,130,140,140,213,213,232,232,252,452,471,471,482,482,482,496,496,514,547,566,566,566],"floor_reached":33,"playtime":1526,"items_purged":[],"score":478,"play_id":"a781749d-a635-448c-9e1c-7909b5395528","local_time":"20191026232041","is_ascension_mode":true,"campfire_choices":[{"data":"Rainbow","floor":8.0,"key":"SMITH"},{"floor":10.0,"key":"REST"},{"data":"Dualcast","floor":15,"key":"SMITH"},{"data":"Reboot","floor":23,"key":"SMITH"},{"data":"Zap","floor":25,"key":"SMITH"},{"floor":28,"key":"REST"},{"floor":32,"key":"REST"}],"neow_cost":"NONE","seed_source_timestamp":50668588567300,"circlet_count":0,"master_deck":["AscendersBane","Strike_B","Strike_B","Strike_B","Strike_B","Defend_B","Defend_B","Defend_B","Defend_B","Zap+1","Dualcast+1","Rip and Tear","Ball Lightning","Self Repair+1","Reboot+1","Rainbow+1","Leap","Cold Snap","Core Surge","Compile Driver+1","All For One","Coolheaded","Defragment+1"],"special_seed":0,"relics":["Cracked Core","Frozen Egg 2","Happy Flower","Lantern","FaceOfCleric","Philosopher\u0027s Stone","Kunai","Gambling Chip"],"potions_floor_usage":[16,22,29,30],"damage_taken":[{"damage":0.0,"enemies":"Small Slimes","floor":1.0,"turns":3.0},{"damage":0.0,"enemies":"2 Louse","floor":2.0,"turns":2.0},{"damage":1.0,"enemies":"Cultist","floor":3.0,"turns":3.0},{"damage":7.0,"enemies":"Looter","floor":5.0,"turns":3.0},{"damage":35.0,"enemies":"3 Sentries","floor":6.0,"turns":6.0},{"damage":15,"enemies":"Exordium Wildlife","floor":11,"turns":3},{"damage":5,"enemies":"Gremlin Gang","floor":12,"turns":4},{"damage":4,"enemies":"Red Slaver","floor":14,"turns":3},{"damage":18,"enemies":"Hexaghost","floor":16,"turns":9},{"damage":0,"enemies":"Chosen","floor":18,"turns":4},{"damage":50,"enemies":"3 Byrds","floor":20,"turns":5},{"damage":14,"enemies":"Cultist and Chosen","floor":22,"turns":5},{"damage":23,"enemies":"Centurion and Healer","floor":24,"turns":7},{"damage":22,"enemies":"Snake Plant","floor":27,"turns":5},{"damage":5,"enemies":"Chosen and Byrds","floor":29,"turns":5},{"damage":61,"enemies":"Gremlin Leader","floor":30,"turns":7},{"damage":12,"enemies":"Centurion and Healer","floor":31,"turns":6},{"damage":55,"enemies":"Champ","floor":33,"turns":8}],"seed_played":"-2194825295833242206","potions_obtained":[{"floor":3.0,"key":"FearPotion"},{"floor":6.0,"key":"LiquidBronze"},{"floor":11,"key":"FairyPotion"},{"floor":20,"key":"DistilledChaos"},{"floor":24,"key":"BlessingOfTheForge"},{"floor":29,"key":"DistilledChaos"},{"floor":31,"key":"Fire Potion"}],"is_trial":false,"path_per_floor":["M","M","M","?","M","E","$","R","T","R","M","M","?","M","R","B",null,"M","?","M","?","M","R","M","R","T","M","R","M","E","M","R","B"],"character_chosen":"DEFECT","items_purchased":["Rainbow"],"campfire_rested":3,"item_purchase_floors":[7],"current_hp_per_floor":[71,71,70,59,52,17,17,17,17,40,35,40,40,37,37,30,68,79,79,40,40,37,37,25,25,25,14,39,45,21,20,46,0],"gold":566,"neow_bonus":"TEN_PERCENT_HP_BONUS","is_prod":false,"is_daily":false,"chose_seed":false,"campfire_upgraded":4,"win_rate":0,"timestamp":1572124841,"path_taken":["M","M","M","?","M","E","$","R","T","R","M","M","?","?","R","BOSS","M","?","M","?","M","R","M","R","T","M","R","M","E","M","R","BOSS"],"build_version":"2019-10-25-V3","purchased_purges":0,"victory":false,"max_hp_per_floor":[78,78,78,78,78,78,78,78,78,78,78,78,78,79,79,80,80,81,81,82,82,83,83,84,84,84,85,85,86,87,88,88,88],"card_choices":[{"not_picked":["Beam Cell","Force Field"],"picked":"Rip and Tear","floor":1.0},{"not_picked":["Static Discharge","Stack","Redo"],"picked":"SKIP","floor":2.0},{"not_picked":["Blizzard","Beam Cell"],"picked":"Ball Lightning","floor":3.0},{"not_picked":["Stack","Hello World+1"],"picked":"Self Repair+1","floor":5.0},{"not_picked":["Redo","Hello World+1"],"picked":"Reboot","floor":6.0},{"not_picked":["Rebound","White Noise","Sweeping Beam"],"picked":"SKIP","floor":11},{"not_picked":["Sweeping Beam","Turbo"],"picked":"Leap","floor":12},{"not_picked":["Sweeping Beam","Leap"],"picked":"Cold Snap","floor":14},{"not_picked":["Rainbow","Multi-Cast"],"picked":"Core Surge","floor":16},{"not_picked":["Stack","Force Field","Redo"],"picked":"SKIP","floor":18},{"not_picked":["Sweeping Beam","Skim"],"picked":"Compile Driver+1","floor":20},{"not_picked":["Storm+1","Aggregate+1","Conserve Battery"],"picked":"SKIP","floor":22},{"not_picked":["Hologram","Conserve Battery"],"picked":"All For One","floor":24},{"not_picked":["Rebound","Darkness"],"picked":"Coolheaded","floor":27},{"not_picked":["Static Discharge+1","Sunder","Stack"],"picked":"SKIP","floor":29},{"not_picked":["Chill","Hologram"],"picked":"Defragment+1","floor":30},{"not_picked":["Ball Lightning+1","Beam Cell","Recycle+1"],"picked":"SKIP","floor":31}],"player_experience":556848,"relics_obtained":[{"floor":6.0,"key":"Happy Flower"},{"floor":9.0,"key":"Lantern"},{"floor":26,"key":"Kunai"},{"floor":30,"key":"Gambling Chip"}],"event_choices":[{"damage_healed":0.0,"max_hp_gain":0.0,"max_hp_loss":0.0,"gold_gain":0.0,"event_name":"Scrap Ooze","player_choice":"Success","floor":4.0,"gold_loss":0.0,"damage_taken":11.0,"relics_obtained":["Frozen Egg 2"]},{"damage_healed":0,"gold_gain":0,"player_choice":"Trade","damage_taken":0,"relics_obtained":["FaceOfCleric"],"max_hp_gain":0,"max_hp_loss":0,"event_name":"FaceTrader","floor":13,"gold_loss":0},{"damage_healed":0,"gold_gain":0,"player_choice":"Ignored","damage_taken":0,"max_hp_gain":0,"max_hp_loss":0,"event_name":"The Mausoleum","floor":19,"gold_loss":0},{"damage_healed":0,"gold_gain":200,"player_choice":"Gold","damage_taken":0,"max_hp_gain":0,"max_hp_loss":0,"event_name":"Wheel of Change","floor":21,"gold_loss":0}],"is_beta":true,"boss_relics":[{"not_picked":["SacredBark","Coffee Dripper"],"picked":"Philosopher\u0027s Stone"}],"items_purged_floors":[],"is_endless":false,"potions_floor_spawned":[3,6,11,12,20,24,29,31],"killed_by":"Champ","ascension_level":15}