{"gold_per_floor":[117,117,130,145,145,145,180,192,192,192],"floor_reached":10,"playtime":221,"items_purged":[],"score":136,"play_id":"8b16fb9d-4b26-426d-9610-1ffa845e6485","local_time":"20191002220000","is_ascension_mode":true,"campfire_choices":[{"data":"Consume","floor":6,"key":"SMITH"}],"neow_cost":"NONE","seed_source_timestamp":1889890360673500,"circlet_count":0,"master_deck":["AscendersBane","Strike_B","Strike_B","Strike_B","Defend_B","Defend_B","Defend_B","Defend_B","Zap","Dualcast","Buffer","Sweeping Beam","Loop","Consume+1","Chill","Self Repair"],"relics":["Cracked Core","Regal Pillow","Symbiotic Virus"],"potions_floor_usage":[],"damage_taken":[{"damage":0,"enemies":"2 Louse","floor":1,"turns":3},{"damage":1,"enemies":"Cultist","floor":3,"turns":3},{"damage":4,"enemies":"Small Slimes","floor":4,"turns":3},{"damage":30,"enemies":"3 Sentries","floor":7,"turns":6},{"damage":8,"enemies":"2 Fungi Beasts","floor":8,"turns":5},{"damage":4,"enemies":"Red Slaver","floor":10,"turns":1}],"seed_played":"-1890666723183659567","potions_obtained":[{"floor":3,"key":"FearPotion"}],"is_trial":false,"path_per_floor":["M","?","M","M","?","R","E","M","T","M"],"character_chosen":"DEFECT","items_purchased":[],"campfire_rested":0,"item_purchase_floors":[],"current_hp_per_floor":[64,54,53,49,42,42,12,4,4,0],"gold":192,"neow_bonus":"ONE_RANDOM_RARE_CARD","is_prod":false,"is_daily":false,"chose_seed":false,"campfire_upgraded":1,"win_rate":0,"timestamp":1570078800,"path_taken":["M","?","M","?","?","R","E","M","T","M"],"build_version":"2019-07-17","purchased_purges":0,"victory":false,"max_hp_per_floor":[71,71,71,71,71,71,71,71,71,71],"card_choices":[{"not_picked":["Force Field","Reprogram"],"picked":"Sweeping Beam","floor":1},{"not_picked":["Rip and Tear","Hello World"],"picked":"Loop","floor":3},{"not_picked":["Rip and Tear","Redo"],"picked":"Consume","floor":4},{"not_picked":["Beam Cell","Static Discharge"],"picked":"Chill","floor":7},{"not_picked":["Rebound","Turbo"],"picked":"Self Repair","floor":8}],"player_experience":817523,"relics_obtained":[{"floor":7,"key":"Regal Pillow"},{"floor":9,"key":"Symbiotic Virus"}],"event_choices":[{"damage_healed":0,"gold_gain":0,"player_choice":"Damaged","damage_taken":10,"max_hp_gain":0,"max_hp_loss":0,"event_name":"Wheel of Change","floor":2,"gold_loss":0},{"cards_removed":["Strike_B"],"damage_healed":0,"gold_gain":0,"player_choice":"Card Removal","damage_taken":7,"max_hp_gain":0,"max_hp_loss":0,"event_name":"Golden Wing","floor":5,"gold_loss":0}],"is_beta":false,"boss_relics":[],"items_purged_floors":[],"is_endless":false,"potions_floor_spawned":[3],"killed_by":"Red Slaver","ascension_level":20}