{"gold_per_floor":[113,128,128,144,144,174,186,224,236,267,309,331,46,64,64,167,167,184,203,203,31,50,83,102,102,129,163,163,113,113,146,146,250,250,269,67,84,102,121,147,47,47,47,82,182,182,182,214,214,214,214,214,7,34,34],"floor_reached":56,"playtime":3420,"items_purged":["Strike_B","Strike_B"],"score":1961,"play_id":"7754b75d-943e-4250-8c46-9840a086c05a","local_time":"20190425144952","is_ascension_mode":true,"campfire_choices":[{"data":"FTL","floor":7.0,"key":"SMITH"},{"floor":15.0,"key":"REST"},{"floor":25.0,"key":"REST"},{"floor":28.0,"key":"REST"},{"data":"Glacier","floor":30.0,"key":"SMITH"},{"floor":32.0,"key":"REST"},{"floor":42.0,"key":"REST"},{"floor":49.0,"key":"RECALL"},{"floor":52.0,"key":"REST"}],"neow_cost":"NONE","seed_source_timestamp":0,"circlet_count":0,"master_deck":["AscendersBane","Strike_B","Defend_B","Defend_B","Defend_B","Defend_B","Zap+1","Dualcast","BootSequence+1","Barrage","Gash","FTL+1","All For One","Go for the Eyes","Capacitor+1","Self Repair+1","Panache+1","Undo+1","Electrodynamics+1","Heatsinks+1","Beam Cell","RitualDagger","Panache+1","Capacitor+1","Gash+1","Hologram","Glacier+1","BootSequence+1","Core Surge","FTL","Defragment+1","Heatsinks+1","Hologram+1","Sadistic Nature+1","Dark Shackles","Finesse","Heatsinks+1"],"special_seed":0,"relics":["Cracked Core","PreservedInsect","MawBank","Frozen Egg 2","Lantern","Runic Pyramid","Pen Nib","Bag of Marbles","War Paint","Centennial Puzzle","Fusion Hammer","OrangePellets","Bird Faced Urn","Symbiotic Virus","Happy Flower","Prayer Wheel","Dodecahedron","ClockworkSouvenir","Blood Vial"],"potions_floor_usage":[55,55],"damage_taken":[{"damage":0.0,"enemies":"Small Slimes","floor":1.0,"turns":3.0},{"damage":0.0,"enemies":"2 Louse","floor":2.0,"turns":2.0},{"damage":6.0,"enemies":"Cultist","floor":4.0,"turns":3.0},{"damage":8.0,"enemies":"Gremlin Nob","floor":6.0,"turns":3.0},{"damage":20.0,"enemies":"3 Sentries","floor":8.0,"turns":6.0},{"damage":11.0,"enemies":"Exordium Thugs","floor":10.0,"turns":5.0},{"damage":4.0,"enemies":"Gremlin Nob","floor":11.0,"turns":3.0},{"damage":0.0,"enemies":"Lots of Slimes","floor":12.0,"turns":1.0},{"damage":15.0,"enemies":"Large Slime","floor":14.0,"turns":5.0},{"damage":23.0,"enemies":"Slime Boss","floor":16.0,"turns":7.0},{"damage":0.0,"enemies":"Spheric Guardian","floor":18.0,"turns":3.0},{"damage":23.0,"enemies":"Shell Parasite","floor":19.0,"turns":5.0},{"damage":0.0,"enemies":"3 Cultists","floor":22.0,"turns":3.0},{"damage":30.0,"enemies":"Gremlin Leader","floor":23.0,"turns":4.0},{"damage":11.0,"enemies":"Centurion and Healer","floor":24.0,"turns":6.0},{"damage":28.0,"enemies":"Slavers","floor":27.0,"turns":5.0},{"damage":33.0,"enemies":"Book of Stabbing","floor":31.0,"turns":5.0},{"damage":6.0,"enemies":"Champ","floor":33.0,"turns":9.0},{"damage":2.0,"enemies":"Orb Walker","floor":35.0,"turns":4.0},{"damage":32.0,"enemies":"3 Darklings","floor":37.0,"turns":5.0},{"damage":25.0,"enemies":"Writhing Mass","floor":38.0,"turns":6.0},{"damage":22.0,"enemies":"Jaw Worm Horde","floor":39.0,"turns":5.0},{"damage":0.0,"enemies":"Giant Head","floor":40.0,"turns":6.0},{"damage":5.0,"enemies":"Reptomancer","floor":44.0,"turns":3.0},{"damage":10.0,"enemies":"Mind Bloom Boss Battle","floor":45.0,"turns":4.0},{"damage":3.0,"enemies":"Nemesis","floor":48.0,"turns":5.0},{"damage":2.0,"enemies":"Time Eater","floor":50.0,"turns":9.0},{"damage":26,"enemies":"Shield and Spear","floor":54,"turns":5},{"damage":51,"enemies":"The Heart","floor":55,"turns":12}],"seed_played":"5803808504147691789","potions_obtained":[{"floor":1.0,"key":"Fire Potion"},{"floor":2.0,"key":"GamblersBrew"},{"floor":10.0,"key":"Explosive Potion"},{"floor":11.0,"key":"Explosive Potion"},{"floor":16.0,"key":"SkillPotion"},{"floor":18.0,"key":"Fire Potion"},{"floor":31.0,"key":"SkillPotion"},{"floor":33.0,"key":"Swift Potion"},{"floor":39.0,"key":"EssenceOfSteel"},{"floor":40.0,"key":"SkillPotion"},{"floor":44.0,"key":"Weak Potion"},{"floor":45.0,"key":"SpeedPotion"}],"is_trial":false,"path_per_floor":["M","M","?","M","?","E","R","E","T","M","E","M","$","M","R","B",null,"M","M","?","$","M","E","M","R","T","E","R","$","R","E","R","B",null,"M","$","M","M","M","E","$","R","T","E","?","?","?","E","R","B",null,"R","$","E","B",null],"character_chosen":"DEFECT","items_purchased":["Self Repair+1","Panache+1","Panache+1","Strength Potion","OrangePellets","ClockworkSouvenir"],"campfire_rested":6,"item_purchase_floors":[13,13,21,29,36,53],"current_hp_per_floor":[68,68,68,62,62,54,54,34,34,23,19,19,19,14,36,23,62,72,59,53,53,53,33,32,54,54,36,58,58,58,35,57,61,72,70,70,48,33,21,31,31,53,53,66,75,75,65,75,75,75,75,75,75,65,39],"gold":34,"neow_bonus":"RANDOM_COMMON_RELIC","is_prod":false,"is_daily":false,"chose_seed":false,"campfire_upgraded":2,"win_rate":0,"timestamp":1556228992,"path_taken":["M","M","?","M","?","E","R","E","T","M","E","M","$","?","R","BOSS","M","M","?","?","M","E","M","R","T","E","R","$","R","E","R","BOSS","M","?","M","M","M","E","$","R","T","E","?","?","?","E","R","BOSS","R","$","E","BOSS"],"build_version":"2019-01-23","purchased_purges":2,"victory":true,"max_hp_per_floor":[75,75,75,75,75,75,75,75,75,75,75,75,75,75,75,75,75,75,75,75,75,75,75,75,75,75,75,75,75,75,75,75,75,75,75,75,75,75,75,75,75,75,75,75,75,75,75,75,75,75,75,75,75,75,75],"card_choices":[{"not_picked":["Redo","Chaos"],"picked":"BootSequence","floor":1.0},{"not_picked":["Coolheaded","Hologram"],"picked":"Barrage","floor":2.0},{"not_picked":["Conserve Battery","Beam Cell"],"picked":"Gash","floor":4.0},{"not_picked":["Rebound","Barrage"],"picked":"FTL","floor":6.0},{"not_picked":["Compile Driver","Steam"],"picked":"All For One","floor":8.0},{"not_picked":["Barrage","Chill"],"picked":"Beam Cell","floor":10.0},{"not_picked":["Leap","Conserve Battery"],"picked":"Go for the Eyes","floor":11.0},{"not_picked":["Consume","Streamline"],"picked":"Capacitor+1","floor":12.0},{"not_picked":["Go for the Eyes","Turbo"],"picked":"Undo","floor":14.0},{"not_picked":["Meteor Strike","Amplify"],"picked":"Electrodynamics+1","floor":16.0},{"not_picked":["Capacitor+1","Barrage"],"picked":"Heatsinks+1","floor":18.0},{"not_picked":["Rebound","Barrage"],"picked":"Beam Cell","floor":19.0},{"not_picked":["Skim","Ball Lightning"],"picked":"Capacitor+1","floor":22.0},{"not_picked":["Loop+1","Recycle"],"picked":"Gash+1","floor":23.0},{"not_picked":["Capacitor+1","Gash"],"picked":"Hologram","floor":24.0},{"not_picked":["Coolheaded","Melter"],"picked":"Glacier","floor":27.0},{"not_picked":["Tempest","Leap"],"picked":"BootSequence+1","floor":31.0},{"not_picked":["Fission","Hyperbeam"],"picked":"Core Surge","floor":33.0},{"not_picked":["Compile Driver+1","Steam","Leap"],"picked":"SKIP","floor":35.0},{"not_picked":["Beam Cell","Storm+1"],"picked":"FTL","floor":37.0},{"not_picked":["FTL","Electrodynamics+1"],"picked":"Defragment+1","floor":38.0},{"not_picked":["Turbo","Ball Lightning","Recycle+1"],"picked":"SKIP","floor":39.0},{"not_picked":["Redo","Steam","Capacitor+1"],"picked":"SKIP","floor":40.0},{"not_picked":["Cold Snap","Stack"],"picked":"Heatsinks+1","floor":44.0},{"not_picked":["Lockon","Turbo"],"picked":"Hologram+1","floor":45.0},{"not_picked":["Mind Blast","Good Instincts"],"picked":"Sadistic Nature+1","floor":47.0},{"not_picked":["Bandage Up","Trip"],"picked":"Dark Shackles","floor":47.0},{"not_picked":["Mind Blast","Swift Strike"],"picked":"Finesse","floor":47.0},{"not_picked":["Beam Cell","Sunder"],"picked":"Heatsinks+1","floor":48.0},{"not_picked":["Chill","Fission","Redo"],"picked":"SKIP","floor":54}],"player_experience":309809,"relics_obtained":[{"floor":6.0,"key":"MawBank"},{"floor":8.0,"key":"Frozen Egg 2"},{"floor":11.0,"key":"Lantern"},{"floor":23.0,"key":"Pen Nib"},{"floor":26.0,"key":"Bag of Marbles"},{"floor":27.0,"key":"War Paint"},{"floor":31.0,"key":"Centennial Puzzle"},{"floor":40.0,"key":"Bird Faced Urn"},{"floor":43.0,"key":"Symbiotic Virus"},{"floor":44.0,"key":"Happy Flower"},{"floor":45.0,"key":"Prayer Wheel"},{"floor":48.0,"key":"Dodecahedron"},{"floor":54,"key":"Blood Vial"}],"event_choices":[{"damage_healed":0.0,"max_hp_gain":0.0,"max_hp_loss":0.0,"gold_gain":0.0,"event_name":"Living Wall","player_choice":"Grow","floor":3.0,"gold_loss":0.0,"damage_taken":0.0,"cards_upgraded":["Zap"]},{"cards_removed":["Strike_B"],"damage_healed":0.0,"max_hp_gain":0.0,"max_hp_loss":0.0,"gold_gain":0.0,"event_name":"Purifier","player_choice":"Purged","floor":5.0,"gold_loss":0.0,"damage_taken":0.0},{"damage_healed":0.0,"max_hp_gain":0.0,"max_hp_loss":0.0,"gold_gain":0.0,"event_name":"Nest","player_choice":"Joined the Cult","floor":20.0,"gold_loss":0.0,"damage_taken":6.0,"cards_obtained":["RitualDagger"]},{"damage_healed":0.0,"max_hp_gain":0.0,"max_hp_loss":0.0,"gold_gain":0.0,"event_name":"MindBloom","player_choice":"Fight","floor":45.0,"gold_loss":0.0,"damage_taken":0.0},{"cards_removed":["Beam Cell"],"damage_healed":0.0,"max_hp_gain":0.0,"max_hp_loss":0.0,"gold_gain":0.0,"event_name":"Falling","player_choice":"Removed Attack","floor":46.0,"gold_loss":0.0,"damage_taken":0.0},{"damage_healed":0.0,"max_hp_gain":0.0,"max_hp_loss":0.0,"gold_gain":0.0,"event_name":"SensoryStone","player_choice":"Memory 3","floor":47.0,"gold_loss":0.0,"damage_taken":10.0}],"is_beta":false,"boss_relics":[{"not_picked":["Lizard Tail","White Beast Statue"],"picked":"Runic Pyramid"},{"not_picked":["Orrery","Inserter"],"picked":"Fusion Hammer"}],"items_purged_floors":[13,41],"is_endless":false,"potions_floor_spawned":[1,2,10,11,16,18,22,31,33,39,40,44,45],"ascension_level":12}