{"gold_per_floor":[119,137,84,84,84,84,114,114,114,114,114],"floor_reached":11,"playtime":139,"items_purged":[],"score":179,"play_id":"0528c453-3d2f-4cc8-904d-2beb712d3487","local_time":"20190527125627","is_ascension_mode":true,"campfire_choices":[{"data":"Dualcast","floor":6,"key":"SMITH"},{"data":"Coolheaded","floor":8,"key":"SMITH"}],"neow_cost":"NONE","seed_source_timestamp":1053120432749432,"circlet_count":0,"master_deck":["AscendersBane","Strike_B","Strike_B","Strike_B","Defend_B","Defend_B","Defend_B","Defend_B","Zap+1","Dualcast+1","Coolheaded+1","Conserve Battery","Gash"],"relics":["Cracked Core","NeowsBlessing","Regal Pillow","Pantograph"],"potions_floor_usage":[],"damage_taken":[{"damage":0,"enemies":"Cultist","floor":1,"turns":1},{"damage":0,"enemies":"Small Slimes","floor":2,"turns":1},{"damage":0,"enemies":"3 Sentries","floor":7,"turns":1},{"damage":69,"enemies":"Gremlin Nob","floor":11,"turns":4}],"seed_played":"-2444355615819448818","potions_obtained":[{"floor":2,"key":"SneckoOil"},{"floor":7,"key":"Dexterity Potion"}],"is_trial":false,"path_per_floor":["M","M","$","?","?","R","E","R","T","?","E"],"character_chosen":"DEFECT","items_purchased":["Fire Potion"],"campfire_rested":0,"item_purchase_floors":[3],"current_hp_per_floor":[64,64,64,64,64,64,64,64,64,64,0],"gold":114,"neow_bonus":"THREE_ENEMY_KILL","is_prod":false,"is_daily":false,"chose_seed":false,"campfire_upgraded":2,"win_rate":0,"timestamp":1558986987,"path_taken":["M","?","$","?","?","R","E","R","T","?","E"],"build_version":"2019-01-23","purchased_purges":0,"victory":false,"max_hp_per_floor":[71,71,71,71,71,71,71,71,71,71,71],"card_choices":[{"not_picked":["Streamline","Leap"],"picked":"Coolheaded","floor":1},{"not_picked":["Stack","Heatsinks"],"picked":"Conserve Battery","floor":2},{"not_picked":["Stack","BootSequence"],"picked":"Gash","floor":7}],"player_experience":538781,"relics_obtained":[{"floor":7,"key":"Regal Pillow"},{"floor":9,"key":"Pantograph"}],"event_choices":[{"damage_healed":0,"gold_gain":0,"player_choice":"Grow","damage_taken":0,"max_hp_gain":0,"max_hp_loss":0,"event_name":"Living Wall","floor":4,"gold_loss":0,"cards_upgraded":["Zap"]},{"damage_healed":0,"gold_gain":0,"player_choice":"Leave","damage_taken":0,"max_hp_gain":0,"max_hp_loss":0,"event_name":"The Cleric","floor":5,"gold_loss":0},{"cards_removed":["Strike_B"],"damage_healed":0,"gold_gain":0,"player_choice":"Purged","damage_taken":0,"max_hp_gain":0,"max_hp_loss":0,"event_name":"Purifier","floor":10,"gold_loss":0}],"is_beta":false,"boss_relics":[],"items_purged_floors":[],"is_endless":false,"potions_floor_spawned":[2,7],"killed_by":"Gremlin Nob","ascension_level":18}