{"gold_per_floor":[111,186,202,213,230,230,256,256,280,430,492,492,492,503,503,582,582,592,592,592,264,282,317,317,163,163,163],"floor_reached":27,"playtime":1007,"items_purged":["Doubt"],"score":458,"play_id":"62f5abe0-704d-4060-be7d-d03faabf7a90","local_time":"20190826182040","is_ascension_mode":true,"campfire_choices":[{"data":"Sunder","floor":6,"key":"SMITH"},{"data":"Beam Cell","floor":8,"key":"SMITH"},{"floor":12,"key":"REST"},{"data":"Undo","floor":15,"key":"SMITH"},{"floor":24,"key":"REST"}],"neow_cost":"NONE","seed_source_timestamp":1065371346754100,"circlet_count":0,"master_deck":["AscendersBane","Strike_B","Strike_B","Strike_B","Strike_B","Defend_B","Defend_B","Defend_B","Defend_B","Zap+1","Dualcast","Self Repair","Go for the Eyes+1","Sunder+1","Beam Cell+1","Glacier","Ball Lightning","Undo+1","Creative AI","Leap+1","Ghostly","Ghostly","Ghostly","Coolheaded","Redo+1","Defragment"],"relics":["Cracked Core","Anchor","Potion Belt","Pen Nib","Philosopher\u0027s Stone","Oddly Smooth Stone","Lantern","DataDisk","Letter Opener"],"potions_floor_usage":[11,16,27],"damage_taken":[{"damage":0,"enemies":"Jaw Worm","floor":1,"turns":3},{"damage":9,"enemies":"2 Louse","floor":3,"turns":3},{"damage":8,"enemies":"Small Slimes","floor":4,"turns":4},{"damage":0,"enemies":"2 Fungi Beasts","floor":5,"turns":2},{"damage":30,"enemies":"Lagavulin","floor":7,"turns":5},{"damage":3,"enemies":"Gremlin Nob","floor":11,"turns":3},{"damage":0,"enemies":"Looter","floor":14,"turns":4},{"damage":13,"enemies":"The Guardian","floor":16,"turns":12},{"damage":18,"enemies":"3 Byrds","floor":18,"turns":4},{"damage":2,"enemies":"Shell Parasite","floor":22,"turns":9},{"damage":18,"enemies":"Slavers","floor":23,"turns":13},{"damage":46,"enemies":"Gremlin Leader","floor":27,"turns":4}],"seed_played":"-5387501123814061674","potions_obtained":[{"floor":1,"key":"SkillPotion"},{"floor":3,"key":"Energy Potion"},{"floor":14,"key":"Energy Potion"}],"is_trial":false,"path_per_floor":["M","?","M","M","M","R","E","R","T","?","?","R","?","M","R","B",null,"M","?","?","$","M","E","R","$","T","E"],"character_chosen":"DEFECT","items_purchased":["Oddly Smooth Stone","Lantern","Defragment"],"campfire_rested":2,"item_purchase_floors":[21,21,25],"current_hp_per_floor":[64,53,51,50,50,50,20,20,20,20,24,45,45,52,52,46,65,47,35,28,28,40,22,34,34,34,0],"gold":163,"neow_bonus":"UPGRADE_CARD","is_prod":false,"is_daily":false,"chose_seed":false,"campfire_upgraded":3,"win_rate":0,"timestamp":1566868840,"path_taken":["M","?","M","M","M","R","E","R","T","?","?","R","?","M","R","BOSS","M","?","?","$","M","E","R","$","T","E"],"build_version":"2019-07-17","purchased_purges":1,"victory":false,"max_hp_per_floor":[71,71,71,71,71,71,71,71,71,71,71,71,71,71,71,71,71,71,35,40,40,40,40,40,40,40,40],"card_choices":[{"not_picked":["Stack","Genetic Algorithm"],"picked":"Self Repair","floor":1},{"not_picked":["Heatsinks","Steam"],"picked":"Go for the Eyes","floor":3},{"not_picked":["Chill","Beam Cell"],"picked":"Sunder","floor":4},{"not_picked":["Streamline","Sunder"],"picked":"Beam Cell","floor":5},{"not_picked":["Ball Lightning","Chaos"],"picked":"Glacier","floor":7},{"not_picked":["Aggregate","Multi-Cast"],"picked":"Ball Lightning","floor":11},{"not_picked":["Rip and Tear","Turbo"],"picked":"Undo","floor":14},{"not_picked":["Fission","Reboot"],"picked":"Creative AI","floor":16},{"not_picked":["Compile Driver","Coolheaded"],"picked":"Leap+1","floor":18},{"not_picked":["Redo","Gash"],"picked":"Coolheaded","floor":22},{"not_picked":["Chill","Steam"],"picked":"Redo+1","floor":23}],"player_experience":747505,"relics_obtained":[{"floor":7,"key":"Anchor"},{"floor":9,"key":"Potion Belt"},{"floor":11,"key":"Pen Nib"},{"floor":23,"key":"DataDisk"},{"floor":26,"key":"Letter Opener"}],"event_choices":[{"damage_healed":0,"gold_gain":75,"player_choice":"Gather Gold","damage_taken":11,"max_hp_gain":0,"max_hp_loss":0,"event_name":"World of Goop","floor":2,"gold_loss":0},{"damage_healed":0,"gold_gain":150,"player_choice":"AGREE","damage_taken":0,"max_hp_gain":0,"max_hp_loss":0,"event_name":"Liars Game","floor":10,"gold_loss":0,"cards_obtained":["Doubt"]},{"damage_healed":0,"gold_gain":0,"player_choice":"Searched \u00271\u0027 times","damage_taken":0,"max_hp_gain":0,"max_hp_loss":0,"event_name":"Dead Adventurer","floor":11,"gold_loss":0},{"damage_healed":0,"gold_gain":0,"player_choice":"Grow","damage_taken":0,"max_hp_gain":0,"max_hp_loss":0,"event_name":"Living Wall","floor":13,"gold_loss":0,"cards_upgraded":["Go for the Eyes"]},{"damage_healed":0,"gold_gain":0,"player_choice":"Became a Ghost","damage_taken":0,"max_hp_gain":0,"max_hp_loss":36,"event_name":"Ghosts","floor":19,"gold_loss":0,"cards_obtained":["Ghostly","Ghostly","Ghostly"]},{"damage_healed":0,"gold_gain":0,"player_choice":"Shed Blood","damage_taken":12,"max_hp_gain":5,"max_hp_loss":0,"event_name":"Forgotten Altar","floor":20,"gold_loss":0}],"is_beta":false,"boss_relics":[{"not_picked":["FrozenCore","Black Star"],"picked":"Philosopher\u0027s Stone"}],"items_purged_floors":[25],"is_endless":false,"potions_floor_spawned":[1,3,4,14],"killed_by":"Gremlin Leader","ascension_level":20}