{"gold_per_floor":[131,154,177,189,201,213,237,279,291,303,344,456,468,491,503,594,606,636,660,672],"floor_reached":20,"playtime":731,"items_purged":[],"score":368,"play_id":"ee5137cd-04b0-41f5-b4c4-969184728b15","local_time":"20190707201620","is_ascension_mode":true,"campfire_choices":[{"data":"Dualcast","floor":6,"key":"SMITH"},{"floor":10,"key":"REST"},{"floor":13,"key":"REST"},{"floor":15,"key":"REST"}],"neow_cost":"NONE","seed_source_timestamp":1964881880091860,"circlet_count":0,"master_deck":["AscendersBane","Strike_B","Strike_B","Strike_B","Strike_B","Defend_B","Defend_B","Defend_B","Defend_B","Zap","Dualcast+1","Ball Lightning","Go for the Eyes+1","Ball Lightning","Chill","Beam Cell","Leap","Hello World","Genetic Algorithm","Glacier","Electrodynamics","Glacier+1","Redo+1"],"relics":["Cracked Core","MawBank","Dream Catcher","Strawberry","Question Card","Runic Dome"],"potions_floor_usage":[8,11],"damage_taken":[{"damage":14,"enemies":"Small Slimes","floor":1,"turns":3},{"damage":7,"enemies":"Jaw Worm","floor":2,"turns":3},{"damage":0,"enemies":"Cultist","floor":3,"turns":3},{"damage":19,"enemies":"3 Louse","floor":7,"turns":4},{"damage":8,"enemies":"Gremlin Nob","floor":8,"turns":3},{"damage":13,"enemies":"Lagavulin","floor":11,"turns":6},{"damage":12,"enemies":"Gremlin Gang","floor":14,"turns":4},{"damage":26,"enemies":"The Guardian","floor":16,"turns":14},{"damage":28,"enemies":"2 Thieves","floor":18,"turns":4},{"damage":22,"enemies":"Chosen","floor":19,"turns":5},{"damage":24,"enemies":"Snake Plant","floor":20,"turns":3}],"seed_played":"4255510144098222672","potions_obtained":[{"floor":2,"key":"SpeedPotion"},{"floor":3,"key":"Energy Potion"},{"floor":5,"key":"FearPotion"},{"floor":5,"key":"Weak Potion"},{"floor":11,"key":"Energy Potion"},{"floor":19,"key":"SteroidPotion"}],"is_trial":false,"path_per_floor":["M","M","M","?","?","R","M","E","T","R","E","?","R","M","R","B",null,"M","M","M"],"character_chosen":"DEFECT","items_purchased":[],"campfire_rested":3,"item_purchase_floors":[],"current_hp_per_floor":[50,43,43,43,43,43,24,16,23,46,33,33,56,44,67,41,69,41,19,0],"gold":672,"neow_bonus":"RANDOM_COMMON_RELIC","is_prod":false,"is_daily":false,"chose_seed":false,"campfire_upgraded":1,"win_rate":0,"timestamp":1562555780,"path_taken":["M","M","M","?","?","R","?","E","T","R","E","?","R","M","R","BOSS","M","?","M"],"build_version":"2019-07-05","purchased_purges":0,"victory":false,"max_hp_per_floor":[71,71,71,71,71,71,71,71,78,78,78,78,78,78,78,78,78,78,78,78],"card_choices":[{"not_picked":["Compile Driver","FTL"],"picked":"Ball Lightning","floor":1},{"not_picked":["Double Energy","Blizzard"],"picked":"Go for the Eyes","floor":2},{"not_picked":["Turbo","Stack"],"picked":"Ball Lightning","floor":3},{"not_picked":["Redo","Barrage","Recycle"],"picked":"SKIP","floor":7},{"not_picked":["Double Energy","All For One"],"picked":"Chill","floor":8},{"not_picked":["Darkness","Stack"],"picked":"Beam Cell","floor":10},{"not_picked":["Turbo","Streamline"],"picked":"Leap","floor":11},{"not_picked":["Cold Snap","Double Energy","Turbo"],"picked":"Hello World","floor":13},{"not_picked":["Leap","Stack","Cold Snap"],"picked":"Genetic Algorithm","floor":14},{"not_picked":["Hello World","Rebound","Steam"],"picked":"Glacier","floor":15},{"not_picked":["Multi-Cast","Hyperbeam","Machine Learning"],"picked":"Electrodynamics","floor":16},{"not_picked":["Heatsinks","Aggregate","Redo"],"picked":"Glacier+1","floor":18},{"not_picked":["Cold Snap","Coolheaded","Chill"],"picked":"Redo+1","floor":19}],"player_experience":639190,"relics_obtained":[{"floor":8,"key":"Dream Catcher"},{"floor":9,"key":"Strawberry"},{"floor":11,"key":"Question Card"}],"event_choices":[{"damage_healed":0,"gold_gain":0,"player_choice":"Grow","damage_taken":0,"max_hp_gain":0,"max_hp_loss":0,"event_name":"Living Wall","floor":4,"gold_loss":0,"cards_upgraded":["Go for the Eyes"]},{"damage_healed":0,"gold_gain":0,"player_choice":"Got Potions","damage_taken":0,"max_hp_gain":0,"max_hp_loss":0,"event_name":"Lab","floor":5,"gold_loss":0},{"damage_healed":0,"gold_gain":100,"player_choice":"Gold","damage_taken":0,"max_hp_gain":0,"max_hp_loss":0,"event_name":"Wheel of Change","floor":12,"gold_loss":0}],"is_beta":false,"boss_relics":[{"not_picked":["Black Star","Astrolabe"],"picked":"Runic Dome"}],"items_purged_floors":[],"is_endless":false,"potions_floor_spawned":[2,3,11,19],"killed_by":"Snake Plant","ascension_level":20}