{"gold_per_floor":[116,130,130,130,130,130,148,188,211,211,229,244,244,244],"floor_reached":14,"playtime":324,"items_purged":[],"score":180,"play_id":"26284fde-6f15-481b-95d5-52a88e50a7dd","local_time":"20190717132839","is_ascension_mode":true,"campfire_choices":[{"data":"Loop","floor":6,"key":"SMITH"},{"data":"Dualcast","floor":10,"key":"SMITH"},{"floor":13,"key":"REST"}],"neow_cost":"NONE","seed_source_timestamp":529107497883257,"circlet_count":0,"master_deck":["AscendersBane","Strike_B","Strike_B","Strike_B","Strike_B","Defend_B","Defend_B","Defend_B","Defend_B","Zap+1","Dualcast+1","Loop+1","Streamline+1","Injury","Ball Lightning","Cold Snap","Coolheaded","Doom and Gloom"],"relics":["Cracked Core","Pen Nib","Golden Idol","Turnip","Bag of Marbles"],"potions_floor_usage":[8,12],"damage_taken":[{"damage":4,"enemies":"Jaw Worm","floor":1,"turns":4},{"damage":3,"enemies":"2 Louse","floor":2,"turns":4},{"damage":3,"enemies":"Small Slimes","floor":7,"turns":2},{"damage":15,"enemies":"3 Sentries","floor":8,"turns":4},{"damage":6,"enemies":"Looter","floor":11,"turns":2},{"damage":15,"enemies":"Exordium Thugs","floor":12,"turns":5},{"damage":29,"enemies":"Gremlin Nob","floor":14,"turns":3}],"seed_played":"-8114123418320143047","potions_obtained":[{"floor":1,"key":"Fire Potion"},{"floor":7,"key":"Weak Potion"}],"is_trial":false,"path_per_floor":["M","M","?","?","?","R","M","E","T","R","M","M","R","E"],"character_chosen":"DEFECT","items_purchased":[],"campfire_rested":1,"item_purchase_floors":[],"current_hp_per_floor":[60,57,46,46,46,46,43,28,28,28,22,7,28,0],"gold":244,"neow_bonus":"UPGRADE_CARD","is_prod":false,"is_daily":false,"chose_seed":false,"campfire_upgraded":2,"win_rate":0,"timestamp":1563395319,"path_taken":["M","M","?","?","?","R","M","E","T","R","M","M","R","E"],"build_version":"2019-07-05","purchased_purges":0,"victory":false,"max_hp_per_floor":[71,71,71,71,71,71,71,71,71,71,71,71,71,71],"card_choices":[{"not_picked":["Consume","Double Energy"],"picked":"Loop","floor":1},{"not_picked":["Beam Cell","Auto Shields"],"picked":"Streamline","floor":2},{"not_picked":["Sweeping Beam","Static Discharge"],"picked":"Ball Lightning","floor":7},{"not_picked":["Auto Shields","Hyperbeam"],"picked":"Cold Snap","floor":8},{"not_picked":["FTL","Rebound"],"picked":"Coolheaded","floor":11},{"not_picked":["Beam Cell","Steam Power"],"picked":"Doom and Gloom","floor":12}],"player_experience":679813,"relics_obtained":[{"floor":8,"key":"Turnip"},{"floor":9,"key":"Bag of Marbles"}],"event_choices":[{"damage_healed":0,"gold_gain":0,"player_choice":"Success","damage_taken":11,"relics_obtained":["Pen Nib"],"max_hp_gain":0,"max_hp_loss":0,"event_name":"Scrap Ooze","floor":3,"gold_loss":0},{"damage_healed":0,"gold_gain":0,"player_choice":"Grow","damage_taken":0,"max_hp_gain":0,"max_hp_loss":0,"event_name":"Living Wall","floor":4,"gold_loss":0,"cards_upgraded":["Streamline"]},{"damage_healed":0,"gold_gain":0,"player_choice":"Take Wound","damage_taken":0,"relics_obtained":["Golden Idol"],"max_hp_gain":0,"max_hp_loss":0,"event_name":"Golden Idol","floor":5,"gold_loss":0,"cards_obtained":["Injury"]}],"is_beta":false,"boss_relics":[],"items_purged_floors":[],"is_endless":false,"potions_floor_spawned":[1,7],"killed_by":"Gremlin Nob","ascension_level":20}