{"gold_per_floor":[114,57,132,132,147,147,159,186,186,186],"floor_reached":10,"playtime":182,"items_purged":[],"score":132,"play_id":"2a5daff6-e362-44d0-be0c-6cd5d78782e5","local_time":"20191022194208","is_ascension_mode":true,"campfire_choices":[{"data":"Hologram","floor":6,"key":"SMITH"}],"neow_cost":"NONE","seed_source_timestamp":874885948864100,"circlet_count":0,"master_deck":["AscendersBane","Strike_B","Strike_B","Strike_B","Strike_B","Defend_B","Defend_B","Defend_B","Defend_B","Zap","Dualcast","Rebound","Gash","Hologram+1","Conserve Battery","Beam Cell"],"relics":["Cracked Core","NeowsBlessing","Pantograph","Lantern"],"potions_floor_usage":[8,10],"damage_taken":[{"damage":0,"enemies":"2 Louse","floor":1,"turns":1},{"damage":0,"enemies":"Small Slimes","floor":5,"turns":1},{"damage":0,"enemies":"Cultist","floor":7,"turns":1},{"damage":32,"enemies":"Gremlin Nob","floor":8,"turns":4},{"damage":24,"enemies":"Lagavulin","floor":10,"turns":7}],"seed_played":"-4208659317325986285","potions_obtained":[{"floor":5,"key":"AttackPotion"},{"floor":8,"key":"Dexterity Potion"}],"is_trial":false,"path_per_floor":["M","$","?","?","M","R","M","E","T","E"],"character_chosen":"DEFECT","items_purchased":["Gash"],"campfire_rested":0,"item_purchase_floors":[2],"current_hp_per_floor":[64,64,53,43,43,43,43,11,11,0],"gold":186,"neow_bonus":"THREE_ENEMY_KILL","is_prod":false,"is_daily":false,"chose_seed":false,"campfire_upgraded":1,"win_rate":0,"timestamp":1571798528,"path_taken":["M","$","?","?","M","R","M","E","T","E"],"build_version":"2019-07-17","purchased_purges":0,"victory":false,"max_hp_per_floor":[71,71,71,71,71,71,71,71,71,71],"card_choices":[{"not_picked":["Stack","Barrage"],"picked":"Rebound","floor":1},{"not_picked":["Recycle","Reinforced Body"],"picked":"Hologram","floor":5},{"not_picked":["Beam Cell","Defragment"],"picked":"Conserve Battery","floor":7},{"not_picked":["Hello World","Steam"],"picked":"Beam Cell","floor":8}],"player_experience":884318,"relics_obtained":[{"floor":8,"key":"Pantograph"},{"floor":9,"key":"Lantern"}],"event_choices":[{"damage_healed":0,"gold_gain":75,"player_choice":"Gather Gold","damage_taken":11,"max_hp_gain":0,"max_hp_loss":0,"event_name":"World of Goop","floor":3,"gold_loss":0},{"damage_healed":0,"gold_gain":0,"player_choice":"Damaged","damage_taken":10,"max_hp_gain":0,"max_hp_loss":0,"event_name":"Wheel of Change","floor":4,"gold_loss":0}],"is_beta":false,"boss_relics":[],"items_purged_floors":[],"is_endless":false,"potions_floor_spawned":[5,8],"killed_by":"Lagavulin","ascension_level":20}