{"gold_per_floor":[111,186,197,72,122,149,167,167,194,220,231,231,266,286,286,365,365,376,376,391,289,289],"floor_reached":22,"playtime":924,"items_purged":["Strike_B"],"score":435,"play_id":"fe35db4c-8754-49ca-8622-08f033a13232","local_time":"20190527145702","is_ascension_mode":true,"campfire_choices":[{"floor":12.0,"key":"REST"},{"floor":15.0,"key":"REST"}],"neow_cost":"NONE","seed_source_timestamp":0,"circlet_count":0,"master_deck":["AscendersBane","Strike_B","Strike_B","Defend_B","Defend_B","Defend_B","Defend_B","Zap","Dualcast","Rebound","Beam Cell","Capacitor","Sunder","Ball Lightning","Go for the Eyes","Ball Lightning","Reinforced Body","Self Repair","Biased Cognition","Coolheaded","Coolheaded","Barrage"],"special_seed":0,"relics":["Cracked Core","NeowsBlessing","Juzu Bracelet","Potion Belt","Art of War","Kunai","Nuclear Battery","Smiling Mask"],"potions_floor_usage":[16],"damage_taken":[{"damage":0.0,"enemies":"2 Louse","floor":1.0,"turns":1.0},{"damage":0.0,"enemies":"Cultist","floor":3.0,"turns":1.0},{"damage":0.0,"enemies":"Gremlin Nob","floor":6.0,"turns":1.0},{"damage":7.0,"enemies":"Jaw Worm","floor":7.0,"turns":2.0},{"damage":35.0,"enemies":"3 Sentries","floor":10.0,"turns":8.0},{"damage":4.0,"enemies":"Large Slime","floor":11.0,"turns":3.0},{"damage":11.0,"enemies":"Gremlin Nob","floor":13.0,"turns":3.0},{"damage":0.0,"enemies":"2 Fungi Beasts","floor":14.0,"turns":3.0},{"damage":35,"enemies":"The Guardian","floor":16,"turns":11},{"damage":16,"enemies":"3 Byrds","floor":18,"turns":5},{"damage":23,"enemies":"2 Thieves","floor":20,"turns":4},{"damage":45,"enemies":"Masked Bandits","floor":22,"turns":3}],"seed_played":"9071128882382829736","potions_obtained":[{"floor":1.0,"key":"PowerPotion"},{"floor":3.0,"key":"Strength Potion"},{"floor":13.0,"key":"SteroidPotion"},{"floor":14.0,"key":"SkillPotion"},{"floor":16,"key":"FocusPotion"}],"is_trial":false,"path_per_floor":["M","?","M","$","?","E","M","?","T","E","M","R","E","M","R","B",null,"M","T","M","$","?"],"character_chosen":"DEFECT","items_purchased":["Capacitor","Sunder","Barrage"],"campfire_rested":2,"item_purchase_floors":[4,4,21],"current_hp_per_floor":[64,53,53,53,53,53,46,46,46,11,7,28,17,17,38,10,56,47,47,31,31,0],"gold":289,"neow_bonus":"THREE_ENEMY_KILL","is_prod":false,"is_daily":false,"chose_seed":false,"campfire_upgraded":0,"win_rate":0,"timestamp":1558994222,"path_taken":["M","?","M","$","?","E","M","?","T","E","M","R","E","M","R","BOSS","M","?","M","$","?"],"build_version":"2019-01-23","purchased_purges":1,"victory":false,"max_hp_per_floor":[71,71,71,71,71,71,71,71,71,71,71,71,71,71,71,71,71,71,71,71,71,71],"card_choices":[{"not_picked":["Loop","Consume"],"picked":"Rebound","floor":1.0},{"not_picked":["Lockon","Steam"],"picked":"Beam Cell","floor":3.0},{"not_picked":["Steam","Tempest","Rebound"],"picked":"SKIP","floor":6.0},{"not_picked":["Turbo","Go for the Eyes"],"picked":"Ball Lightning","floor":7.0},{"not_picked":["Hologram","Meteor Strike"],"picked":"Go for the Eyes","floor":10.0},{"not_picked":["Stack","Hello World"],"picked":"Ball Lightning","floor":11.0},{"not_picked":["Lockon","Stack"],"picked":"Reinforced Body","floor":13.0},{"not_picked":["Auto Shields","Skim"],"picked":"Self Repair","floor":14.0},{"not_picked":["Fission","Seek"],"picked":"Biased Cognition","floor":16},{"not_picked":["Sweeping Beam","Steam+1"],"picked":"Coolheaded","floor":18},{"not_picked":["Darkness","Fusion"],"picked":"Coolheaded","floor":20}],"player_experience":539935,"relics_obtained":[{"floor":6.0,"key":"Juzu Bracelet"},{"floor":9.0,"key":"Potion Belt"},{"floor":10.0,"key":"Art of War"},{"floor":13.0,"key":"Kunai"},{"floor":19,"key":"Smiling Mask"}],"event_choices":[{"damage_healed":0.0,"max_hp_gain":0.0,"max_hp_loss":0.0,"gold_gain":75.0,"event_name":"World of Goop","player_choice":"Gather Gold","floor":2.0,"gold_loss":0.0,"damage_taken":11.0},{"damage_healed":0.0,"max_hp_gain":0.0,"max_hp_loss":0.0,"gold_gain":50.0,"event_name":"Golden Shrine","player_choice":"Pray","floor":5.0,"gold_loss":0.0,"damage_taken":0.0},{"cards_removed":["Strike_B"],"damage_healed":0.0,"max_hp_gain":0.0,"max_hp_loss":0.0,"gold_gain":0.0,"event_name":"Bonfire Elementals","player_choice":"Offered Basic","floor":8.0,"gold_loss":0.0,"damage_taken":0.0},{"damage_healed":0,"gold_gain":0,"player_choice":"Fought Bandits","damage_taken":0,"max_hp_gain":0,"max_hp_loss":0,"event_name":"Masked Bandits","floor":22,"gold_loss":0}],"is_beta":false,"boss_relics":[{"not_picked":["FrozenCore","Runic Dome"],"picked":"Nuclear Battery"}],"items_purged_floors":[21],"is_endless":false,"potions_floor_spawned":[1,3,13,14,16],"killed_by":"Masked Bandits","ascension_level":18}