{"gold_per_floor":[111,111,261,286,211,255,255,279,360,360,379,379,393,411,411,411],"floor_reached":16,"playtime":306,"items_purged":[],"score":254,"play_id":"78b29175-d765-4066-b2bd-23bb9a437020","local_time":"20190902154118","is_ascension_mode":true,"campfire_choices":[{"floor":12,"key":"REST"},{"data":"Streamline","floor":15,"key":"SMITH"}],"neow_cost":"NONE","seed_source_timestamp":1661312254864200,"circlet_count":0,"master_deck":["AscendersBane","Strike_B","Strike_B","Strike_B","Strike_B","Defend_B","Defend_B","Defend_B","Defend_B","Zap","Dualcast","Cold Snap","BootSequence","Rebound+1","Capacitor","Capacitor","Streamline+1"],"relics":["Cracked Core","NeowsBlessing","Golden Idol","Boot","Matryoshka","Dodecahedron"],"potions_floor_usage":[16,16],"damage_taken":[{"damage":0,"enemies":"Small Slimes","floor":1,"turns":1},{"damage":0,"enemies":"2 Louse","floor":4,"turns":1},{"damage":0,"enemies":"3 Sentries","floor":6,"turns":2},{"damage":0,"enemies":"Jaw Worm","floor":8,"turns":3},{"damage":7,"enemies":"2 Fungi Beasts","floor":11,"turns":3},{"damage":5,"enemies":"Looter","floor":13,"turns":3},{"damage":10,"enemies":"Large Slime","floor":14,"turns":6},{"damage":25,"enemies":"Hexaghost","floor":16,"turns":9}],"seed_played":"2264633157236151327","potions_obtained":[{"floor":1,"key":"EssenceOfSteel"},{"floor":6,"key":"EssenceOfSteel"},{"floor":14,"key":"Strength Potion"}],"is_trial":false,"path_per_floor":["M","?","?","M","?","E","?","M","T","?","M","R","M","M","R","B"],"character_chosen":"DEFECT","items_purchased":[],"campfire_rested":1,"item_purchase_floors":[],"current_hp_per_floor":[64,40,40,40,40,40,40,40,40,22,15,36,31,21,21,0],"gold":411,"neow_bonus":"THREE_ENEMY_KILL","is_prod":false,"is_daily":false,"chose_seed":false,"campfire_upgraded":1,"win_rate":0,"timestamp":1567464078,"path_taken":["M","?","?","M","?","E","?","?","T","?","M","R","M","M","R","BOSS"],"build_version":"2019-07-17","purchased_purges":0,"victory":false,"max_hp_per_floor":[71,71,71,71,71,71,71,71,71,71,71,71,71,71,71,71],"card_choices":[{"not_picked":["Static Discharge","Streamline"],"picked":"Cold Snap","floor":1},{"not_picked":["Turbo","Scrape"],"picked":"BootSequence","floor":4},{"not_picked":["Turbo","Chill"],"picked":"Rebound","floor":6},{"not_picked":["Turbo","Sweeping Beam"],"picked":"Capacitor","floor":8},{"not_picked":["Rebound","Stack"],"picked":"Capacitor","floor":11},{"not_picked":["Darkness","Meteor Strike"],"picked":"Streamline","floor":13},{"not_picked":["Rebound","Go for the Eyes","Hologram"],"picked":"SKIP","floor":14}],"player_experience":792077,"relics_obtained":[{"floor":6,"key":"Boot"},{"floor":9,"key":"Matryoshka"}],"event_choices":[{"damage_healed":0,"gold_gain":0,"player_choice":"Take Damage","damage_taken":24,"relics_obtained":["Golden Idol"],"max_hp_gain":0,"max_hp_loss":0,"event_name":"Golden Idol","floor":2,"gold_loss":0},{"damage_healed":0,"gold_gain":150,"player_choice":"AGREE","damage_taken":0,"max_hp_gain":0,"max_hp_loss":0,"event_name":"Liars Game","floor":3,"gold_loss":0,"cards_obtained":["Doubt"]},{"cards_removed":["Doubt"],"damage_healed":0,"gold_gain":0,"player_choice":"Card Removal","damage_taken":0,"max_hp_gain":0,"max_hp_loss":0,"event_name":"The Cleric","floor":5,"gold_loss":75},{"damage_healed":0,"gold_gain":0,"player_choice":"Grow","damage_taken":0,"max_hp_gain":0,"max_hp_loss":0,"event_name":"Living Wall","floor":7,"gold_loss":0,"cards_upgraded":["Rebound"]},{"damage_healed":0,"gold_gain":0,"player_choice":"Success","damage_taken":18,"relics_obtained":["Dodecahedron"],"max_hp_gain":0,"max_hp_loss":0,"event_name":"Scrap Ooze","floor":10,"gold_loss":0}],"is_beta":false,"boss_relics":[],"items_purged_floors":[],"is_endless":false,"potions_floor_spawned":[1,6,14],"killed_by":"Hexaghost","ascension_level":20}