{"gold_per_floor":[119,137,137,137,137,137,164,164,164,189,202,202,215,235,235,337,337,353,37,37,53,53,53,66,86,86,86,106,106,121,133,133,133],"floor_reached":33,"playtime":1291,"items_purged":["Strike_G"],"score":414,"play_id":"47c83035-0f40-4414-a060-81a126afa786","local_time":"20190418190016","is_ascension_mode":true,"campfire_choices":[{"data":"Survivor","floor":6,"key":"SMITH"},{"floor":8,"key":"REST"},{"data":"Noxious Fumes","floor":12,"key":"SMITH"},{"floor":15,"key":"REST"},{"floor":23,"key":"REST"},{"floor":29,"key":"REST"},{"floor":32,"key":"REST"}],"neow_cost":"NONE","seed_source_timestamp":283452035158700,"circlet_count":0,"master_deck":["AscendersBane","Defend_G","Defend_G","Defend_G","Defend_G","Defend_G","Strike_G+1","Strike_G+1","Strike_G+1","Strike_G","Survivor+1","Neutralize+1","Poisoned Stab+1","Panacea","Noxious Fumes+1","Noxious Fumes","Noxious Fumes","Catalyst","Footwork"],"relics":["Ring of the Snake","Singing Bowl","Matryoshka","Pen Nib","Fusion Hammer","Membership Card","Whetstone","Lantern","Bag of Marbles"],"potions_floor_usage":[7,16,16,28,31,31,33],"damage_taken":[{"damage":0,"enemies":"Jaw Worm","floor":1,"turns":7},{"damage":3,"enemies":"2 Louse","floor":2,"turns":4},{"damage":26,"enemies":"Gremlin Nob","floor":7,"turns":5},{"damage":20,"enemies":"Lagavulin","floor":10,"turns":6},{"damage":0,"enemies":"Small Slimes","floor":11,"turns":3},{"damage":18,"enemies":"Exordium Thugs","floor":13,"turns":4},{"damage":0,"enemies":"Red Slaver","floor":14,"turns":5},{"damage":13,"enemies":"Slime Boss","floor":16,"turns":8},{"damage":5,"enemies":"Shell Parasite","floor":18,"turns":5},{"damage":8,"enemies":"Chosen","floor":21,"turns":5},{"damage":33,"enemies":"Snecko","floor":24,"turns":5},{"damage":15,"enemies":"Centurion and Healer","floor":25,"turns":6},{"damage":4,"enemies":"Snake Plant","floor":28,"turns":4},{"damage":6,"enemies":"Cultist and Chosen","floor":30,"turns":6},{"damage":25,"enemies":"Centurion and Healer","floor":31,"turns":6},{"damage":64,"enemies":"Collector","floor":33,"turns":7}],"seed_played":"5905274145849170058","potions_obtained":[{"floor":2,"key":"Swift Potion"},{"floor":11,"key":"Block Potion"},{"floor":13,"key":"Explosive Potion"},{"floor":14,"key":"AttackPotion"},{"floor":24,"key":"Explosive Potion"},{"floor":25,"key":"Swift Potion"},{"floor":28,"key":"Regen Potion"}],"is_trial":false,"path_per_floor":["M","M","?","?","?","R","E","R","T","E","M","R","M","M","R","B",null,"M","$","?","M","?","R","M","M","T","?","M","R","M","M","R","B"],"character_chosen":"THE_SILENT","items_purchased":["Membership Card","Whetstone"],"campfire_rested":5,"item_purchase_floors":[19,19],"current_hp_per_floor":[63,60,65,50,50,50,24,46,46,26,28,28,12,14,38,27,69,64,64,48,40,40,66,35,20,20,20,18,45,41,18,46,0],"gold":133,"neow_bonus":"UPGRADE_CARD","is_prod":false,"is_daily":false,"chose_seed":false,"campfire_upgraded":2,"win_rate":0,"timestamp":1555606816,"path_taken":["M","M","?","?","?","R","E","R","T","E","M","R","M","?","R","BOSS","M","$","?","M","?","R","M","M","T","?","M","R","M","M","R","BOSS"],"build_version":"2019-01-23","purchased_purges":1,"victory":false,"max_hp_per_floor":[70,70,75,75,75,75,75,75,75,75,77,77,79,81,81,83,83,83,83,88,88,88,88,90,90,90,90,92,92,94,96,96,96],"card_choices":[{"not_picked":["Flying Knee","Expertise","Bane"],"picked":"SKIP","floor":1},{"not_picked":["Caltrops","Outmaneuver"],"picked":"Poisoned Stab","floor":2},{"not_picked":["Caltrops","Flying Knee"],"picked":"Noxious Fumes","floor":7},{"not_picked":["Outmaneuver","Blade Dance"],"picked":"Noxious Fumes","floor":10},{"not_picked":["Dagger Throw","Accuracy","Dash"],"picked":"Singing Bowl","floor":11},{"not_picked":["Dodge and Roll","Accuracy","Envenom"],"picked":"Singing Bowl","floor":13},{"not_picked":["Dodge and Roll","Setup","Deadly Poison"],"picked":"Singing Bowl","floor":14},{"not_picked":["Envenom","Die Die Die","Tools of the Trade"],"picked":"Singing Bowl","floor":16},{"not_picked":["Dagger Spray","Crippling Poison"],"picked":"Noxious Fumes","floor":18},{"not_picked":["Acrobatics+1","Backflip+1"],"picked":"Catalyst","floor":21},{"not_picked":["Quick Slash+1","Backflip","Deadly Poison"],"picked":"Singing Bowl","floor":24},{"not_picked":["Cloak And Dagger+1","PiercingWail"],"picked":"Footwork","floor":25},{"not_picked":["Bullet Time","Underhanded Strike","Deflect"],"picked":"Singing Bowl","floor":28},{"not_picked":["Acrobatics","Slice","Masterful Stab"],"picked":"Singing Bowl","floor":30},{"not_picked":["Eviscerate","Skewer","Dagger Spray"],"picked":"Singing Bowl","floor":31}],"player_experience":419875,"relics_obtained":[{"floor":7,"key":"Singing Bowl"},{"floor":9,"key":"Matryoshka"},{"floor":10,"key":"Pen Nib"},{"floor":26,"key":"Lantern"},{"floor":26,"key":"Bag of Marbles"}],"event_choices":[{"damage_healed":0,"gold_gain":0,"player_choice":"Donut","damage_taken":0,"max_hp_gain":5,"max_hp_loss":0,"event_name":"Big Fish","floor":3,"gold_loss":0},{"damage_healed":0,"gold_gain":0,"player_choice":"Entered Light","damage_taken":15,"max_hp_gain":0,"max_hp_loss":0,"event_name":"Shining Light","floor":4,"gold_loss":0,"cards_upgraded":["Strike_G","Poisoned Stab"]},{"damage_healed":0,"gold_gain":0,"player_choice":"1 cards matched","damage_taken":0,"max_hp_gain":0,"max_hp_loss":0,"event_name":"Match and Keep!","floor":5,"gold_loss":0,"cards_obtained":["Panacea"]},{"damage_healed":0,"gold_gain":0,"player_choice":"Shed Blood","damage_taken":21,"max_hp_gain":5,"max_hp_loss":0,"event_name":"Forgotten Altar","floor":20,"gold_loss":0},{"damage_healed":0,"gold_gain":0,"player_choice":"Ignored","damage_taken":0,"max_hp_gain":0,"max_hp_loss":0,"event_name":"Vampires","floor":22,"gold_loss":0},{"damage_healed":0,"gold_gain":0,"player_choice":"Ignored","damage_taken":0,"max_hp_gain":0,"max_hp_loss":0,"event_name":"The Mausoleum","floor":27,"gold_loss":0}],"is_beta":false,"boss_relics":[{"not_picked":["WristBlade","Black Star"],"picked":"Fusion Hammer"}],"items_purged_floors":[19],"is_endless":false,"potions_floor_spawned":[2,11,13,14,24,25,28],"killed_by":"Collector","ascension_level":10}