{"gold_per_floor":[116,116,73,73,88,88,122,122,122,153,153,153,172,216,216,306,306,319,339,339,363,377,377,302,302],"floor_reached":25,"playtime":727,"items_purged":[],"score":513,"play_id":"0cfe89ce-7a80-493e-bdaf-bcf08bb7d1b0","local_time":"20190806211452","is_ascension_mode":true,"campfire_choices":[{"floor":6,"key":"REST"},{"data":"Reinforced Body","floor":8,"key":"SMITH"},{"floor":15,"key":"REST"},{"floor":23,"key":"REST"}],"neow_cost":"NONE","seed_source_timestamp":419068992092100,"circlet_count":0,"master_deck":["AscendersBane","Strike_B","Strike_B","Defend_B","Defend_B","Defend_B","Defend_B","Zap","Dualcast","Gash","Loop+1","Echo Form","Gash","Reinforced Body+1","Gash","Gash","Stack","Steam","Steam+1","Steam"],"relics":["Cracked Core","NeowsBlessing","Golden Idol","Bronze Scales","Thread and Needle","PreservedInsect","Eternal Feather"],"potions_floor_usage":[14,16],"damage_taken":[{"damage":0,"enemies":"Jaw Worm","floor":1,"turns":1},{"damage":0,"enemies":"Small Slimes","floor":5,"turns":1},{"damage":0,"enemies":"Gremlin Nob","floor":7,"turns":1},{"damage":30,"enemies":"Lagavulin","floor":10,"turns":8},{"damage":2,"enemies":"Cultist","floor":13,"turns":3},{"damage":14,"enemies":"3 Sentries","floor":14,"turns":6},{"damage":22,"enemies":"The Guardian","floor":16,"turns":10},{"damage":13,"enemies":"Spheric Guardian","floor":18,"turns":5},{"damage":3,"enemies":"3 Byrds","floor":19,"turns":3},{"damage":43,"enemies":"3 Cultists","floor":21,"turns":6},{"damage":32,"enemies":"Shelled Parasite and Fungi","floor":22,"turns":8},{"damage":51,"enemies":"Slavers","floor":25,"turns":5}],"seed_played":"1936222170962571715","potions_obtained":[{"floor":5,"key":"Poison Potion"},{"floor":13,"key":"Dexterity Potion"},{"floor":14,"key":"Fruit Juice"},{"floor":21,"key":"Dexterity Potion"}],"is_trial":false,"path_per_floor":["M","?","$","?","M","R","E","R","T","E","?","?","M","E","R","B",null,"M","M","?","M","M","R","?","E"],"character_chosen":"DEFECT","items_purchased":["Loop"],"campfire_rested":3,"item_purchase_floors":[3],"current_hp_per_floor":[64,40,40,40,40,61,61,61,61,31,31,24,22,13,35,13,60,47,44,86,43,11,48,48,0],"gold":302,"neow_bonus":"THREE_ENEMY_KILL","is_prod":false,"is_daily":false,"chose_seed":false,"campfire_upgraded":1,"win_rate":0,"timestamp":1565151292,"path_taken":["M","?","$","?","?","R","E","R","T","E","?","?","M","E","R","BOSS","M","M","?","?","M","R","?","E"],"build_version":"2019-07-17","purchased_purges":0,"victory":false,"max_hp_per_floor":[71,71,71,71,71,71,71,71,71,71,71,71,71,76,76,76,76,76,76,86,86,86,86,86,86],"card_choices":[{"not_picked":["Hologram","Double Energy"],"picked":"Gash","floor":1},{"not_picked":["Hologram","Barrage"],"picked":"Gash","floor":5},{"not_picked":["Melter","Reprogram"],"picked":"Reinforced Body","floor":7},{"not_picked":["Fission","Streamline"],"picked":"Gash","floor":10},{"not_picked":["Barrage","Rebound"],"picked":"Gash","floor":13},{"not_picked":["Turbo","Doom and Gloom"],"picked":"Stack","floor":14},{"not_picked":["Rainbow","Multi-Cast"],"picked":"Echo Form","floor":16},{"not_picked":["Coolheaded","Rebound"],"picked":"Steam","floor":18},{"not_picked":["Storm","Coolheaded"],"picked":"Steam+1","floor":19},{"not_picked":["Reprogram","Beam Cell","Barrage"],"picked":"SKIP","floor":21},{"not_picked":["Steam Power","Tempest"],"picked":"Steam","floor":22}],"player_experience":718000,"relics_obtained":[{"floor":7,"key":"Bronze Scales"},{"floor":10,"key":"Thread and Needle"},{"floor":14,"key":"PreservedInsect"}],"event_choices":[{"damage_healed":0,"gold_gain":0,"player_choice":"Take Damage","damage_taken":24,"relics_obtained":["Golden Idol"],"max_hp_gain":0,"max_hp_loss":0,"event_name":"Golden Idol","floor":2,"gold_loss":0},{"damage_healed":0,"gold_gain":0,"player_choice":"1 cards matched","damage_taken":0,"max_hp_gain":0,"max_hp_loss":0,"event_name":"Match and Keep!","floor":4,"gold_loss":0,"cards_obtained":["Echo Form"]},{"damage_healed":0,"gold_gain":0,"player_choice":"Grow","damage_taken":0,"max_hp_gain":0,"max_hp_loss":0,"event_name":"Living Wall","floor":11,"gold_loss":0,"cards_upgraded":["Loop"]},{"cards_removed":["Strike_B"],"damage_healed":0,"gold_gain":0,"player_choice":"Card Removal","damage_taken":7,"max_hp_gain":0,"max_hp_loss":0,"event_name":"Golden Wing","floor":12,"gold_loss":0},{"cards_removed":["Echo Form"],"damage_healed":32,"gold_gain":0,"player_choice":"Offered Rare","damage_taken":0,"max_hp_gain":10,"max_hp_loss":0,"event_name":"Bonfire Elementals","floor":20,"gold_loss":0},{"cards_removed":["Strike_B"],"damage_healed":0,"gold_gain":0,"player_choice":"Gave Gold","damage_taken":0,"max_hp_gain":0,"max_hp_loss":0,"event_name":"Beggar","floor":24,"gold_loss":75}],"is_beta":false,"boss_relics":[{"not_picked":["Coffee Dripper","Inserter"],"picked":"Eternal Feather"}],"items_purged_floors":[],"is_endless":false,"potions_floor_spawned":[5,13,14,21],"killed_by":"Slavers","ascension_level":20}