{"gold_per_floor":[112,129,15,35,35,35,70,70,70,98,98,116,84,118,118,193,193,211,151,151,151,151,151],"floor_reached":23,"playtime":698,"items_purged":["Pain"],"score":410,"play_id":"23d50ea9-6cbf-48a2-a596-76eb8e0bbbda","local_time":"20191024233625","is_ascension_mode":true,"campfire_choices":[{"data":"Defragment","floor":6,"key":"SMITH"},{"data":"Hologram","floor":8,"key":"SMITH"},{"data":"Capacitor","floor":11,"key":"SMITH"},{"data":"Capacitor","floor":15,"key":"SMITH"}],"neow_cost":"NONE","seed_source_timestamp":1061226589088100,"circlet_count":0,"master_deck":["AscendersBane","Strike_B","Defend_B","Defend_B","Defend_B","Defend_B","Zap","Dualcast","Hologram+1","Cold Snap","Defragment+1","Conserve Battery","Gash","Ball Lightning","Capacitor+1","Undo","Capacitor+1","Coolheaded","Echo Form","Capacitor","Recycle","Sweeping Beam","Chaos"],"relics":["Cracked Core","NeowsBlessing","WarpedTongs","Mercury Hourglass","Thread and Needle","The Courier","Lantern","Nuclear Battery"],"potions_floor_usage":[10,16],"damage_taken":[{"damage":0,"enemies":"Cultist","floor":1,"turns":1},{"damage":0,"enemies":"Small Slimes","floor":2,"turns":1},{"damage":0,"enemies":"Jaw Worm","floor":4,"turns":1},{"damage":19,"enemies":"Lagavulin","floor":7,"turns":6},{"damage":4,"enemies":"3 Sentries","floor":10,"turns":4},{"damage":3,"enemies":"2 Fungi Beasts","floor":12,"turns":3},{"damage":10,"enemies":"Lagavulin","floor":14,"turns":5},{"damage":12,"enemies":"Hexaghost","floor":16,"turns":8},{"damage":4,"enemies":"Shell Parasite","floor":18,"turns":8},{"damage":68,"enemies":"Book of Stabbing","floor":23,"turns":4}],"seed_played":"-8751423447880712472","potions_obtained":[{"floor":4,"key":"PowerPotion"},{"floor":7,"key":"Fire Potion"},{"floor":10,"key":"FearPotion"}],"is_trial":false,"path_per_floor":["M","M","$","M","?","R","E","R","T","E","R","M","$","E","R","B",null,"M","$","?","?","?","E"],"character_chosen":"DEFECT","items_purchased":["Defragment","Conserve Battery","Capacitor"],"campfire_rested":0,"item_purchase_floors":[3,3,13],"current_hp_per_floor":[64,64,64,64,64,64,45,45,45,41,41,38,38,28,28,16,57,53,53,53,67,67,0],"gold":151,"neow_bonus":"THREE_ENEMY_KILL","is_prod":false,"is_daily":false,"chose_seed":false,"campfire_upgraded":4,"win_rate":0,"timestamp":1571985385,"path_taken":["M","M","?","?","?","R","E","R","T","E","R","M","?","E","R","BOSS","M","$","?","?","?","E"],"build_version":"2019-07-17","purchased_purges":1,"victory":false,"max_hp_per_floor":[71,71,71,71,71,71,71,71,71,71,71,71,71,71,71,71,71,71,71,71,71,71,71],"card_choices":[{"not_picked":["Aggregate","Steam"],"picked":"Hologram","floor":1},{"not_picked":["Turbo","Hello World"],"picked":"Cold Snap","floor":2},{"not_picked":["Beam Cell","Storm"],"picked":"Gash","floor":4},{"not_picked":["Multi-Cast","Storm"],"picked":"Ball Lightning","floor":7},{"not_picked":["Redo","Auto Shields"],"picked":"Capacitor","floor":10},{"not_picked":["Redo","Barrage"],"picked":"Undo","floor":12},{"not_picked":["Doom and Gloom","Darkness"],"picked":"Coolheaded","floor":14},{"not_picked":["Seek","Core Surge"],"picked":"Echo Form","floor":16},{"not_picked":["Coolheaded","Streamline"],"picked":"Capacitor","floor":18}],"player_experience":901219,"relics_obtained":[{"floor":7,"key":"Mercury Hourglass"},{"floor":9,"key":"Thread and Needle"},{"floor":10,"key":"The Courier"},{"floor":14,"key":"Lantern"}],"event_choices":[{"damage_healed":0,"gold_gain":0,"player_choice":"Rummage","damage_taken":0,"relics_obtained":["WarpedTongs"],"max_hp_gain":0,"max_hp_loss":0,"event_name":"Accursed Blacksmith","floor":5,"gold_loss":0,"cards_obtained":["Pain"]},{"damage_healed":0,"gold_gain":0,"cards_transformed":["Strike_B","Strike_B"],"player_choice":"Became Test Subject","damage_taken":0,"max_hp_gain":0,"max_hp_loss":0,"event_name":"Drug Dealer","floor":20,"gold_loss":0,"cards_obtained":["Recycle","Sweeping Beam"]},{"damage_healed":14,"gold_gain":0,"player_choice":"Heal","damage_taken":0,"max_hp_gain":0,"max_hp_loss":0,"event_name":"The Library","floor":21,"gold_loss":0},{"damage_healed":0,"gold_gain":0,"cards_transformed":["Strike_B"],"player_choice":"Transformed","damage_taken":0,"max_hp_gain":0,"max_hp_loss":0,"event_name":"Transmorgrifier","floor":22,"gold_loss":0,"cards_obtained":["Chaos"]}],"is_beta":false,"boss_relics":[{"not_picked":["Orrery","Inserter"],"picked":"Nuclear Battery"}],"items_purged_floors":[19],"is_endless":false,"potions_floor_spawned":[4,7,10],"killed_by":"Book of Stabbing","ascension_level":20}