{"gold_per_floor":[112,41,116,116,130,157,157,188,188,201,220,247,265,232,232,232],"floor_reached":16,"playtime":977,"items_purged":[],"score":183,"play_id":"6bc0e80a-a62d-4a7c-b4c5-fa6fa1880adf","local_time":"20190420085037","is_ascension_mode":true,"campfire_choices":[{"floor":7,"key":"REST"},{"floor":15,"key":"REST"}],"neow_cost":"NONE","seed_source_timestamp":420006739743400,"circlet_count":0,"master_deck":["AscendersBane","Defend_G","Defend_G","Defend_G","Defend_G+1","Defend_G+1","Strike_G","Strike_G","Strike_G+1","Strike_G","Strike_G","Survivor","Neutralize+1","Footwork+1","Cloak And Dagger","Infinite Blades"],"relics":["Ring of the Snake","Whetstone","War Paint","Ancient Tea Set","Matryoshka","Potion Belt"],"potions_floor_usage":[12,12],"damage_taken":[{"damage":1,"enemies":"Small Slimes","floor":1,"turns":5},{"damage":0,"enemies":"Jaw Worm","floor":5,"turns":5},{"damage":22,"enemies":"Lagavulin","floor":6,"turns":15},{"damage":27,"enemies":"3 Sentries","floor":8,"turns":14},{"damage":0,"enemies":"Cultist","floor":10,"turns":4},{"damage":0,"enemies":"Exordium Wildlife","floor":11,"turns":6},{"damage":26,"enemies":"Gremlin Nob","floor":12,"turns":6},{"damage":0,"enemies":"2 Fungi Beasts","floor":13,"turns":5},{"damage":0,"enemies":"Exordium Thugs","floor":14,"turns":5},{"damage":18,"enemies":"Hexaghost","floor":16,"turns":13}],"seed_played":"4334230128878811540","potions_obtained":[{"floor":5,"key":"EssenceOfSteel"},{"floor":8,"key":"Regen Potion"},{"floor":13,"key":"GhostInAJar"},{"floor":14,"key":"Explosive Potion"}],"is_trial":false,"path_per_floor":["M","$","?","?","M","E","R","E","T","M","M","E","M","M","R","B"],"character_chosen":"THE_SILENT","items_purchased":["Footwork"],"campfire_rested":2,"item_purchase_floors":[2],"current_hp_per_floor":[62,62,51,51,51,29,50,23,23,23,23,12,12,12,33,15],"gold":232,"neow_bonus":"RANDOM_COMMON_RELIC","is_prod":false,"is_daily":false,"chose_seed":false,"campfire_upgraded":0,"win_rate":0,"timestamp":1555743037,"path_taken":["M","$","?","?","M","E","R","E","T","M","M","E","?","M","R","BOSS"],"build_version":"2019-01-23","purchased_purges":0,"victory":false,"max_hp_per_floor":[70,70,70,70,70,70,70,70,70,70,70,70,70,70,70,70],"card_choices":[{"not_picked":["PiercingWail","Accuracy","Slice"],"picked":"SKIP","floor":1},{"not_picked":["Deadly Poison","Poisoned Stab"],"picked":"Cloak And Dagger","floor":5},{"not_picked":["Dagger Throw","Deadly Poison","Slice"],"picked":"SKIP","floor":6},{"not_picked":["Quick Slash","Sucker Punch","Finisher"],"picked":"SKIP","floor":8},{"not_picked":["Poisoned Stab","Underhanded Strike"],"picked":"Infinite Blades","floor":10},{"not_picked":["Bouncing Flask","Backflip","Skewer"],"picked":"SKIP","floor":11},{"not_picked":["Flechettes","Crippling Poison","Underhanded Strike"],"picked":"SKIP","floor":12},{"not_picked":["Dodge and Roll","Catalyst","Underhanded Strike"],"picked":"SKIP","floor":13},{"not_picked":["Endless Agony","Outmaneuver","All Out Attack"],"picked":"SKIP","floor":14}],"player_experience":431531,"relics_obtained":[{"floor":6,"key":"War Paint"},{"floor":8,"key":"Ancient Tea Set"},{"floor":9,"key":"Matryoshka"},{"floor":12,"key":"Potion Belt"}],"event_choices":[{"damage_healed":0,"gold_gain":75,"player_choice":"Gather Gold","damage_taken":11,"max_hp_gain":0,"max_hp_loss":0,"event_name":"World of Goop","floor":3,"gold_loss":0},{"damage_healed":0,"gold_gain":0,"player_choice":"Upgraded","damage_taken":0,"max_hp_gain":0,"max_hp_loss":0,"event_name":"Upgrade Shrine","floor":4,"gold_loss":0,"cards_upgraded":["Footwork"]}],"is_beta":false,"boss_relics":[],"items_purged_floors":[],"is_endless":false,"potions_floor_spawned":[5,8,13,14],"killed_by":"Hexaghost","ascension_level":10}