{"gold_per_floor":[111,187,206,218,228,228,291,317,340,367,395,26,26,44,44,123,123,133,149,149,68,68,68,68,101,101,101,101],"floor_reached":28,"playtime":1354,"items_purged":["Strike_B"],"score":563,"play_id":"3fab27f0-2594-41a0-a4b5-aea1ad437edb","local_time":"20191010104542","is_ascension_mode":true,"campfire_choices":[{"data":"Loop","floor":6,"key":"SMITH"},{"floor":13,"key":"REST"},{"data":"Dualcast","floor":15,"key":"SMITH"},{"floor":23,"key":"REST"},{"data":"Defragment","floor":27,"key":"SMITH"}],"neow_cost":"NONE","seed_source_timestamp":33854733653299,"circlet_count":0,"master_deck":["AscendersBane","Defend_B","Defend_B","Defend_B","Defend_B","Zap","Dualcast+1","Doom and Gloom","Loop+1","Cold Snap","Barrage","Cold Snap","Genetic Algorithm","Conserve Battery","Sweeping Beam","Buffer","Sunder","Beam Cell+1","Defragment+1","Capacitor","Bite","Bite","Bite","Bite","Bite"],"relics":["Cracked Core","NeowsBlessing","Tiny Chest","Pen Nib","Centennial Puzzle","Odd Mushroom","Medical Kit","Philosopher\u0027s Stone","Omamori"],"potions_floor_usage":[7,11,16,16],"damage_taken":[{"damage":0,"enemies":"Small Slimes","floor":1,"turns":1},{"damage":0,"enemies":"Jaw Worm","floor":3,"turns":1},{"damage":0,"enemies":"2 Louse","floor":4,"turns":1},{"damage":7,"enemies":"Blue Slaver","floor":5,"turns":5},{"damage":5,"enemies":"Gremlin Nob","floor":7,"turns":3},{"damage":31,"enemies":"Lagavulin","floor":10,"turns":6},{"damage":17,"enemies":"The Mushroom Lair","floor":11,"turns":4},{"damage":6,"enemies":"Looter","floor":14,"turns":3},{"damage":14,"enemies":"Hexaghost","floor":16,"turns":10},{"damage":5,"enemies":"Chosen","floor":18,"turns":5},{"damage":37,"enemies":"3 Byrds","floor":19,"turns":5},{"damage":17,"enemies":"Gremlin Leader","floor":25,"turns":7},{"damage":46,"enemies":"Slavers","floor":28,"turns":2}],"seed_played":"6867278860482340849","potions_obtained":[{"floor":1,"key":"Dexterity Potion"},{"floor":3,"key":"Dexterity Potion"},{"floor":5,"key":"PowerPotion"},{"floor":10,"key":"Block Potion"}],"is_trial":false,"path_per_floor":["M","?","M","M","M","R","E","T","T","E","?","$","R","M","R","B",null,"M","M","?","$","?","R","$","E","T","R","E"],"character_chosen":"DEFECT","items_purchased":["Medical Kit","EssenceOfSteel","Capacitor"],"campfire_rested":2,"item_purchase_floors":[12,12,21],"current_hp_per_floor":[64,64,64,64,57,57,52,52,52,23,8,8,29,25,25,13,57,54,19,19,19,19,40,40,41,41,41,0],"gold":101,"neow_bonus":"THREE_ENEMY_KILL","is_prod":false,"is_daily":false,"chose_seed":false,"campfire_upgraded":3,"win_rate":0,"timestamp":1570729542,"path_taken":["M","?","M","M","M","R","E","?","T","E","?","?","R","?","R","BOSS","M","M","?","?","?","R","?","E","T","R","E"],"build_version":"2019-07-17","purchased_purges":1,"victory":false,"max_hp_per_floor":[71,71,71,71,71,71,71,71,71,71,71,71,71,71,71,71,71,71,71,71,71,71,71,71,71,71,71,71],"card_choices":[{"not_picked":["Redo","Rip and Tear"],"picked":"Doom and Gloom","floor":1},{"not_picked":["Rip and Tear","Storm"],"picked":"Loop","floor":3},{"not_picked":["Compile Driver","Turbo"],"picked":"Cold Snap","floor":4},{"not_picked":["Reprogram","Stack"],"picked":"Barrage","floor":5},{"not_picked":["Redo","Stack"],"picked":"Cold Snap","floor":7},{"not_picked":["Tempest","Aggregate"],"picked":"Genetic Algorithm","floor":10},{"not_picked":["Steam","Go for the Eyes"],"picked":"Conserve Battery","floor":11},{"not_picked":["Beam Cell","Steam"],"picked":"Sweeping Beam","floor":14},{"not_picked":["Seek","Machine Learning"],"picked":"Buffer","floor":16},{"not_picked":["Sweeping Beam","Streamline"],"picked":"Sunder","floor":18},{"not_picked":["Doom and Gloom","Go for the Eyes"],"picked":"Beam Cell+1","floor":19},{"not_picked":["Gash","Recycle","Aggregate"],"picked":"SKIP","floor":25}],"player_experience":840579,"relics_obtained":[{"floor":7,"key":"Tiny Chest"},{"floor":8,"key":"Pen Nib"},{"floor":9,"key":"Blood Vial"},{"floor":10,"key":"Centennial Puzzle"},{"floor":11,"key":"Odd Mushroom"},{"floor":25,"key":"Omamori"}],"event_choices":[{"damage_healed":0,"gold_gain":76,"player_choice":"Gained Gold","damage_taken":0,"max_hp_gain":0,"max_hp_loss":0,"event_name":"Golden Wing","floor":2,"gold_loss":0},{"damage_healed":0,"gold_gain":0,"player_choice":"Fought Mushrooms","damage_taken":0,"max_hp_gain":0,"max_hp_loss":0,"event_name":"Mushrooms","floor":11,"gold_loss":0},{"damage_healed":0,"gold_gain":0,"cards_transformed":["Strike_B"],"player_choice":"Transformed","damage_taken":0,"max_hp_gain":0,"max_hp_loss":0,"event_name":"Transmorgrifier","floor":20,"gold_loss":0,"cards_obtained":["Defragment"]},{"damage_healed":0,"gold_gain":0,"player_choice":"Became a vampire (Vial)","damage_taken":0,"max_hp_gain":0,"max_hp_loss":0,"event_name":"Vampires","floor":22,"relics_lost":["Blood Vial"],"gold_loss":0,"cards_obtained":["Bite","Bite","Bite","Bite","Bite"]}],"is_beta":false,"boss_relics":[{"not_picked":["Orrery","Runic Dome"],"picked":"Philosopher\u0027s Stone"}],"items_purged_floors":[12],"is_endless":false,"potions_floor_spawned":[1,3,5,10,14],"killed_by":"Slavers","ascension_level":20}