{"gold_per_floor":[110,129,142,154,164,164,179,179,205,232,232,263,263,52,52,181,181,196,196,196,96,107,107,136,136,182,57,86,86,86],"floor_reached":30,"playtime":1558,"items_purged":["Defend_G","Strike_G","Defend_G"],"score":400,"play_id":"78c96ae2-438e-44fc-a335-0ed9f481bd20","local_time":"20191016213938","is_ascension_mode":true,"campfire_choices":[{"data":"Neutralize","floor":6,"key":"SMITH"},{"data":"Dagger Throw","floor":8,"key":"SMITH"},{"data":"Slice","floor":15,"key":"SMITH"},{"data":"Envenom","floor":23,"key":"SMITH"},{"floor":25,"key":"REST"},{"data":"Backflip","floor":29,"key":"SMITH"}],"neow_cost":"NONE","seed_source_timestamp":594312257515100,"circlet_count":0,"master_deck":["Strike_G","Strike_G","Strike_G","Defend_G","Defend_G","Defend_G","Survivor","Neutralize+1","Terror","Dagger Throw+1","Calculated Gamble","Backstab","Backflip+1","Envenom+1","Slice+1","Unload","Venomology","Footwork+1","Dodge and Roll+1"],"relics":["Ring of the Serpent","Orichalcum","Anchor","Ancient Tea Set","Bloody Idol","Pen Nib","Boot","Question Card"],"potions_floor_usage":[7,16,18,22,24,24,24,28,28],"damage_taken":[{"damage":2,"enemies":"Cultist","floor":1,"turns":4},{"damage":0,"enemies":"Jaw Worm","floor":2,"turns":5},{"damage":3,"enemies":"2 Louse","floor":3,"turns":3},{"damage":9,"enemies":"Large Slime","floor":4,"turns":6},{"damage":7,"enemies":"Exordium Wildlife","floor":5,"turns":5},{"damage":1,"enemies":"Lots of Slimes","floor":7,"turns":4},{"damage":8,"enemies":"3 Sentries","floor":10,"turns":8},{"damage":17,"enemies":"Gremlin Nob","floor":12,"turns":4},{"damage":12,"enemies":"Slime Boss","floor":16,"turns":7},{"damage":11,"enemies":"Spheric Guardian","floor":18,"turns":4},{"damage":1,"enemies":"2 Thieves","floor":22,"turns":3},{"damage":29,"enemies":"Slavers","floor":24,"turns":7},{"damage":20,"enemies":"Book of Stabbing","floor":28,"turns":6},{"damage":40,"enemies":"Slavers","floor":30,"turns":5}],"seed_played":"1807656295008346921","potions_obtained":[{"floor":1,"key":"SkillPotion"},{"floor":3,"key":"PowerPotion"},{"floor":4,"key":"GamblersBrew"},{"floor":12,"key":"LiquidBronze"},{"floor":16,"key":"Block Potion"},{"floor":18,"key":"Fire Potion"},{"floor":22,"key":"Swift Potion"},{"floor":24,"key":"LiquidBronze"}],"is_trial":false,"path_per_floor":["M","M","M","M","M","R","M","R","T","E","?","E","?","$","R","B",null,"M","?","?","$","M","R","E","R","T","$","E","R","E"],"character_chosen":"THE_SILENT","items_purchased":["Unload"],"campfire_rested":1,"item_purchase_floors":[14],"current_hp_per_floor":[61,61,58,49,42,42,41,41,41,33,56,39,39,39,39,27,56,45,45,45,45,54,54,30,49,54,54,39,39,0],"gold":86,"neow_bonus":"REMOVE_CARD","is_prod":false,"is_daily":false,"chose_seed":false,"campfire_upgraded":5,"win_rate":0,"timestamp":1571276378,"path_taken":["M","M","?","M","?","R","M","R","T","E","?","E","?","$","R","BOSS","M","?","?","$","M","R","E","R","T","?","E","R","E"],"build_version":"2019-07-17","purchased_purges":3,"victory":false,"max_hp_per_floor":[70,70,70,70,70,70,70,70,70,70,70,70,65,65,65,65,65,65,65,65,65,65,65,65,65,65,65,65,65,65],"card_choices":[{"not_picked":["Reflex","Sucker Punch"],"picked":"Terror","floor":1},{"not_picked":["Accuracy","Eviscerate"],"picked":"Dagger Throw","floor":2},{"not_picked":["Terror","Acrobatics"],"picked":"Calculated Gamble","floor":3},{"not_picked":["Acrobatics","Sucker Punch","Masterful Stab"],"picked":"SKIP","floor":4},{"not_picked":["Blade Dance","Quick Slash"],"picked":"Backstab","floor":5},{"not_picked":["Sucker Punch","Setup"],"picked":"Backflip","floor":7},{"not_picked":["Flying Knee","Quick Slash"],"picked":"Envenom","floor":10},{"not_picked":["Blade Dance","Prepared"],"picked":"Slice","floor":12},{"not_picked":["Envenom","Glass Knife"],"picked":"Venomology","floor":16},{"not_picked":["Underhanded Strike+1","PiercingWail"],"picked":"Footwork+1","floor":18},{"not_picked":["Infinite Blades+1","Dagger Throw"],"picked":"Dodge and Roll+1","floor":22},{"not_picked":["Slice+1","Deadly Poison","Quick Slash"],"picked":"SKIP","floor":24},{"not_picked":["Poisoned Stab+1","Expertise","Flechettes+1"],"picked":"SKIP","floor":28}],"player_experience":411805,"relics_obtained":[{"floor":9,"key":"Orichalcum"},{"floor":10,"key":"Anchor"},{"floor":12,"key":"Ancient Tea Set"},{"floor":24,"key":"Pen Nib"},{"floor":26,"key":"Boot"},{"floor":28,"key":"Question Card"}],"event_choices":[{"damage_healed":23,"gold_gain":0,"player_choice":"Banana","damage_taken":0,"max_hp_gain":0,"max_hp_loss":0,"event_name":"Big Fish","floor":11,"gold_loss":0},{"damage_healed":0,"gold_gain":0,"player_choice":"Lose Max HP","damage_taken":0,"relics_obtained":["Golden Idol"],"max_hp_gain":0,"max_hp_loss":5,"event_name":"Golden Idol","floor":13,"gold_loss":0},{"damage_healed":0,"gold_gain":0,"player_choice":"Gave Idol","damage_taken":0,"relics_obtained":["Bloody Idol"],"max_hp_gain":0,"max_hp_loss":0,"event_name":"Forgotten Altar","floor":19,"relics_lost":["Golden Idol"],"gold_loss":0},{"damage_healed":0,"gold_gain":0,"player_choice":"Ignored","damage_taken":0,"max_hp_gain":0,"max_hp_loss":0,"event_name":"Vampires","floor":20,"gold_loss":0}],"is_beta":false,"boss_relics":[{"not_picked":["WristBlade","Astrolabe"],"picked":"Ring of the Serpent"}],"items_purged_floors":[14,21,27],"is_endless":false,"potions_floor_spawned":[1,3,4,12,16,18,22,24],"killed_by":"Slavers","ascension_level":9}