{"gold_per_floor":[119,136,149,166,166,193,193,203,226,258,274,274],"floor_reached":12,"playtime":536,"items_purged":[],"score":184,"play_id":"8d962815-8684-4372-9c8f-7ab56f7acea8","local_time":"20190910223636","is_ascension_mode":true,"campfire_choices":[{"floor":7,"key":"REST"}],"neow_cost":"NONE","seed_source_timestamp":2377200340457200,"circlet_count":0,"master_deck":["AscendersBane","Strike_B","Strike_B","Strike_B","Strike_B","Defend_B","Defend_B","Defend_B","Defend_B","Zap","Dualcast","Echo Form","Doom and Gloom+1","Genetic Algorithm","Cold Snap","Undo","BootSequence","Steam","Sweeping Beam"],"relics":["Cracked Core","Pantograph","Bag of Marbles","PreservedInsect"],"potions_floor_usage":[],"damage_taken":[{"damage":7,"enemies":"Jaw Worm","floor":1,"turns":4},{"damage":1,"enemies":"Cultist","floor":2,"turns":3},{"damage":7,"enemies":"2 Louse","floor":3,"turns":4},{"damage":18,"enemies":"Large Slime","floor":4,"turns":4},{"damage":30,"enemies":"3 Sentries","floor":6,"turns":7},{"damage":3,"enemies":"Blue Slaver","floor":8,"turns":4},{"damage":10,"enemies":"Lagavulin","floor":10,"turns":7},{"damage":0,"enemies":"Looter","floor":11,"turns":3},{"damage":28,"enemies":"Gremlin Gang","floor":12,"turns":3}],"seed_played":"-133795678912582225","potions_obtained":[{"floor":2,"key":"SpeedPotion"},{"floor":3,"key":"Dexterity Potion"},{"floor":11,"key":"SkillPotion"}],"is_trial":false,"path_per_floor":["M","M","M","M","?","E","R","M","T","E","M","M"],"character_chosen":"DEFECT","items_purchased":[],"campfire_rested":1,"item_purchase_floors":[],"current_hp_per_floor":[57,56,49,31,31,1,22,19,19,9,9,0],"gold":274,"neow_bonus":"ONE_RANDOM_RARE_CARD","is_prod":false,"is_daily":false,"chose_seed":false,"campfire_upgraded":0,"win_rate":0,"timestamp":1568180196,"path_taken":["M","M","M","M","?","E","R","M","T","E","M","M"],"build_version":"2019-07-17","purchased_purges":0,"victory":false,"max_hp_per_floor":[71,71,71,71,71,71,71,71,71,71,71,71],"card_choices":[{"not_picked":["Stack","Coolheaded"],"picked":"Doom and Gloom","floor":1},{"not_picked":["Beam Cell","Consume"],"picked":"Genetic Algorithm","floor":2},{"not_picked":["Barrage","Beam Cell"],"picked":"Cold Snap","floor":3},{"not_picked":["Sunder","BootSequence"],"picked":"Undo","floor":4},{"not_picked":["Turbo","Biased Cognition","Chaos"],"picked":"SKIP","floor":6},{"not_picked":["Darkness","Rebound"],"picked":"BootSequence","floor":8},{"not_picked":["Aggregate","Beam Cell"],"picked":"Steam","floor":10},{"not_picked":["Go for the Eyes","Stack"],"picked":"Sweeping Beam","floor":11}],"player_experience":803032,"relics_obtained":[{"floor":6,"key":"Pantograph"},{"floor":9,"key":"Bag of Marbles"},{"floor":10,"key":"PreservedInsect"}],"event_choices":[{"damage_healed":0,"gold_gain":0,"player_choice":"Upgraded","damage_taken":0,"max_hp_gain":0,"max_hp_loss":0,"event_name":"Upgrade Shrine","floor":5,"gold_loss":0,"cards_upgraded":["Doom and Gloom"]}],"is_beta":false,"boss_relics":[],"items_purged_floors":[],"is_endless":false,"potions_floor_spawned":[2,3,6,11],"killed_by":"Gremlin Gang","ascension_level":20}