{"gold_per_floor":[112,130,147,165,165,165,185,199,199,49,49,66,83,112,112,112],"floor_reached":16,"playtime":747,"items_purged":[],"score":122,"play_id":"17a45dd2-5ad4-41d8-abe6-96b543c2eae4","local_time":"20190322173144","is_ascension_mode":true,"campfire_choices":[{"data":"Zap","floor":6,"key":"SMITH"},{"floor":11,"key":"REST"},{"data":"Loop","floor":15,"key":"SMITH"}],"neow_cost":"NONE","seed_source_timestamp":144974636927318,"circlet_count":0,"master_deck":["Strike_B","Strike_B+1","Strike_B","Strike_B","Defend_B","Defend_B","Defend_B","Defend_B","Zap+1","Dualcast","Undo+1","Heatsinks","White Noise","Gash","Sweeping Beam","Static Discharge","Loop+1","Doom and Gloom","Beam Cell","Conserve Battery","Ball Lightning"],"relics":["Cracked Core","Potion Belt","Pocketwatch"],"potions_floor_usage":[14,16],"damage_taken":[{"damage":0,"enemies":"Small Slimes","floor":1,"turns":2},{"damage":2,"enemies":"Jaw Worm","floor":2,"turns":4},{"damage":0,"enemies":"Cultist","floor":3,"turns":4},{"damage":7,"enemies":"3 Louse","floor":4,"turns":6},{"damage":9,"enemies":"Large Slime","floor":7,"turns":6},{"damage":29,"enemies":"Exordium Thugs","floor":8,"turns":3},{"damage":1,"enemies":"Looter","floor":12,"turns":4},{"damage":16,"enemies":"Large Slime","floor":13,"turns":5},{"damage":16,"enemies":"3 Sentries","floor":14,"turns":6},{"damage":12,"enemies":"Slime Boss","floor":16,"turns":3}],"seed_played":"-1336362167406862471","potions_obtained":[{"floor":2,"key":"EssenceOfSteel"},{"floor":3,"key":"LiquidBronze"},{"floor":7,"key":"Ancient Potion"},{"floor":8,"key":"Dexterity Potion"},{"floor":14,"key":"SkillPotion"}],"is_trial":false,"path_per_floor":["M","M","M","M","?","R","M","M","T","$","R","M","M","E","R","B"],"character_chosen":"DEFECT","items_purchased":["Loop","Doom and Gloom"],"campfire_rested":1,"item_purchase_floors":[10,10],"current_hp_per_floor":[75,73,73,66,51,51,42,13,13,13,35,34,18,2,2,0],"gold":112,"neow_bonus":"RANDOM_COMMON_RELIC","is_prod":false,"is_daily":false,"chose_seed":false,"campfire_upgraded":2,"win_rate":0,"timestamp":1553301104,"path_taken":["M","M","M","M","?","R","M","M","T","$","R","M","M","E","R","BOSS"],"build_version":"2019-01-23","purchased_purges":0,"victory":false,"max_hp_per_floor":[75,75,75,75,75,75,75,75,75,75,75,75,75,75,75,75],"card_choices":[{"not_picked":["Rebound","Stack"],"picked":"Undo","floor":1},{"not_picked":["Stack","Chaos"],"picked":"Heatsinks","floor":2},{"not_picked":["Rebound","Steam Power"],"picked":"White Noise","floor":3},{"not_picked":["Leap","Beam Cell"],"picked":"Gash","floor":4},{"not_picked":["Darkness","Rebound"],"picked":"Sweeping Beam","floor":7},{"not_picked":["Compile Driver","Rip and Tear"],"picked":"Static Discharge","floor":8},{"not_picked":["Steam","Fusion"],"picked":"Beam Cell","floor":12},{"not_picked":["Streamline","Beam Cell"],"picked":"Conserve Battery","floor":13},{"not_picked":["Steam","Aggregate"],"picked":"Ball Lightning","floor":14}],"player_experience":54163,"relics_obtained":[{"floor":14,"key":"Pocketwatch"}],"event_choices":[{"damage_healed":0,"gold_gain":0,"player_choice":"Entered Light","damage_taken":15,"max_hp_gain":0,"max_hp_loss":0,"event_name":"Shining Light","floor":5,"gold_loss":0,"cards_upgraded":["Undo","Strike_B"]}],"is_beta":false,"boss_relics":[],"items_purged_floors":[],"is_endless":false,"potions_floor_spawned":[2,3,7,8,14],"killed_by":"Slime Boss","ascension_level":3}