{"gold_per_floor":[114,87,102,117,117,147,147,222,247,262,292,292,307,322,322,422,422,437,362,377,392,407,437,452,482,537,312,327,357,357,47,47,147,147,162,59,74,89,89,89,104,134,134,134,134,134,149,164,164,164],"floor_reached":51,"playtime":3094,"items_purged":[],"score":801,"play_id":"f9d4469d-50cc-4c36-b201-86f4a6e76074","local_time":"20180801190602","daily_mods":["Brewmaster","Binary","Terminal"],"is_ascension_mode":false,"campfire_choices":[{"data":"Redo","floor":7,"key":"SMITH"},{"data":"Genetic Algorithm","floor":15,"key":"SMITH"},{"floor":32,"key":"REST"},{"data":"BootSequence","floor":40,"key":"SMITH"},{"floor":46,"key":"REST"},{"data":"Glacier","floor":49,"key":"SMITH"}],"neow_cost":"","seed_source_timestamp":0,"circlet_count":0,"master_deck":["Strike_B","Strike_B","Strike_B","Strike_B","Defend_B","Defend_B","Defend_B","Defend_B","Zap","Venomology","Venomology","Venomology","Venomology","Venomology","Self Repair","Redo+1","Self Repair","Cold Snap","Ball Lightning","Genetic Algorithm+1","Ball Lightning","Reprogram","Rainbow","Static Discharge+1","Glacier+1","Go for the Eyes","Chaos+1","Blizzard","Redo+1","Fusion+1","Loop+1","Capacitor+1","BootSequence+1","Electrodynamics+1","Cold Snap+1","Sweeping Beam","Storm+1","Sweeping Beam+1","Ball Lightning+1","Glacier","Panache+1","Force Field+1","Beam Cell+1"],"special_seed":17745,"relics":["Cracked Core","White Beast Statue","Frozen Egg 2","Turnip","Potion Belt","DataDisk","Pen Nib","Nuclear Battery","Symbiotic Virus","Sundial","Tiny Chest","Oddly Smooth Stone","Dodecahedron","Enchiridion","Strawberry","Inserter","Bronze Scales","Pantograph"],"potions_floor_usage":[1,3,4,6,6,6,10,11,11,11,11,11,13,13,14,14,16,16,16,16,16,16,18,18,20,21,21,21,22,22,23,23,23,24,24,25,25,25,25,28,28,28,29,29,29,29,33,33,33,33,33,37,37,38,41,41,41,42,42,42,42,42,42,43,47,48,50,50,50,50,50,50],"damage_taken":[{"damage":0,"enemies":"Jaw Worm","floor":1,"turns":4},{"damage":0,"enemies":"Small Slimes","floor":3,"turns":5},{"damage":0,"enemies":"Cultist","floor":4,"turns":4},{"damage":3,"enemies":"3 Sentries","floor":6,"turns":2},{"damage":4,"enemies":"Blue Slaver","floor":10,"turns":4},{"damage":22,"enemies":"Lagavulin","floor":11,"turns":7},{"damage":12,"enemies":"Exordium Wildlife","floor":13,"turns":4},{"damage":6,"enemies":"3 Louse","floor":14,"turns":3},{"damage":26,"enemies":"Hexaghost","floor":16,"turns":8},{"damage":5,"enemies":"Chosen","floor":18,"turns":4},{"damage":13,"enemies":"3 Byrds","floor":20,"turns":4},{"damage":2,"enemies":"3 Cultists","floor":21,"turns":5},{"damage":2,"enemies":"Snecko","floor":22,"turns":6},{"damage":3,"enemies":"Book of Stabbing","floor":23,"turns":5},{"damage":12,"enemies":"Slaver and Parasite","floor":24,"turns":7},{"damage":42,"enemies":"Gremlin Leader","floor":25,"turns":7},{"damage":18,"enemies":"3 Cultists","floor":28,"turns":4},{"damage":0,"enemies":"Book of Stabbing","floor":29,"turns":7},{"damage":45,"enemies":"Collector","floor":33,"turns":7},{"damage":13,"enemies":"Orb Walker","floor":35,"turns":4},{"damage":23,"enemies":"3 Darklings","floor":37,"turns":5},{"damage":0,"enemies":"Flame Bruiser 2 Orb","floor":38,"turns":5},{"damage":13,"enemies":"Sphere and 2 Shapes","floor":41,"turns":3},{"damage":49,"enemies":"Giant Head","floor":42,"turns":8},{"damage":0,"enemies":"3 Darklings","floor":47,"turns":4},{"damage":0,"enemies":"Flame Bruiser 2 Orb","floor":48,"turns":5},{"damage":41,"enemies":"Time Eater","floor":50,"turns":8}],"seed_played":"-7677364722762969759","potions_obtained":[{"floor":1,"key":"EssenceOfSteel"},{"floor":4,"key":"PowerPotion"},{"floor":6,"key":"Weak Potion"},{"floor":10,"key":"Explosive Potion"},{"floor":11,"key":"PowerPotion"},{"floor":13,"key":"PowerPotion"},{"floor":16,"key":"Ancient Potion"},{"floor":18,"key":"Dexterity Potion"},{"floor":20,"key":"Weak Potion"},{"floor":21,"key":"Weak Potion"},{"floor":23,"key":"Poison Potion"},{"floor":24,"key":"PowerPotion"},{"floor":25,"key":"PowerPotion"},{"floor":28,"key":"Fire Potion"},{"floor":29,"key":"SkillPotion"},{"floor":33,"key":"Poison Potion"},{"floor":35,"key":"Fire Potion"},{"floor":37,"key":"Strength Potion"},{"floor":38,"key":"Strength Potion"},{"floor":39,"key":"Strength Potion"},{"floor":39,"key":"FocusPotion"},{"floor":41,"key":"SkillPotion"},{"floor":42,"key":"Fruit Juice"},{"floor":47,"key":"Explosive Potion"},{"floor":48,"key":"Poison Potion"}],"is_trial":false,"path_per_floor":["M","$","M","M","?","E","R","?","T","M","E","?","M","M","R","B",null,"M","?","M","M","M","E","M","E","T","$","M","E","?","$","R","B",null,"M","$","M","M","?","R","M","E","T","?","?","R","M","M","R","B"],"character_chosen":"DEFECT","items_purchased":["Redo","Oddly Smooth Stone","Loop+1","Strawberry","Electrodynamics+1","Sweeping Beam","Storm+1"],"campfire_rested":2,"item_purchase_floors":[2,27,27,31,31,36,36],"current_hp_per_floor":[73,72,71,70,63,67,67,56,56,64,56,56,51,52,52,26,57,56,55,54,53,52,51,46,33,33,33,22,36,20,27,42,4,47,41,41,32,43,42,41,28,11,16,16,16,28,39,38,37,17],"gold":164,"neow_bonus":"","is_prod":false,"is_daily":true,"chose_seed":false,"campfire_upgraded":4,"win_rate":0,"timestamp":1533171962,"path_taken":["M","$","M","M","?","E","R","?","T","M","E","?","M","M","R","BOSS","M","?","?","M","M","E","M","E","T","?","M","E","?","$","R","BOSS","M","$","M","M","?","R","M","E","T","?","?","R","M","M","R","BOSS"],"build_version":"2018-07-26","purchased_purges":0,"victory":true,"max_hp_per_floor":[73,72,71,70,69,68,67,66,65,64,63,62,61,60,59,58,57,56,55,54,53,52,51,50,49,48,47,46,45,44,50,49,48,47,46,45,44,43,42,41,40,39,43,42,41,40,39,38,37,36],"card_choices":[{"not_picked":["White Noise"],"picked":"Self Repair","floor":1},{"not_picked":["Double Energy"],"picked":"Self Repair","floor":3},{"not_picked":["Redo"],"picked":"Cold Snap","floor":4},{"not_picked":["Stack"],"picked":"Ball Lightning","floor":6},{"not_picked":["Go for the Eyes"],"picked":"Genetic Algorithm","floor":10},{"not_picked":["Scrape","Hologram"],"picked":"SKIP","floor":11},{"not_picked":["Rebound"],"picked":"Ball Lightning","floor":13},{"not_picked":["Recycle"],"picked":"Reprogram","floor":14},{"not_picked":["Meteor Strike"],"picked":"Rainbow","floor":16},{"not_picked":["Turbo"],"picked":"Static Discharge+1","floor":18},{"not_picked":["Tempest"],"picked":"Glacier","floor":20},{"not_picked":["Gash"],"picked":"Go for the Eyes","floor":21},{"not_picked":["Darkness+1"],"picked":"Chaos+1","floor":22},{"not_picked":["Undo"],"picked":"Blizzard","floor":23},{"not_picked":["Ball Lightning"],"picked":"Redo+1","floor":24},{"not_picked":["Ball Lightning+1"],"picked":"Fusion+1","floor":25},{"not_picked":["Blizzard"],"picked":"Capacitor+1","floor":28},{"not_picked":["Doom and Gloom"],"picked":"BootSequence","floor":29},{"not_picked":["Beam Cell+1"],"picked":"Cold Snap+1","floor":35},{"not_picked":["Beam Cell+1"],"picked":"Sweeping Beam+1","floor":37},{"not_picked":["Leap+1"],"picked":"Ball Lightning+1","floor":38},{"not_picked":["Barrage","Core Surge"],"picked":"SKIP","floor":41},{"not_picked":["Reinforced Body+1"],"picked":"Glacier","floor":42},{"not_picked":["Panacea"],"picked":"Panache+1","floor":44},{"not_picked":["Reinforced Body+1"],"picked":"Force Field+1","floor":47},{"not_picked":["Aggregate+1"],"picked":"Beam Cell+1","floor":48}],"player_experience":146659,"relics_obtained":[{"floor":6,"key":"Turnip"},{"floor":9,"key":"Potion Belt"},{"floor":11,"key":"DataDisk"},{"floor":23,"key":"Symbiotic Virus"},{"floor":25,"key":"Sundial"},{"floor":26,"key":"Tiny Chest"},{"floor":29,"key":"Dodecahedron"},{"floor":30,"key":"Enchiridion"},{"floor":42,"key":"Bronze Scales"},{"floor":43,"key":"Pantograph"}],"event_choices":[{"event_name":"Scrap Ooze","player_choice":"success","floor":5,"damage_taken":7},{"event_name":"World of Goop","player_choice":"Gather Gold","floor":8,"damage_taken":0},{"event_name":"WeMeetAgain","player_choice":"Potion","floor":12,"damage_taken":0},{"event_name":"Beggar","player_choice":"Gave Gold","floor":19,"damage_taken":0},{"event_name":"Cursed Tome","player_choice":"Obtained Book","floor":30,"damage_taken":0},{"event_name":"The Lab","player_choice":"Got Potions","floor":39,"damage_taken":0},{"event_name":"SensoryStone","player_choice":"Memory 1","floor":44,"damage_taken":0},{"event_name":"Mysterious Sphere","player_choice":"Ignore","floor":45,"damage_taken":0}],"is_beta":false,"boss_relics":[{"not_picked":["Philosopher\u0027s Stone","Empty Cage"],"picked":"Nuclear Battery"},{"not_picked":["Fusion Hammer","Runic Pyramid"],"picked":"Inserter"}],"items_purged_floors":[],"is_endless":false,"potions_floor_spawned":[1,3,4,6,10,11,13,14,16,18,20,21,22,23,24,25,28,29,33,35,37,38,41,42,47,48],"ascension_level":0}