{"gold_per_floor":[113,130,142,154,207,207,234,234,234,266,278,315,327,354,366,480,492,515,517,31,44,56,88,88,88,166,178,178,198,250,250,250,349,349,368,368,368,69,69,69,0,0,0,0,0,12,12,30,30,30],"floor_reached":50,"playtime":3400,"items_purged":[],"score":721,"play_id":"376ef49f-0f96-4cab-b4d6-25d7e5bd335a","local_time":"20190326164003","is_ascension_mode":true,"campfire_choices":[{"data":"Spot Weakness","floor":6,"key":"SMITH"},{"data":"True Grit","floor":8,"key":"SMITH"},{"floor":11,"key":"REST"},{"data":"Metallicize","floor":15,"key":"SMITH"},{"data":"Dual Wield","floor":25,"key":"SMITH"},{"data":"Barricade","floor":28,"key":"SMITH"},{"data":"Armaments","floor":32,"key":"SMITH"},{"data":"Enlightenment","floor":40,"key":"SMITH"},{"data":"True Grit","floor":42,"key":"SMITH"},{"data":"Body Slam","floor":44,"key":"SMITH"},{"floor":49,"key":"RECALL"}],"neow_cost":"NONE","seed_source_timestamp":923317884645595,"circlet_count":0,"master_deck":["Bash","Feel No Pain","Warcry","Spot Weakness+1","Disarm","True Grit+1","Warcry","Metallicize+1","Twin Strike","Barricade+1","Shrug It Off+1","Armaments+1","Body Slam","True Grit+1","Anger+1","Corruption+1","Dual Wield+1","Metallicize","RitualDagger","Offering","Hemokinesis","Juggernaut","Thunderclap","Brutality","Sword Boomerang","Body Slam+1","Wild Strike","Flex","Metallicize","Shrug It Off","Flash of Steel","Enlightenment+1","Madness","Madness","Shrug It Off+1"],"relics":["Burning Blood","Potion Belt","Meat on the Bone","MawBank","Ancient Tea Set","Runic Pyramid","Singing Bowl","Pen Nib","Bottled Tornado","Mercury Hourglass","Red Skull","Pandora\u0027s Box","Thread and Needle","Red Mask","Frozen Egg 2"],"potions_floor_usage":[19,19,23,33,47,50,50],"damage_taken":[{"damage":1,"enemies":"Cultist","floor":1,"turns":4},{"damage":6,"enemies":"Small Slimes","floor":2,"turns":5},{"damage":13,"enemies":"Jaw Worm","floor":3,"turns":6},{"damage":4,"enemies":"Exordium Wildlife","floor":4,"turns":5},{"damage":28,"enemies":"3 Sentries","floor":7,"turns":9},{"damage":47,"enemies":"Lagavulin","floor":10,"turns":8},{"damage":25,"enemies":"3 Sentries","floor":12,"turns":9},{"damage":0,"enemies":"Large Slime","floor":14,"turns":6},{"damage":54,"enemies":"Hexaghost","floor":16,"turns":11},{"damage":19,"enemies":"3 Byrds","floor":18,"turns":9},{"damage":25,"enemies":"2 Thieves","floor":19,"turns":4},{"damage":2,"enemies":"Cultist and Chosen","floor":21,"turns":11},{"damage":31,"enemies":"Snecko","floor":22,"turns":17},{"damage":5,"enemies":"Book of Stabbing","floor":23,"turns":5},{"damage":32,"enemies":"Snake Plant","floor":27,"turns":5},{"damage":8,"enemies":"Cultist and Chosen","floor":29,"turns":11},{"damage":35,"enemies":"Automaton","floor":33,"turns":17},{"damage":48,"enemies":"3 Darklings","floor":35,"turns":4},{"damage":11,"enemies":"Orb Walker","floor":46,"turns":4},{"damage":0,"enemies":"Writhing Mass","floor":47,"turns":1},{"damage":35,"enemies":"3 Darklings","floor":48,"turns":5},{"damage":59,"enemies":"Awakened One","floor":50,"turns":3}],"seed_played":"1789831674373752197","potions_obtained":[{"floor":0,"key":"SneckoOil"},{"floor":0,"key":"SkillPotion"},{"floor":0,"key":"EssenceOfSteel"},{"floor":10,"key":"AttackPotion"},{"floor":12,"key":"SteroidPotion"},{"floor":16,"key":"SmokeBomb"},{"floor":18,"key":"Explosive Potion"},{"floor":22,"key":"PowerPotion"},{"floor":23,"key":"FairyPotion"},{"floor":27,"key":"GamblersBrew"},{"floor":46,"key":"EssenceOfSteel"},{"floor":48,"key":"Weak Potion"}],"is_trial":false,"path_per_floor":["M","T","?","?","T","?","?","?","?","?","$","M"],"character_chosen":"IRONCLAD","items_purchased":["Body Slam","Singing Bowl","Pen Nib","True Grit","Thread and Needle"],"campfire_rested":1,"item_purchase_floors":[20,20,20,20,38],"current_hp_per_floor":[77,77,70,72,72,72,50,50,50,21,45,38,38,56,56,20,65,52,45,45,49,36,49,49,49,49,35,35,47,47,41,41,24,68,38,72,64,64,55,55,55,55,55,55,55,52,58,41,41,0],"gold":30,"neow_bonus":"THREE_SMALL_POTIONS","is_prod":false,"is_daily":false,"chose_seed":false,"campfire_upgraded":9,"win_rate":0,"timestamp":1553632803,"path_taken":["M","?","M","M","?","R","E","R","T","E","R","E","?","M","R","BOSS","M","M","$","M","M","E","?","R","T","M","R","M","?","?","R","BOSS","M","?","?","$","?","R","?","R","T","R","?","M","?","M","R","BOSS"],"build_version":"2019-01-23","purchased_purges":0,"victory":false,"max_hp_per_floor":[80,80,80,80,80,80,80,80,80,80,80,80,80,80,80,80,80,80,80,80,80,80,80,80,80,80,80,80,82,82,82,82,82,82,82,72,74,74,74,74,74,74,74,74,74,76,76,76,76,76],"card_choices":[{"not_picked":["Sword Boomerang","Pummel"],"picked":"Feel No Pain","floor":1},{"not_picked":["Iron Wave","Twin Strike"],"picked":"Warcry","floor":2},{"not_picked":["Anger","Iron Wave"],"picked":"Spot Weakness","floor":3},{"not_picked":["Anger","Double Tap"],"picked":"Disarm","floor":4},{"not_picked":["Sentinel","Rampage"],"picked":"True Grit","floor":7},{"not_picked":["Clash","Armaments"],"picked":"Warcry","floor":10},{"not_picked":["Whirlwind","Bloodletting"],"picked":"Metallicize","floor":12},{"not_picked":["Iron Wave","Burning Pact"],"picked":"Twin Strike","floor":14},{"not_picked":["Berserk","Brutality"],"picked":"Barricade","floor":16},{"not_picked":["Clothesline","Sword Boomerang"],"picked":"Shrug It Off+1","floor":18},{"not_picked":["Seeing Red","Twin Strike"],"picked":"Armaments","floor":19},{"not_picked":["Pommel Strike","Rage+1"],"picked":"Anger+1","floor":21},{"not_picked":["Headbutt","Bloodletting"],"picked":"Corruption+1","floor":22},{"not_picked":["Whirlwind+1","Combust"],"picked":"Dual Wield","floor":23},{"not_picked":["Headbutt","Bloodletting"],"picked":"Metallicize","floor":27},{"not_picked":["Armaments","Carnage","Inflame"],"picked":"Singing Bowl","floor":29},{"not_picked":["Reaper","Double Tap"],"picked":"Offering","floor":33},{"not_picked":["Sentinel","Twin Strike+1"],"picked":"Shrug It Off","floor":35},{"not_picked":["Apotheosis","Mind Blast","HandOfGreed"],"picked":"Singing Bowl","floor":37},{"not_picked":["Deep Breath","Impatience"],"picked":"Flash of Steel","floor":37},{"not_picked":["Deep Breath","Metamorphosis"],"picked":"Enlightenment","floor":37},{"not_picked":["Spot Weakness","Sever Soul+1","Armaments"],"picked":"Singing Bowl","floor":46},{"not_picked":["Flex+1","Wild Strike"],"picked":"Shrug It Off+1","floor":48}],"player_experience":1036461,"relics_obtained":[{"floor":7,"key":"Potion Belt"},{"floor":9,"key":"Meat on the Bone"},{"floor":10,"key":"MawBank"},{"floor":12,"key":"Ancient Tea Set"},{"floor":23,"key":"Bottled Tornado"},{"floor":26,"key":"Mercury Hourglass"},{"floor":30,"key":"Red Skull"},{"floor":43,"key":"Frozen Egg 2"}],"event_choices":[{"damage_healed":0,"gold_gain":0,"player_choice":"Ignored","damage_taken":0,"max_hp_gain":0,"max_hp_loss":0,"event_name":"Liars Game","floor":13,"gold_loss":0},{"damage_healed":0,"gold_gain":0,"player_choice":"Ignored","damage_taken":0,"max_hp_gain":0,"max_hp_loss":0,"event_name":"The Mausoleum","floor":24,"gold_loss":0},{"damage_healed":0,"gold_gain":0,"player_choice":"Joined the Cult","damage_taken":6,"max_hp_gain":0,"max_hp_loss":0,"event_name":"Nest","floor":31,"gold_loss":0,"cards_obtained":["RitualDagger"]},{"damage_healed":72,"gold_gain":0,"player_choice":"Heal","damage_taken":0,"max_hp_gain":0,"max_hp_loss":10,"event_name":"The Moai Head","floor":36,"gold_loss":0},{"damage_healed":0,"gold_gain":0,"player_choice":"Memory 3","damage_taken":10,"max_hp_gain":0,"max_hp_loss":0,"event_name":"SensoryStone","floor":37,"gold_loss":0},{"damage_healed":0,"gold_gain":0,"player_choice":"Embrace Madness","damage_taken":9,"max_hp_gain":0,"max_hp_loss":0,"event_name":"Winding Halls","floor":39,"gold_loss":0,"cards_obtained":["Madness","Madness"]},{"damage_healed":0,"gold_gain":0,"player_choice":"Paid","damage_taken":0,"relics_obtained":["Red Mask"],"max_hp_gain":0,"max_hp_loss":0,"event_name":"Tomb of Lord Red Mask","floor":41,"gold_loss":69}],"is_beta":false,"boss_relics":[{"not_picked":["Coffee Dripper","Fusion Hammer"],"picked":"Runic Pyramid"},{"not_picked":["Mark of Pain","Lizard Tail"],"picked":"Pandora\u0027s Box"}],"items_purged_floors":[],"is_endless":false,"potions_floor_spawned":[3,10,12,16,18,22,23,27,46,48],"killed_by":"Awakened One","ascension_level":9}