{"gold_per_floor":[118,193,203,218,228,244,244,262,288,323,323,337,362,379,379,379],"floor_reached":16,"playtime":1428,"items_purged":[],"score":116,"play_id":"927a7f82-8a6a-4c9f-8bef-6ddfd95e2728","local_time":"20181024213808","is_ascension_mode":false,"campfire_choices":[{"data":"Leap","floor":7,"key":"SMITH"},{"data":"Dualcast","floor":11,"key":"SMITH"},{"floor":15,"key":"REST"}],"neow_cost":"TEN_PERCENT_HP_LOSS","seed_source_timestamp":1222948805253680,"circlet_count":0,"master_deck":["Strike_B","Strike_B","Strike_B","Strike_B","Defend_B","Defend_B","Defend_B","Defend_B","Zap","Dualcast+1","Ball Lightning","Leap+1","Sunder","Hologram","Go for the Eyes","Beam Cell","Loop","Stack","Auto Shields","Barrage"],"relics":["Cracked Core","Bird Faced Urn","Omamori","Singing Bowl","Ancient Tea Set"],"potions_floor_usage":[10,14,14,16],"damage_taken":[{"damage":1,"enemies":"Cultist","floor":1,"turns":3},{"damage":0,"enemies":"2 Louse","floor":3,"turns":2},{"damage":1,"enemies":"Small Slimes","floor":4,"turns":2},{"damage":9,"enemies":"3 Louse","floor":5,"turns":3},{"damage":0,"enemies":"Large Slime","floor":6,"turns":3},{"damage":7,"enemies":"Gremlin Gang","floor":8,"turns":5},{"damage":6,"enemies":"Lagavulin","floor":10,"turns":7},{"damage":5,"enemies":"Looter","floor":12,"turns":3},{"damage":26,"enemies":"Gremlin Nob","floor":13,"turns":4},{"damage":5,"enemies":"Exordium Thugs","floor":14,"turns":4},{"damage":30,"enemies":"Hexaghost","floor":16,"turns":10}],"seed_played":"-1574143731165943913","potions_obtained":[{"floor":3,"key":"Ancient Potion"},{"floor":6,"key":"SpeedPotion"},{"floor":10,"key":"SpeedPotion"},{"floor":12,"key":"GamblersBrew"}],"is_trial":false,"path_per_floor":["M","?","M","M","M","M","R","M","T","E","R","M","E","M","R"],"character_chosen":"DEFECT","items_purchased":[],"campfire_rested":1,"item_purchase_floors":[],"current_hp_per_floor":[67,56,56,55,46,46,46,39,39,33,33,30,4,1,21,0],"gold":379,"neow_bonus":"ONE_RARE_RELIC","is_prod":false,"is_daily":false,"chose_seed":false,"campfire_upgraded":2,"win_rate":0,"timestamp":1540438688,"path_taken":["M","?","?","M","?","M","R","M","T","E","R","M","E","M","R","BOSS"],"build_version":"2018-10-18","purchased_purges":0,"victory":false,"max_hp_per_floor":[68,68,68,68,68,68,68,68,68,68,68,68,68,68,68,68],"card_choices":[{"not_picked":["Barrage","Hologram"],"picked":"Ball Lightning","floor":1},{"not_picked":["Stack","Skim"],"picked":"Leap","floor":3},{"not_picked":["Capacitor","Self Repair"],"picked":"Sunder","floor":4},{"not_picked":["Steam","Blizzard"],"picked":"Hologram","floor":5},{"not_picked":["Undo","Double Energy"],"picked":"Go for the Eyes","floor":6},{"not_picked":["Go for the Eyes","Scrape"],"picked":"Beam Cell","floor":8},{"not_picked":["Thunder Strike","White Noise"],"picked":"Loop","floor":10},{"not_picked":["Steam","Compile Driver"],"picked":"Stack","floor":12},{"not_picked":["Conserve Battery","FTL"],"picked":"Auto Shields","floor":13},{"not_picked":["Turbo","White Noise"],"picked":"Barrage","floor":14}],"player_experience":812818,"relics_obtained":[{"floor":9,"key":"Omamori"},{"floor":10,"key":"Singing Bowl"},{"floor":13,"key":"Ancient Tea Set"}],"event_choices":[{"damage_healed":0,"gold_gain":75,"player_choice":"Gather Gold","damage_taken":11,"max_hp_gain":0,"max_hp_loss":0,"event_name":"World of Goop","floor":2,"gold_loss":0}],"is_beta":false,"boss_relics":[],"items_purged_floors":[],"is_endless":false,"potions_floor_spawned":[3,6,10,12,13],"killed_by":"Hexaghost","ascension_level":0}