{"gold_per_floor":[112,123,123,141,153,153,178,178,248,263,280,290,318,332,332,428,428,439,449,464,464,475,510,510,842,842,715,733,733,747,747,747,851,851,865,375,375,375,104,138,158,158,227,227,255,271,122,140],"floor_reached":48,"playtime":3980,"items_purged":["Defend_R","Strike_R","Defend_R"],"score":571,"play_id":"5a7bb82b-a15b-40cb-a73c-4cad3a0c4807","local_time":"20190316174806","is_ascension_mode":false,"campfire_choices":[{"data":"Uppercut","floor":6,"key":"SMITH"},{"data":"Bash","floor":8,"key":"SMITH"},{"data":"True Grit","floor":15,"key":"SMITH"},{"data":"Shrug It Off","floor":24,"key":"SMITH"},{"floor":29,"key":"REST"},{"floor":32,"key":"REST"},{"data":"Iron Wave","floor":44,"key":"SMITH"}],"neow_cost":"NONE","seed_source_timestamp":62825271540525,"circlet_count":0,"master_deck":["Strike_R","Strike_R","Strike_R","Strike_R","Defend_R","Defend_R","Iron Wave+1","Uppercut+1","Clash","Anger","True Grit+1","Cleave","Headbutt","Rampage","Shrug It Off+1","Clash+1","Armaments","Shrug It Off+1","Iron Wave","Juggernaut+1","Headbutt","Headbutt","Metallicize+1","Rage"],"relics":["Black Blood","Happy Flower","Thread and Needle","Gremlin Horn","Omamori","Frozen Egg 2","Old Coin","Bottled Flame","Enchiridion","Lizard Tail","Mercury Hourglass","Bag of Preparation","Oddly Smooth Stone","Pear","Ginger","Anchor"],"potions_floor_usage":[19,20,23,28,30,33,45,45],"damage_taken":[{"damage":0,"enemies":"2 Louse","floor":1,"turns":3},{"damage":5,"enemies":"Cultist","floor":2,"turns":4},{"damage":4,"enemies":"Small Slimes","floor":4,"turns":3},{"damage":1,"enemies":"Exordium Thugs","floor":5,"turns":4},{"damage":10,"enemies":"Gremlin Nob","floor":7,"turns":3},{"damage":0,"enemies":"3 Louse","floor":10,"turns":2},{"damage":0,"enemies":"Blue Slaver","floor":11,"turns":2},{"damage":1,"enemies":"Exordium Thugs","floor":12,"turns":3},{"damage":14,"enemies":"Lagavulin","floor":13,"turns":5},{"damage":5,"enemies":"Exordium Wildlife","floor":14,"turns":3},{"damage":35,"enemies":"The Guardian","floor":16,"turns":11},{"damage":13,"enemies":"Spheric Guardian","floor":18,"turns":4},{"damage":0,"enemies":"2 Thieves","floor":19,"turns":3},{"damage":8,"enemies":"Sentry and Sphere","floor":20,"turns":5},{"damage":1,"enemies":"3 Cultists","floor":22,"turns":6},{"damage":19,"enemies":"Slavers","floor":23,"turns":5},{"damage":37,"enemies":"Book of Stabbing","floor":25,"turns":6},{"damage":23,"enemies":"Snake Plant","floor":28,"turns":4},{"damage":0,"enemies":"Centurion and Healer","floor":30,"turns":5},{"damage":74,"enemies":"Collector","floor":33,"turns":10},{"damage":1,"enemies":"Orb Walker","floor":35,"turns":3},{"damage":93,"enemies":"Giant Head","floor":40,"turns":9},{"damage":0,"enemies":"3 Shapes","floor":41,"turns":2},{"damage":67,"enemies":"Reptomancer","floor":45,"turns":5},{"damage":11,"enemies":"Jaw Worm Horde","floor":46,"turns":4},{"damage":0,"enemies":"3 Darklings","floor":48,"turns":5}],"seed_played":"-4472581635017745286","potions_obtained":[{"floor":1,"key":"GamblersBrew"},{"floor":2,"key":"GamblersBrew"},{"floor":3,"key":"Fire Potion"},{"floor":4,"key":"Regen Potion"},{"floor":12,"key":"Explosive Potion"},{"floor":19,"key":"AttackPotion"},{"floor":23,"key":"Strength Potion"},{"floor":25,"key":"Swift Potion"},{"floor":33,"key":"GamblersBrew"},{"floor":35,"key":"Weak Potion"},{"floor":46,"key":"Explosive Potion"}],"is_trial":false,"path_per_floor":["?","M","?","$","?","?","?","M","?","$"],"character_chosen":"IRONCLAD","items_purchased":["Iron Wave","Headbutt","Metallicize+1","Mercury Hourglass","Bag of Preparation","Anchor"],"campfire_rested":2,"item_purchase_floors":[27,36,36,36,39,47],"current_hp_per_floor":[80,80,80,80,80,80,76,76,76,80,80,80,72,73,73,44,80,77,80,80,80,80,71,71,44,44,44,31,55,65,49,73,24,80,80,80,80,80,80,50,60,60,70,70,13,12,12,22],"gold":140,"neow_bonus":"RANDOM_COMMON_RELIC","is_prod":false,"is_daily":false,"chose_seed":false,"campfire_upgraded":5,"win_rate":0,"timestamp":1552772886,"path_taken":["M","M","?","M","M","R","E","R","T","M","M","?","E","M","R","BOSS","M","M","M","?","M","E","R","E","T","?","M","R","M","?","R","BOSS","M","$","?","?","$","E","?","?","T","R","E","M","?","M"],"build_version":"2019-01-23","purchased_purges":3,"victory":false,"max_hp_per_floor":[80,80,80,80,80,80,80,80,80,80,80,80,80,80,80,80,80,80,80,80,80,80,80,80,80,80,80,80,80,80,80,80,80,80,80,80,80,80,80,80,80,80,90,90,90,90,90,90],"card_choices":[{"not_picked":["Seeing Red","Bloodletting"],"picked":"Iron Wave","floor":1},{"not_picked":["Second Wind","Wild Strike"],"picked":"Uppercut","floor":2},{"not_picked":["Reckless Charge","Wild Strike","Rupture"],"picked":"SKIP","floor":4},{"not_picked":["Rupture","Clothesline"],"picked":"Clash","floor":5},{"not_picked":["Pummel","Seeing Red"],"picked":"Anger","floor":7},{"not_picked":["Power Through","Burning Pact"],"picked":"True Grit","floor":10},{"not_picked":["Havoc","Inflame"],"picked":"Cleave","floor":11},{"not_picked":["Carnage","Disarm"],"picked":"Headbutt","floor":12},{"not_picked":["Fiend Fire","Havoc"],"picked":"Rampage","floor":13},{"not_picked":["Intimidate","Armaments"],"picked":"Shrug It Off","floor":14},{"not_picked":["Havoc","Reckless Charge","Heavy Blade"],"picked":"SKIP","floor":18},{"not_picked":["Warcry","Pommel Strike+1","Second Wind+1"],"picked":"SKIP","floor":19},{"not_picked":["Armaments","Warcry"],"picked":"Clash+1","floor":20},{"not_picked":["Disarm+1","Second Wind"],"picked":"Armaments","floor":22},{"not_picked":["Twin Strike","Body Slam"],"picked":"Shrug It Off+1","floor":23},{"not_picked":["Entrench","Armaments","Flex+1"],"picked":"SKIP","floor":25},{"not_picked":["Perfected Strike","Pommel Strike","Twin Strike+1"],"picked":"SKIP","floor":28},{"not_picked":["Spot Weakness","Entrench+1","True Grit"],"picked":"SKIP","floor":30},{"not_picked":["Berserk+1","Limit Break"],"picked":"Juggernaut+1","floor":33},{"not_picked":["Clothesline+1","Hemokinesis"],"picked":"Headbutt","floor":35},{"not_picked":["Heavy Blade+1","Iron Wave","Fire Breathing+1"],"picked":"SKIP","floor":40},{"not_picked":["Seeing Red+1","Battle Trance+1","Anger"],"picked":"SKIP","floor":41},{"not_picked":["Brutality+1","Havoc"],"picked":"Rage","floor":45},{"not_picked":["Heavy Blade+1","Shrug It Off","Warcry"],"picked":"SKIP","floor":46}],"player_experience":693038,"relics_obtained":[{"floor":7,"key":"Thread and Needle"},{"floor":9,"key":"Gremlin Horn"},{"floor":13,"key":"Omamori"},{"floor":23,"key":"Frozen Egg 2"},{"floor":25,"key":"Old Coin"},{"floor":26,"key":"Bottled Flame"},{"floor":31,"key":"Enchiridion"},{"floor":40,"key":"Oddly Smooth Stone"},{"floor":43,"key":"Pear"},{"floor":45,"key":"Ginger"}],"event_choices":[{"damage_healed":0,"gold_gain":0,"player_choice":"Got Potions","damage_taken":0,"max_hp_gain":0,"max_hp_loss":0,"event_name":"Lab","floor":3,"gold_loss":0},{"damage_healed":0,"gold_gain":0,"player_choice":"Ignored","damage_taken":0,"max_hp_gain":0,"max_hp_loss":0,"event_name":"NoteForYourself","floor":21,"gold_loss":0},{"damage_healed":0,"gold_gain":0,"player_choice":"Obtained Book","damage_taken":16,"max_hp_gain":0,"max_hp_loss":0,"event_name":"Cursed Tome","floor":31,"gold_loss":0},{"damage_healed":0,"gold_gain":0,"player_choice":"Ignored","damage_taken":0,"max_hp_gain":0,"max_hp_loss":0,"event_name":"Tomb of Lord Red Mask","floor":37,"gold_loss":0},{"damage_healed":0,"gold_gain":0,"player_choice":"Full Heal","damage_taken":0,"max_hp_gain":0,"max_hp_loss":0,"event_name":"Wheel of Change","floor":38,"gold_loss":0},{"cards_removed":["Bash"],"damage_healed":0,"gold_gain":0,"player_choice":"Offered Basic","damage_taken":0,"max_hp_gain":0,"max_hp_loss":0,"event_name":"Bonfire Elementals","floor":42,"gold_loss":0}],"is_beta":false,"boss_relics":[{"not_picked":["Mark of Pain","Snecko Eye"],"picked":"Black Blood"},{"not_picked":["Velvet Choker","Eternal Feather"],"picked":"Lizard Tail"}],"items_purged_floors":[27,36,39],"is_endless":false,"potions_floor_spawned":[1,2,4,12,14,18,19,23,25,33,35,46],"killed_by":"3 Darklings","ascension_level":0}