{"gold_per_floor":[113,113,113,188,207,207,262,262,262,276,295,59,59,73,73,148,148,165,80,180,180,199,199,211,240,286,286],"floor_reached":27,"playtime":1148,"items_purged":[],"score":520,"play_id":"51a2cfee-20da-4ab3-b1cb-dfd487e6492a","local_time":"20190408205435","is_ascension_mode":true,"campfire_choices":[{"data":"Noxious Fumes","floor":6,"key":"SMITH"},{"data":"Cloak And Dagger","floor":8,"key":"SMITH"},{"data":"Footwork","floor":15,"key":"SMITH"},{"floor":23,"key":"REST"}],"neow_cost":"NONE","seed_source_timestamp":2064039498198864,"circlet_count":0,"master_deck":["AscendersBane","Survivor","Neutralize","Calculated Gamble","All Out Attack","Leg Sweep","Doppelganger","Blade Dance","Footwork+1","Die Die Die","Cloak And Dagger+1","Accuracy","Noxious Fumes+1","Cloak And Dagger","Footwork","Wraith Form v2","Cloak And Dagger","Dodge and Roll","Dash+1","Dodge and Roll","Noxious Fumes"],"relics":["Pandora\u0027s Box","Paper Crane","Tiny Chest","Pantograph","Bronze Scales","Fusion Hammer","Pocketwatch","Gambling Chip","Mercury Hourglass","Turnip","Lantern"],"potions_floor_usage":[20,25],"damage_taken":[{"damage":0,"enemies":"Cultist","floor":1,"turns":3},{"damage":10,"enemies":"Small Slimes","floor":5,"turns":3},{"damage":12,"enemies":"3 Sentries","floor":7,"turns":5},{"damage":0,"enemies":"Jaw Worm","floor":10,"turns":3},{"damage":15,"enemies":"Exordium Wildlife","floor":11,"turns":4},{"damage":7,"enemies":"Blue Slaver","floor":14,"turns":4},{"damage":0,"enemies":"Hexaghost","floor":16,"turns":9},{"damage":8,"enemies":"2 Thieves","floor":18,"turns":4},{"damage":21,"enemies":"Colosseum Slavers","floor":20,"turns":4},{"damage":2,"enemies":"Colosseum Nobs","floor":20,"turns":4},{"damage":1,"enemies":"Spheric Guardian","floor":22,"turns":4},{"damage":0,"enemies":"Cultist and Chosen","floor":24,"turns":4},{"damage":10,"enemies":"Slavers","floor":25,"turns":5},{"damage":18,"enemies":"Shelled Parasite and Fungi","floor":27,"turns":1}],"seed_played":"-2661103647561543391","potions_obtained":[{"floor":1,"key":"GamblersBrew"},{"floor":5,"key":"AttackPotion"},{"floor":16,"key":"Weak Potion"},{"floor":22,"key":"Energy Potion"}],"is_trial":false,"path_per_floor":["T","?","?","M","?","?","?","?","M"],"character_chosen":"THE_SILENT","items_purchased":["Bronze Scales","Footwork"],"campfire_rested":1,"item_purchase_floors":[12,12],"current_hp_per_floor":[59,59,59,48,38,38,26,26,26,26,11,11,11,4,4,29,57,49,49,26,8,7,28,28,18,18,0],"gold":286,"neow_bonus":"BOSS_RELIC","is_prod":false,"is_daily":false,"chose_seed":false,"campfire_upgraded":3,"win_rate":0,"timestamp":1554771275,"path_taken":["M","?","?","?","M","R","E","R","T","?","M","$","?","M","R","BOSS","M","?","?","?","M","R","?","E","T","M"],"build_version":"2019-01-23","purchased_purges":0,"victory":false,"max_hp_per_floor":[66,66,66,66,66,66,66,66,66,66,66,66,66,66,66,66,66,66,66,66,71,71,71,71,71,71,71],"card_choices":[{"not_picked":["Predator","Acrobatics","Expertise"],"picked":"SKIP","floor":1},{"not_picked":["Blade Dance","Calculated Gamble"],"picked":"Noxious Fumes","floor":5},{"not_picked":["Quick Slash","Tactician","Sucker Punch"],"picked":"SKIP","floor":7},{"not_picked":["Bane","Outmaneuver"],"picked":"Cloak And Dagger","floor":10},{"not_picked":["Venomology","Caltrops","Flechettes"],"picked":"SKIP","floor":11},{"not_picked":["Predator","Acrobatics","Setup"],"picked":"SKIP","floor":14},{"not_picked":["Adrenaline","Grand Finale"],"picked":"Wraith Form v2","floor":16},{"not_picked":["Slice","Quick Slash+1"],"picked":"Cloak And Dagger","floor":18},{"not_picked":["Poisoned Stab+1","Backflip"],"picked":"Dodge and Roll","floor":20},{"not_picked":["Endless Agony","Choke"],"picked":"Dash+1","floor":22},{"not_picked":["Calculated Gamble","Grand Finale"],"picked":"Dodge and Roll","floor":24},{"not_picked":["Flying Knee","Prepared"],"picked":"Noxious Fumes","floor":25}],"player_experience":1634490,"relics_obtained":[{"floor":2,"key":"Paper Crane"},{"floor":7,"key":"Tiny Chest"},{"floor":9,"key":"Pantograph"},{"floor":20,"key":"Gambling Chip"},{"floor":20,"key":"Mercury Hourglass"},{"floor":25,"key":"Turnip"},{"floor":26,"key":"Lantern"}],"event_choices":[{"damage_healed":0,"gold_gain":0,"player_choice":"Ignored","damage_taken":0,"max_hp_gain":0,"max_hp_loss":0,"event_name":"Liars Game","floor":3,"gold_loss":0},{"damage_healed":0,"gold_gain":75,"player_choice":"Gather Gold","damage_taken":11,"max_hp_gain":0,"max_hp_loss":0,"event_name":"World of Goop","floor":4,"gold_loss":0},{"cards_removed":["Flechettes"],"damage_healed":0,"gold_gain":0,"player_choice":"Forget","damage_taken":0,"max_hp_gain":0,"max_hp_loss":0,"event_name":"Living Wall","floor":13,"gold_loss":0},{"damage_healed":0,"gold_gain":0,"player_choice":"Obtained Relic","damage_taken":0,"relics_obtained":["Pocketwatch"],"max_hp_gain":0,"max_hp_loss":0,"event_name":"Addict","floor":19,"gold_loss":85},{"damage_healed":0,"gold_gain":0,"player_choice":"Fight","damage_taken":0,"max_hp_gain":0,"max_hp_loss":0,"event_name":"Colosseum","floor":20,"gold_loss":0},{"damage_healed":0,"gold_gain":0,"player_choice":"Fought Nobs","damage_taken":0,"max_hp_gain":0,"max_hp_loss":0,"event_name":"Colosseum","floor":20,"gold_loss":0},{"damage_healed":0,"gold_gain":0,"player_choice":"Shed Blood","damage_taken":23,"max_hp_gain":5,"max_hp_loss":0,"event_name":"Forgotten Altar","floor":21,"gold_loss":0}],"is_beta":false,"boss_relics":[{"not_picked":["Runic Dome","Orrery"],"picked":"Fusion Hammer"}],"items_purged_floors":[],"is_endless":false,"potions_floor_spawned":[1,5,16,20,22],"killed_by":"Shelled Parasite and Fungi","ascension_level":17}