{"gold_per_floor":[119,69,89,89,89,116,116,141,141,141,151,168,181,181,181,278,278,295,295,315,330,47,47],"floor_reached":23,"playtime":834,"items_purged":["Regret"],"score":256,"play_id":"9e166f0d-70b1-4b90-8f4a-06f49c79f5df","local_time":"20180908104141","is_ascension_mode":true,"campfire_choices":[{"floor":7,"key":"REST"},{"floor":10,"key":"REST"},{"floor":15,"key":"REST"}],"neow_cost":"NONE","seed_source_timestamp":228217942933738,"circlet_count":0,"master_deck":["Defend_G","Defend_G","Defend_G","Survivor","Neutralize","Deadly Poison","Tactician","Noxious Fumes","Deadly Poison","Bane","Corpse Explosion+1","Noxious Fumes","Corpse Explosion+1","Tools of the Trade+1","Escape Plan+1","Die Die Die+1","Crippling Poison+1","Bite","Bite","Bite","Bite","Bite","Prepared+1","Crippling Poison+1","Deadly Poison+1","Noxious Fumes"],"relics":["Velvet Choker","Sundial","Snake Skull","Smiling Mask","Toxic Egg 2","Ice Cream","Astrolabe","Regal Pillow"],"potions_floor_usage":[6,16,16,21],"damage_taken":[{"damage":0,"enemies":"Small Slimes","floor":1,"turns":4},{"damage":0,"enemies":"Jaw Worm","floor":3,"turns":4},{"damage":37,"enemies":"Gremlin Nob","floor":6,"turns":5},{"damage":27,"enemies":"Lagavulin","floor":8,"turns":6},{"damage":9,"enemies":"2 Louse","floor":11,"turns":2},{"damage":12,"enemies":"Lots of Slimes","floor":12,"turns":4},{"damage":0,"enemies":"2 Fungi Beasts","floor":13,"turns":2},{"damage":11,"enemies":"Slime Boss","floor":16,"turns":6},{"damage":15,"enemies":"Chosen","floor":18,"turns":3},{"damage":32,"enemies":"2 Thieves","floor":20,"turns":3},{"damage":19,"enemies":"Snake Plant","floor":21,"turns":3},{"damage":20,"enemies":"Book of Stabbing","floor":23,"turns":2}],"seed_played":"-955208929781609994","potions_obtained":[{"floor":1,"key":"AttackPotion"},{"floor":8,"key":"AttackPotion"},{"floor":13,"key":"LiquidBronze"},{"floor":20,"key":"EssenceOfSteel"}],"is_trial":false,"path_per_floor":["M","?","M","?","T","E","R","E","T","R","M","M","M","?","R","B",null,"M","?","M","M","$"],"character_chosen":"THE_SILENT","items_purchased":["Regal Pillow","Deadly Poison+1","Noxious Fumes"],"campfire_rested":3,"item_purchase_floors":[22,22,22],"current_hp_per_floor":[70,70,70,70,70,33,54,27,27,48,39,27,27,27,48,37,70,55,49,23,12,12,0],"gold":47,"neow_bonus":"BOSS_RELIC","is_prod":false,"is_daily":false,"chose_seed":false,"campfire_upgraded":0,"win_rate":0,"timestamp":1536424901,"path_taken":["M","?","M","?","?","E","R","E","T","R","M","?","M","?","R","BOSS","M","?","M","M","$","E"],"build_version":"2018-09-06","purchased_purges":1,"victory":false,"max_hp_per_floor":[70,70,70,70,70,70,70,70,70,70,70,70,70,70,70,70,70,70,49,49,49,49,49],"card_choices":[{"not_picked":["Riddle With Holes","Bane"],"picked":"Deadly Poison","floor":1},{"not_picked":["Deflect","Slice"],"picked":"Tactician","floor":3},{"not_picked":["Outmaneuver","Poisoned Stab"],"picked":"Noxious Fumes","floor":6},{"not_picked":["Noxious Fumes","Dodge and Roll"],"picked":"Deadly Poison","floor":8},{"not_picked":["Backflip+1","Deadly Poison+1"],"picked":"Bane","floor":11},{"not_picked":["Poisoned Stab","Expertise+1"],"picked":"Corpse Explosion+1","floor":12},{"not_picked":["Choke","Infinite Blades"],"picked":"Noxious Fumes","floor":13},{"not_picked":["Venomology+1","Night Terror+1"],"picked":"Corpse Explosion+1","floor":16},{"not_picked":["Outmaneuver+1","Blade Dance+1"],"picked":"Crippling Poison+1","floor":18},{"not_picked":["Dagger Throw","Cloak And Dagger+1"],"picked":"Prepared+1","floor":20},{"not_picked":["Concentrate+1","Endless Agony"],"picked":"Crippling Poison+1","floor":21}],"player_experience":487814,"relics_obtained":[{"floor":5,"key":"Sundial"},{"floor":6,"key":"Snake Skull"},{"floor":8,"key":"Smiling Mask"},{"floor":9,"key":"Toxic Egg 2"}],"event_choices":[{"event_name":"The Cleric","player_choice":"Card Removal","floor":2,"damage_taken":0},{"event_name":"Purifier","player_choice":"One Purge","floor":4,"damage_taken":0},{"event_name":"Big Fish","player_choice":"Box","floor":14,"damage_taken":0},{"event_name":"Vampires","player_choice":"Became a vampire","floor":19,"damage_taken":0}],"is_beta":false,"boss_relics":[{"not_picked":["Coffee Dripper","Sozu"],"picked":"Astrolabe"}],"items_purged_floors":[22],"is_endless":false,"potions_floor_spawned":[1,8,13,20],"killed_by":"Book of Stabbing","ascension_level":3}