{"gold_per_floor":[109,109,122,132,307,307,340,340,389,21,46,8,27,38,38,141,141,158,177,28,38,58,58,115,135,158,158,192,204,236,254,254,254],"floor_reached":33,"playtime":1397,"items_purged":["Doubt","Shame"],"score":340,"play_id":"2ee8b086-1105-4eaa-8c92-a537ff9e4904","local_time":"20180928182440","is_ascension_mode":true,"campfire_choices":[{"data":"Blade Dance","floor":6,"key":"SMITH"},{"floor":8,"key":"REST"},{"data":"Tools of the Trade","floor":15,"key":"SMITH"},{"data":"After Image","floor":23,"key":"SMITH"},{"data":"Acrobatics","floor":27,"key":"SMITH"},{"floor":32,"key":"REST"}],"neow_cost":"TEN_PERCENT_HP_LOSS","seed_source_timestamp":0,"circlet_count":0,"master_deck":["Defend_G","Defend_G","Defend_G","Defend_G","Defend_G","Strike_G","Strike_G","Strike_G","Strike_G","Strike_G","Survivor","Neutralize","Storm of Steel+1","Infinite Blades","Dagger Spray","Blade Dance+1","Tools of the Trade+1","Accuracy","Dodge and Roll","Acrobatics+1","After Image+1","Decay","Parasite","Cloak And Dagger","PiercingWail","Terror","Reflex+1","Deflect","Cloak And Dagger","Blade Dance","Underhanded Strike"],"special_seed":0,"relics":["Ring of the Snake","Bag of Marbles","Art of War","Tingsha","Shuriken","Calling Bell","Lantern","Pear","Calipers","Tiny Chest","Omamori","Red Mask","Torii"],"potions_floor_usage":[7,11,16,24,24,28,33],"damage_taken":[{"damage":2,"enemies":"Jaw Worm","floor":1,"turns":4},{"damage":0,"enemies":"Cultist","floor":3,"turns":3},{"damage":7,"enemies":"2 Louse","floor":4,"turns":2},{"damage":16,"enemies":"Gremlin Nob","floor":7,"turns":3},{"damage":10,"enemies":"3 Sentries","floor":11,"turns":4},{"damage":2,"enemies":"Looter","floor":13,"turns":2},{"damage":0,"enemies":"Large Slime","floor":14,"turns":3},{"damage":18,"enemies":"Hexaghost","floor":16,"turns":6},{"damage":8,"enemies":"Spheric Guardian","floor":18,"turns":5},{"damage":6,"enemies":"Shell Parasite","floor":19,"turns":3},{"damage":6,"enemies":"Cultist and Chosen","floor":21,"turns":6},{"damage":10,"enemies":"Sentry and Sphere","floor":22,"turns":4},{"damage":0,"enemies":"Gremlin Leader","floor":24,"turns":6},{"damage":8,"enemies":"Snake Plant","floor":25,"turns":5},{"damage":16,"enemies":"Masked Bandits","floor":28,"turns":5},{"damage":0,"enemies":"Cultist and Chosen","floor":29,"turns":5},{"damage":6,"enemies":"Slavers","floor":30,"turns":5},{"damage":0,"enemies":"Snecko","floor":31,"turns":5},{"damage":58,"enemies":"Collector","floor":33,"turns":7}],"seed_played":"5138352963036439354","potions_obtained":[{"floor":1,"key":"Strength Potion"},{"floor":7,"key":"AttackPotion"},{"floor":14,"key":"SpeedPotion"},{"floor":16,"key":"Swift Potion"},{"floor":19,"key":"SpeedPotion"},{"floor":21,"key":"Regen Potion"},{"floor":30,"key":"Fire Potion"}],"is_trial":false,"path_per_floor":["M","?","M","M","?","R","E","R","T","$","E","$","M","M","R","B",null,"M","M","$","M","M","R","E","M","T","R","?","M","E","M","R"],"character_chosen":"THE_SILENT","items_purchased":["Tingsha","Accuracy","PowerPotion"],"campfire_rested":2,"item_purchase_floors":[10,12,20],"current_hp_per_floor":[61,61,61,54,54,54,38,56,56,56,46,46,44,44,44,26,73,65,59,59,53,43,43,58,50,50,50,34,34,28,28,49,0],"gold":254,"neow_bonus":"THREE_RARE_CARDS","is_prod":false,"is_daily":false,"chose_seed":false,"campfire_upgraded":4,"win_rate":0,"timestamp":1538173480,"path_taken":["M","?","M","M","?","R","E","R","T","$","E","?","?","M","R","BOSS","M","M","$","M","M","R","E","M","T","R","?","M","E","M","R","BOSS"],"build_version":"2018-09-27","purchased_purges":2,"victory":false,"max_hp_per_floor":[63,63,63,63,63,63,63,63,63,63,63,63,63,63,63,63,73,73,73,73,73,73,73,73,73,73,73,73,73,73,73,73,73],"card_choices":[{"not_picked":["Doppelganger","Bullet Time"],"picked":"Storm of Steel","floor":0.0},{"not_picked":["Concentrate","Quick Slash"],"picked":"Infinite Blades","floor":1},{"not_picked":["Crippling Poison","Bouncing Flask"],"picked":"Dagger Spray","floor":3},{"not_picked":["Dodge and Roll","Slice"],"picked":"Blade Dance","floor":4},{"not_picked":["Predator","Leg Sweep"],"picked":"Tools of the Trade","floor":7},{"not_picked":["Riddle With Holes","Dagger Spray","Deadly Poison"],"picked":"SKIP","floor":11},{"not_picked":["Deadly Poison","Bane"],"picked":"Dodge and Roll","floor":13},{"not_picked":["Sucker Punch","Deadly Poison"],"picked":"Acrobatics","floor":14},{"not_picked":["Phantasmal Killer","Grand Finale"],"picked":"After Image","floor":16},{"not_picked":["Slice","Sucker Punch"],"picked":"Cloak And Dagger","floor":18},{"not_picked":["Bane","Footwork","Outmaneuver+1"],"picked":"SKIP","floor":19},{"not_picked":["Slice","Outmaneuver+1","Poisoned Stab"],"picked":"SKIP","floor":21},{"not_picked":["Flying Knee","Grand Finale"],"picked":"PiercingWail","floor":22},{"not_picked":["Footwork","Sucker Punch"],"picked":"Terror","floor":24},{"not_picked":["Slice","Prepared"],"picked":"Reflex+1","floor":25},{"not_picked":["Sucker Punch+1","Footwork"],"picked":"Deflect","floor":28},{"not_picked":["Prepared","Dodge and Roll"],"picked":"Cloak And Dagger","floor":29},{"not_picked":["Noxious Fumes+1","Dash+1"],"picked":"Blade Dance","floor":30},{"not_picked":["Quick Slash","Riddle With Holes"],"picked":"Underhanded Strike","floor":31}],"player_experience":290231,"relics_obtained":[{"floor":7,"key":"Bag of Marbles"},{"floor":9,"key":"Art of War"},{"floor":11,"key":"Shuriken"},{"floor":17,"key":"Lantern"},{"floor":17,"key":"Pear"},{"floor":17,"key":"Calipers"},{"floor":24,"key":"Tiny Chest"},{"floor":26,"key":"Omamori"},{"floor":28,"key":"Red Mask"},{"floor":30,"key":"Torii"}],"event_choices":[{"event_name":"Upgrade Shrine","player_choice":"Upgraded","floor":2,"damage_taken":0},{"event_name":"Liars Game","player_choice":"agreed","floor":5,"damage_taken":0},{"event_name":"Masked Bandits","player_choice":"Fought Bandits","floor":28,"damage_taken":0}],"is_beta":true,"boss_relics":[{"not_picked":["Coffee Dripper","Velvet Choker"],"picked":"Calling Bell"}],"items_purged_floors":[10,20],"is_endless":false,"potions_floor_spawned":[1,7,14,16,19,21,22,30],"killed_by":"Collector","ascension_level":1}