{"gold_per_floor":[110,110,121,196,213,239,239,0,0,0,0,14,29,29,29,128,178,191,206,220,220],"floor_reached":21,"playtime":819,"items_purged":["Strike_B"],"score":262,"play_id":"83362ac0-7a4f-47c4-a957-ba46caf46127","local_time":"20190111173401","is_ascension_mode":true,"campfire_choices":[{"floor":7,"key":"DIG"},{"floor":10,"key":"DIG"},{"data":"Discovery","floor":15,"key":"SMITH"}],"neow_cost":"NONE","seed_source_timestamp":124196784425143,"circlet_count":0,"master_deck":["Strike_B","Strike_B","Strike_B+1","Defend_B","Defend_B","Defend_B","Defend_B","Zap","Dualcast","Self Repair+1","Defragment","Leap","Discovery+1","Defragment","Ball Lightning","Echo Form","Undo","Defragment+1","Force Field","Leap"],"relics":["Cracked Core","NeowsBlessing","Shovel","Orichalcum","Nunchaku","Smiling Mask","Tiny House"],"potions_floor_usage":[6,18,18,20,21],"damage_taken":[{"damage":0,"enemies":"Small Slimes","floor":1,"turns":1},{"damage":0,"enemies":"Cultist","floor":3,"turns":1},{"damage":0,"enemies":"Jaw Worm","floor":5,"turns":1},{"damage":25,"enemies":"Lagavulin","floor":6,"turns":7},{"damage":18,"enemies":"Exordium Thugs","floor":12,"turns":4},{"damage":3,"enemies":"2 Fungi Beasts","floor":13,"turns":3},{"damage":39,"enemies":"The Guardian","floor":16,"turns":11},{"damage":20,"enemies":"3 Byrds","floor":18,"turns":7},{"damage":40,"enemies":"Shell Parasite","floor":19,"turns":12},{"damage":32,"enemies":"Chosen and Byrds","floor":20,"turns":7},{"damage":15,"enemies":"Snake Plant","floor":21,"turns":2}],"seed_played":"-6538966415276165836","potions_obtained":[{"floor":3,"key":"Poison Potion"},{"floor":6,"key":"Regen Potion"},{"floor":12,"key":"SkillPotion"},{"floor":17,"key":"SkillPotion"},{"floor":18,"key":"Dexterity Potion"}],"is_trial":false,"path_per_floor":["M","?","M","?","M","E","R","$","T","R","$","M","M","$","R","B",null,"M","M","M","M"],"character_chosen":"DEFECT","items_purchased":["Discovery","Defragment"],"campfire_rested":0,"item_purchase_floors":[8,8],"current_hp_per_floor":[68,68,75,64,64,49,49,49,49,49,49,41,48,48,48,19,66,66,36,4,0],"gold":220,"neow_bonus":"THREE_ENEMY_KILL","is_prod":false,"is_daily":false,"chose_seed":false,"campfire_upgraded":1,"win_rate":0,"timestamp":1547246041,"path_taken":["M","?","?","?","M","E","R","?","T","R","$","M","M","$","R","BOSS","M","M","M","M"],"build_version":"2019-01-10","purchased_purges":1,"victory":false,"max_hp_per_floor":[75,75,75,75,75,75,75,75,75,75,75,75,75,75,75,75,80,80,80,80,80],"card_choices":[{"not_picked":["Compile Driver","Cold Snap"],"picked":"Self Repair","floor":1},{"not_picked":["Turbo","Compile Driver","Aggregate"],"picked":"SKIP","floor":3},{"not_picked":["Compile Driver","Reboot"],"picked":"Defragment","floor":5},{"not_picked":["Static Discharge","Skim"],"picked":"Leap","floor":6},{"not_picked":["Genetic Algorithm","Redo"],"picked":"Ball Lightning","floor":12},{"not_picked":["Streamline","Beam Cell","Leap"],"picked":"SKIP","floor":13},{"not_picked":["Multi-Cast","Electrodynamics"],"picked":"Echo Form","floor":16},{"not_picked":["Melter","Ball Lightning"],"picked":"Undo","floor":17},{"not_picked":["Cold Snap","Barrage"],"picked":"Defragment+1","floor":18},{"not_picked":["Streamline+1","Barrage"],"picked":"Force Field","floor":19},{"not_picked":["Streamline","Hologram"],"picked":"Leap","floor":20}],"player_experience":500382,"relics_obtained":[{"floor":6,"key":"Shovel"},{"floor":7,"key":"Orichalcum"},{"floor":9,"key":"Nunchaku"},{"floor":10,"key":"Smiling Mask"}],"event_choices":[{"damage_healed":0,"gold_gain":0,"player_choice":"Forge","damage_taken":0,"max_hp_gain":0,"max_hp_loss":0,"event_name":"Accursed Blacksmith","floor":2,"gold_loss":0,"cards_upgraded":["Self Repair"]},{"damage_healed":0,"gold_gain":75,"player_choice":"Gather Gold","damage_taken":11,"max_hp_gain":0,"max_hp_loss":0,"event_name":"World of Goop","floor":4,"gold_loss":0}],"is_beta":true,"boss_relics":[{"not_picked":["Nuclear Battery","Calling Bell"],"picked":"Tiny House"}],"items_purged_floors":[8],"is_endless":false,"potions_floor_spawned":[3,6,12,18],"killed_by":"Snake Plant","ascension_level":9}