{"path_per_floor":["M","$","M","?","M","R","M","R","T","M","E","?","E","$","R","B",null,"M","?","M","M","$","R"],"character_chosen":"IRONCLAD","items_purchased":["Frozen Egg 2","Spot Weakness","Ancient Tea Set","Mind Blast","Corruption","Infernal Blade"],"gold_per_floor":[359,42,56,131,151,151,165,165,189,208,234,409,434,57,57,159,159,159,159,159,159,39,39,39],"floor_reached":24,"campfire_rested":3,"playtime":1181,"current_hp_per_floor":[38,38,37,26,24,48,42,66,66,54,49,49,30,30,54,19,65,68,53,35,20,20,20,0],"items_purged":["Strike_R","Strike_R"],"gold":39,"score":258,"play_id":"75f42fed-1217-4546-8d54-02217b978e02","local_time":"20180326011731","is_prod":false,"is_daily":false,"is_ascension_mode":true,"campfire_upgraded":1,"timestamp":1522041451,"path_taken":["M","$","M","?","M","R","M","R","T","M","E","?","E","$","R","BOSS","M","?","M","M","$","R","E"],"build_version":"2018-03-25","purchased_purges":2,"victory":false,"master_deck":["Strike_R","Strike_R","Strike_R","Defend_R","Defend_R","Defend_R","Defend_R","Bash","Spot Weakness","Carnage","Hemokinesis","Fire Breathing+1","Evolve+1","Doubt","Power Through","Spot Weakness","Mind Blast","Immolate","Metallicize+1","Feel No Pain+1","Sentinel","Corruption+1","Infernal Blade+1"],"max_hp_per_floor":[80,80,80,80,80,80,80,80,80,80,80,80,80,80,80,80,80,80,85,85,85,85,85,85],"relics":["Burning Blood","Frozen Egg 2","Pen Nib","Mercury Hourglass","Sundial","Ancient Tea Set","Ectoplasm"],"card_choices":[{"not_picked":["Power Through","Clash"],"picked":"Spot Weakness","floor":3},{"not_picked":["Pommel Strike","True Grit"],"picked":"Carnage","floor":5},{"not_picked":["Headbutt","Anger"],"picked":"Hemokinesis","floor":7},{"not_picked":["Intimidate","Fiend Fire"],"picked":"Fire Breathing","floor":10},{"not_picked":["Thunderclap","Anger"],"picked":"Evolve","floor":11},{"not_picked":["Headbutt","Clothesline"],"picked":"Power Through","floor":13},{"not_picked":["Bludgeon","Feed"],"picked":"Immolate","floor":16},{"not_picked":["Shockwave","Clothesline"],"picked":"Metallicize","floor":18},{"not_picked":["Armaments","Carnage"],"picked":"Feel No Pain","floor":20},{"not_picked":["Body Slam","Carnage"],"picked":"Sentinel","floor":21}],"player_experience":86602,"potions_floor_usage":[10,13,16,24],"damage_taken":[{"damage":8,"enemies":"2 Louse","floor":1,"turns":4},{"damage":7,"enemies":"Jaw Worm","floor":3,"turns":3},{"damage":8,"enemies":"Small Slimes","floor":5,"turns":4},{"damage":12,"enemies":"Looter","floor":7,"turns":3},{"damage":18,"enemies":"Large Slime","floor":10,"turns":6},{"damage":11,"enemies":"Gremlin Nob","floor":11,"turns":3},{"damage":25,"enemies":"3 Sentries","floor":13,"turns":5},{"damage":41,"enemies":"The Guardian","floor":16,"turns":11},{"damage":3,"enemies":"Chosen","floor":18,"turns":4},{"damage":24,"enemies":"3 Byrds","floor":20,"turns":4},{"damage":21,"enemies":"Centurion and Healer","floor":21,"turns":5},{"damage":23,"enemies":"Book of Stabbing","floor":24,"turns":3}],"event_choices":[{"event_name":"World of Goop","player_choice":"Gather Gold","floor":4,"damage_taken":0},{"event_name":"Liars Game","player_choice":"agreed","floor":12,"damage_taken":0},{"event_name":"Forgotten Altar","player_choice":"Shed Blood","floor":19,"damage_taken":0}],"boss_relics":[{"not_picked":["Orrery","Runic Pyramid"],"picked":"Ectoplasm"}],"potions_floor_spawned":[1,7,10,18],"seed_played":"-4335977678395874871","killed_by":"Book of Stabbing","ascension_level":5,"is_trial":false}