{"gold_per_floor":[114,114,114,129,91,121,121,136,136,136,151,326,326,341,341,441,441,456,471,471,421,436,36,66,81,81,96,126,141,171,186,186,286,286,301,316,316,316,331,361,361,391,391,397,397,26,106,106,106,106],"floor_reached":51,"playtime":2441,"items_purged":["Doubt","Regret"],"score":1065,"play_id":"629532dd-cc48-4d3a-98af-edda13906a55","local_time":"20181025002224","daily_mods":["SealedDeck","Blue Cards","Lethality"],"is_ascension_mode":false,"campfire_choices":[{"data":"Hologram","floor":7,"key":"SMITH"},{"data":"Reinforced Body","floor":10,"key":"SMITH"},{"data":"Body Slam","floor":15,"key":"SMITH"},{"data":"Dark Embrace","floor":32,"key":"SMITH"},{"data":"Skim","floor":41,"key":"SMITH"},{"floor":45,"key":"REST"},{"data":"Corruption","floor":49,"key":"SMITH"}],"neow_cost":"","seed_source_timestamp":0,"circlet_count":0,"master_deck":["Conserve Battery","Turbo","Sweeping Beam","Hologram+1","Chill","Leap","Corruption+1","Leap","Twin Strike","Sweeping Beam","Chill","Body Slam+1","Reinforced Body+1","Hologram","Creative AI","Flame Barrier","Skim+1","Warcry+1","Turbo","Dark Embrace+1","Rage+1","Body Slam+1","Recycle","All For One+1","Body Slam+1","Body Slam+1","Skim","Leap+1","Regret","Steam","Injury","Injury"],"special_seed":17829,"relics":["Burning Blood","Singing Bowl","Bottled Lightning","Mummified Hand","Cursed Key","PreservedInsect","Gremlin Horn","Nunchaku","Molten Egg 2","Sundial","Kunai","Philosopher\u0027s Stone","Shuriken","Strawberry","Self Forming Clay","Prayer Wheel","Pen Nib","Tiny Chest","Pear"],"potions_floor_usage":[16,25,33,33,39,50,50,50],"damage_taken":[{"damage":0,"enemies":"2 Louse","floor":1,"turns":2},{"damage":0,"enemies":"Small Slimes","floor":4,"turns":2},{"damage":2,"enemies":"Gremlin Nob","floor":6,"turns":4},{"damage":0,"enemies":"Jaw Worm","floor":8,"turns":1},{"damage":0,"enemies":"Lots of Slimes","floor":11,"turns":2},{"damage":2,"enemies":"Large Slime","floor":14,"turns":6},{"damage":80,"enemies":"Hexaghost","floor":16,"turns":13},{"damage":0,"enemies":"Spheric Guardian","floor":18,"turns":3},{"damage":0,"enemies":"2 Thieves","floor":19,"turns":3},{"damage":18,"enemies":"Cultist and Chosen","floor":22,"turns":6},{"damage":0,"enemies":"Gremlin Leader","floor":24,"turns":3},{"damage":1,"enemies":"Shelled Parasite and Fungi","floor":25,"turns":5},{"damage":19,"enemies":"Centurion and Healer","floor":27,"turns":7},{"damage":0,"enemies":"Book of Stabbing","floor":28,"turns":3},{"damage":0,"enemies":"Sentry and Sphere","floor":29,"turns":3},{"damage":3,"enemies":"Slavers","floor":30,"turns":2},{"damage":2,"enemies":"Shelled Parasite and Fungi","floor":31,"turns":3},{"damage":9,"enemies":"Champ","floor":33,"turns":7},{"damage":0,"enemies":"3 Darklings","floor":35,"turns":2},{"damage":12,"enemies":"Orb Walker","floor":36,"turns":2},{"damage":18,"enemies":"Transient","floor":39,"turns":5},{"damage":37,"enemies":"Giant Head","floor":40,"turns":4},{"damage":30,"enemies":"Nemesis","floor":42,"turns":3},{"damage":2,"enemies":"2 Orb Walkers","floor":44,"turns":4},{"damage":0,"enemies":"Donu and Deca","floor":50,"turns":4}],"seed_played":"-5760803722143185132","potions_obtained":[{"floor":6,"key":"GamblersBrew"},{"floor":14,"key":"Explosive Potion"},{"floor":16,"key":"Dexterity Potion"},{"floor":19,"key":"Dexterity Potion"},{"floor":25,"key":"Poison Potion"},{"floor":36,"key":"Explosive Potion"},{"floor":39,"key":"SpeedPotion"}],"is_trial":false,"path_per_floor":["M","?","?","M","$","E","R","M","T","R","M","?","?","M","R","B",null,"M","M","?","?","M","$","E","M","T","M","E","M","E","M","R","B",null,"M","M","?","?","M","E","R","E","T","?","R","$","T","T","R","B"],"character_chosen":"IRONCLAD","items_purchased":["Uppercut","Skim","Gremlin Horn","Pen Nib","Steam","BloodPotion"],"campfire_rested":1,"item_purchase_floors":[5,23,23,46,46,46],"current_hp_per_floor":[80,80,55,63,63,67,67,73,73,73,79,79,84,89,89,15,89,89,91,91,91,81,81,87,92,92,79,87,93,95,95,95,92,95,95,89,89,89,77,48,48,33,33,39,71,71,71,81,81,98],"gold":106,"neow_bonus":"","is_prod":false,"is_daily":true,"chose_seed":false,"campfire_upgraded":6,"win_rate":0,"timestamp":1540441344,"path_taken":["M","?","?","M","$","E","R","M","T","R","?","?","?","M","R","BOSS","M","?","?","?","M","$","E","M","T","M","E","M","E","M","R","BOSS","M","M","?","?","M","E","R","E","T","?","R","$","?","?","R","BOSS"],"build_version":"2018-10-23","purchased_purges":2,"victory":true,"max_hp_per_floor":[80,80,80,82,82,82,82,82,82,82,82,82,87,89,89,89,89,89,91,91,91,93,93,93,93,93,93,95,95,95,95,95,95,95,95,95,95,95,95,97,97,106,106,108,108,108,108,118,118,118],"card_choices":[{"not_picked":["Thunderclap","Flame Barrier"],"picked":"Chill","floor":1},{"not_picked":["Force Field","Gash","Capacitor"],"picked":"Singing Bowl","floor":4},{"not_picked":["Beam Cell","Fission"],"picked":"Body Slam","floor":6},{"not_picked":["Rupture","Corruption"],"picked":"Reinforced Body","floor":8},{"not_picked":["Go for the Eyes","Redo"],"picked":"Hologram","floor":11},{"not_picked":["Wild Strike","Power Through","Cleave"],"picked":"Singing Bowl","floor":14},{"not_picked":["Rainbow","Berserk"],"picked":"Creative AI","floor":16},{"not_picked":["True Grit","Sword Boomerang"],"picked":"Flame Barrier","floor":18},{"not_picked":["Sweeping Beam","Pummel","Flex+1"],"picked":"Singing Bowl","floor":19},{"not_picked":["Compile Driver","Ghostly Armor","Darkness"],"picked":"Singing Bowl","floor":22},{"not_picked":["Steam","Rage"],"picked":"Warcry+1","floor":24},{"not_picked":["Carnage","Disarm+1"],"picked":"Turbo","floor":25},{"not_picked":["Twin Strike+1","Genetic Algorithm"],"picked":"Dark Embrace","floor":27},{"not_picked":["Whirlwind+1","Self Repair","Streamline+1"],"picked":"Singing Bowl","floor":28},{"not_picked":["Sword Boomerang+1","Pommel Strike+1"],"picked":"Rage+1","floor":29},{"not_picked":["Blizzard+1","Shrug It Off+1"],"picked":"Body Slam+1","floor":30},{"not_picked":["Storm","Ball Lightning+1"],"picked":"Recycle","floor":31},{"not_picked":["Hyperbeam+1","Feed+1"],"picked":"All For One+1","floor":33},{"not_picked":["Sweeping Beam+1","Steam Power"],"picked":"Body Slam+1","floor":35},{"not_picked":["Wild Strike+1","Clash+1"],"picked":"Body Slam+1","floor":36},{"not_picked":["Wild Strike+1","Pommel Strike+1"],"picked":"Leap+1","floor":39},{"not_picked":["Clash+1","Defragment","Streamline+1"],"picked":"Singing Bowl","floor":40},{"not_picked":["Compile Driver+1","Burning Pact","Ball Lightning+1"],"picked":"Singing Bowl","floor":42},{"not_picked":["Doom and Gloom+1","Flex+1","Entrench"],"picked":"Singing Bowl","floor":44}],"player_experience":391096,"relics_obtained":[{"floor":6,"key":"Bottled Lightning"},{"floor":9,"key":"Mummified Hand"},{"floor":24,"key":"Nunchaku"},{"floor":26,"key":"Molten Egg 2"},{"floor":28,"key":"Sundial"},{"floor":30,"key":"Kunai"},{"floor":40,"key":"Shuriken"},{"floor":42,"key":"Strawberry"},{"floor":43,"key":"Self Forming Clay"},{"floor":44,"key":"Prayer Wheel"},{"floor":47,"key":"Tiny Chest"},{"floor":48,"key":"Pear"}],"event_choices":[{"damage_healed":0,"gold_gain":0,"player_choice":"Leave","damage_taken":0,"max_hp_gain":0,"max_hp_loss":0,"event_name":"The Cleric","floor":2,"gold_loss":0},{"damage_healed":0,"gold_gain":0,"player_choice":"Success","damage_taken":25,"relics_obtained":["Singing Bowl"],"max_hp_gain":0,"max_hp_loss":0,"event_name":"Scrap Ooze","floor":3,"gold_loss":0},{"damage_healed":0,"gold_gain":175,"player_choice":"AGREE","damage_taken":0,"max_hp_gain":0,"max_hp_loss":0,"event_name":"Liars Game","floor":12,"gold_loss":0,"cards_obtained":["Doubt"]},{"damage_healed":0,"gold_gain":0,"player_choice":"Donut","damage_taken":0,"max_hp_gain":5,"max_hp_loss":0,"event_name":"Big Fish","floor":13,"gold_loss":0},{"damage_healed":0,"gold_gain":0,"player_choice":"Opened","damage_taken":0,"relics_obtained":["PreservedInsect"],"max_hp_gain":0,"max_hp_loss":0,"event_name":"The Mausoleum","floor":20,"gold_loss":0},{"damage_healed":0,"gold_gain":0,"player_choice":"Bet on Owner","damage_taken":0,"max_hp_gain":0,"max_hp_loss":0,"event_name":"The Joust","floor":21,"gold_loss":50},{"damage_healed":0,"gold_gain":0,"player_choice":"Copied","damage_taken":0,"max_hp_gain":0,"max_hp_loss":0,"event_name":"Duplicator","floor":37,"gold_loss":0,"cards_obtained":["Skim"]},{"cards_removed":["Uppercut"],"damage_healed":0,"gold_gain":0,"player_choice":"Removed Attack","damage_taken":0,"max_hp_gain":0,"max_hp_loss":0,"event_name":"Falling","floor":38,"gold_loss":0},{"damage_healed":0,"gold_gain":0,"player_choice":"Fight","damage_taken":0,"max_hp_gain":0,"max_hp_loss":0,"event_name":"Mysterious Sphere","floor":44,"gold_loss":0}],"is_beta":true,"boss_relics":[{"not_picked":["Runic Pyramid","Fusion Hammer"],"picked":"Cursed Key"},{"not_picked":["Empty Cage","Velvet Choker"],"picked":"Philosopher\u0027s Stone"}],"items_purged_floors":[23,46],"is_endless":false,"potions_floor_spawned":[6,14,16,19,24,25,30,31,36,39],"ascension_level":0}