{"gold_per_floor":[111,111,123,123,139,139,169,20,72,82,82,82,99,99,99,196,196,213,213,213,228,228,228,248,248,248,148,182,722],"floor_reached":29,"playtime":2453,"items_purged":["Strike_B","Zap"],"score":254,"play_id":"7dfc77c9-e90b-40bd-988c-6477d9b63304","local_time":"20190408200156","is_ascension_mode":true,"campfire_choices":[{"data":"Double Energy","floor":6.0,"key":"SMITH"},{"floor":11.0,"key":"REST"},{"floor":15.0,"key":"REST"},{"floor":23.0,"key":"REST"},{"floor":25,"key":"REST"}],"neow_cost":"NONE","seed_source_timestamp":313683462715191,"circlet_count":0,"master_deck":["Defend_B","Defend_B","Defend_B","Dualcast","Double Energy+1","Defragment","Streamline","Streamline","Sunder","Self Repair","Hologram","Seek","Hologram+1","Echo Form+1","Cold Snap+1","Sweeping Beam+1","Conserve Battery","RitualDagger","Doom and Gloom+1"],"special_seed":0,"relics":["Velvet Choker","Odd Mushroom","Ancient Tea Set","Omamori","Astrolabe","Enchiridion","Matryoshka","Dodecahedron"],"potions_floor_usage":[28],"damage_taken":[{"damage":0.0,"enemies":"Cultist","floor":1.0,"turns":4.0},{"damage":3.0,"enemies":"Jaw Worm","floor":3.0,"turns":4.0},{"damage":3.0,"enemies":"Small Slimes","floor":5.0,"turns":3.0},{"damage":31.0,"enemies":"The Mushroom Lair","floor":7.0,"turns":5.0},{"damage":3.0,"enemies":"Blue Slaver","floor":10.0,"turns":3.0},{"damage":11.0,"enemies":"Looter","floor":13.0,"turns":2.0},{"damage":22.0,"enemies":"Slime Boss","floor":16.0,"turns":7.0},{"damage":25.0,"enemies":"Chosen","floor":18.0,"turns":5.0},{"damage":19.0,"enemies":"2 Thieves","floor":21.0,"turns":4.0},{"damage":30,"enemies":"Shelled Parasite and Fungi","floor":24,"turns":4},{"damage":3,"enemies":"Book of Stabbing","floor":28,"turns":7}],"seed_played":"7533791331943299581","potions_obtained":[{"floor":1.0,"key":"EntropicBrew"},{"floor":5.0,"key":"LiquidBronze"},{"floor":7.0,"key":"Strength Potion"},{"floor":13.0,"key":"LiquidBronze"},{"floor":18.0,"key":"FocusPotion"}],"is_trial":false,"path_per_floor":["M","?","M","?","M","R","?","$","T","M","R","T","M","$","R","B",null,"M","?","?","M","?","R","M","R","T","$","E","?"],"character_chosen":"DEFECT","items_purchased":["Sunder"],"campfire_rested":4,"item_purchase_floors":[8],"current_hp_per_floor":[75,75,72,65,62,62,31,31,31,28,50,50,46,46,68,53,75,57,57,41,29,23,45,22,44,44,44,48,0],"gold":722,"neow_bonus":"BOSS_RELIC","is_prod":false,"is_daily":false,"chose_seed":false,"campfire_upgraded":1,"win_rate":0,"timestamp":1554771716,"path_taken":["M","?","M","?","M","R","?","?","T","M","R","?","M","$","R","BOSS","M","?","?","M","?","R","M","R","T","$","E","?"],"build_version":"2019-01-23","purchased_purges":2,"victory":false,"max_hp_per_floor":[75,75,75,75,75,75,75,75,75,75,75,75,75,75,75,75,75,75,75,75,75,75,75,75,75,75,75,75,75],"card_choices":[{"not_picked":["Lockon","Skim"],"picked":"Double Energy","floor":1.0},{"not_picked":["Chaos","Stack"],"picked":"Defragment","floor":3.0},{"not_picked":["Turbo","Steam"],"picked":"Streamline","floor":5.0},{"not_picked":["Reinforced Body","Steam"],"picked":"Streamline","floor":7.0},{"not_picked":["Ball Lightning","Tempest"],"picked":"Self Repair","floor":10.0},{"not_picked":["Sweeping Beam","Gash"],"picked":"Hologram","floor":13.0},{"not_picked":["Machine Learning","Buffer"],"picked":"Seek","floor":16.0},{"not_picked":["Conserve Battery","Leap+1"],"picked":"Sweeping Beam+1","floor":18.0},{"not_picked":["Beam Cell","Streamline"],"picked":"Conserve Battery","floor":21.0},{"not_picked":["Reprogram","Skim+1"],"picked":"Doom and Gloom+1","floor":24},{"not_picked":["Hologram","Barrage","Sunder"],"picked":"SKIP","floor":28}],"player_experience":202581,"relics_obtained":[{"floor":7.0,"key":"Odd Mushroom"},{"floor":9.0,"key":"Ancient Tea Set"},{"floor":12.0,"key":"Omamori"},{"floor":20.0,"key":"Enchiridion"},{"floor":26,"key":"Matryoshka"},{"floor":28,"key":"Dodecahedron"}],"event_choices":[{"damage_healed":0.0,"max_hp_gain":0.0,"max_hp_loss":0.0,"gold_gain":0.0,"event_name":"Liars Game","player_choice":"Ignored","floor":2.0,"gold_loss":0.0,"damage_taken":0.0},{"cards_removed":["Strike_B"],"damage_healed":0.0,"max_hp_gain":0.0,"max_hp_loss":0.0,"gold_gain":0.0,"event_name":"Golden Wing","player_choice":"Card Removal","floor":4.0,"gold_loss":0.0,"damage_taken":7.0},{"damage_healed":0.0,"max_hp_gain":0.0,"max_hp_loss":0.0,"gold_gain":0.0,"event_name":"Mushrooms","player_choice":"Fought Mushrooms","floor":7.0,"gold_loss":0.0,"damage_taken":0.0},{"damage_healed":0.0,"max_hp_gain":0.0,"max_hp_loss":0.0,"gold_gain":0.0,"event_name":"Ghosts","player_choice":"Ignored","floor":19.0,"gold_loss":0.0,"damage_taken":0.0},{"damage_healed":0.0,"max_hp_gain":0.0,"max_hp_loss":0.0,"gold_gain":0.0,"event_name":"Cursed Tome","player_choice":"Obtained Book","floor":20.0,"gold_loss":0.0,"damage_taken":16.0},{"damage_healed":0.0,"max_hp_gain":0.0,"max_hp_loss":0.0,"gold_gain":0.0,"event_name":"Nest","player_choice":"Joined the Cult","floor":22.0,"gold_loss":0.0,"damage_taken":6.0,"cards_obtained":["RitualDagger"]}],"is_beta":false,"boss_relics":[{"not_picked":["Nuclear Battery","Philosopher\u0027s Stone"],"picked":"Astrolabe"}],"items_purged_floors":[8,27],"is_endless":false,"potions_floor_spawned":[1,5,7,13,18],"ascension_level":2}