{"gold_per_floor":[116,134,134,149,224,224,240,260,260,273,31,31,58,71,71,71],"floor_reached":16,"playtime":1037,"items_purged":["Decay"],"score":104,"play_id":"e0766958-8c92-4d97-97eb-605e9247892d","local_time":"20180705214043","is_ascension_mode":false,"campfire_choices":[{"data":"Dark Embrace","floor":6,"key":"SMITH"},{"floor":12,"key":"REST"},{"floor":15,"key":"REST"}],"neow_cost":"NONE","seed_source_timestamp":47551690538470,"circlet_count":0,"master_deck":["Strike_R","Strike_R","Strike_R","Strike_R","Strike_R","Defend_R","Defend_R","Defend_R","Defend_R","Bash","Iron Wave","Inflame","Dark Embrace+1","Spot Weakness","Rage","Metallicize","Flex+1","Havoc+1","Finesse+1","Sever Soul","Whirlwind"],"relics":["Burning Blood","Potion Belt","Toxic Egg 2","Regal Pillow"],"potions_floor_usage":[8],"damage_taken":[{"damage":0,"enemies":"2 Louse","floor":1,"turns":3},{"damage":1,"enemies":"Cultist","floor":2,"turns":3},{"damage":0,"enemies":"Small Slimes","floor":4,"turns":3},{"damage":8,"enemies":"Exordium Wildlife","floor":7,"turns":5},{"damage":11,"enemies":"Lots of Slimes","floor":8,"turns":5},{"damage":31,"enemies":"Exordium Thugs","floor":10,"turns":5},{"damage":12,"enemies":"Lagavulin","floor":13,"turns":6},{"damage":9,"enemies":"2 Fungi Beasts","floor":14,"turns":3},{"damage":55,"enemies":"The Guardian","floor":16,"turns":8}],"seed_played":"1038670308513416224","potions_obtained":[{"floor":7,"key":"Ancient Potion"}],"is_trial":false,"path_per_floor":["M","M","?","M","?","R","M","M","T","M","$","R","E","M","R"],"character_chosen":"IRONCLAD","items_purchased":["Flex+1","Havoc+1","Finesse+1"],"campfire_rested":2,"item_purchase_floors":[11,11,11],"current_hp_per_floor":[80,80,80,80,69,69,67,62,62,37,37,61,55,52,80,25],"gold":71,"neow_bonus":"RANDOM_COMMON_RELIC","is_prod":false,"is_daily":false,"chose_seed":false,"campfire_upgraded":1,"win_rate":0,"timestamp":1530841243,"path_taken":["M","M","?","M","?","R","M","M","T","M","$","R","E","M","R","BOSS"],"build_version":"2018-07-05","purchased_purges":1,"victory":false,"max_hp_per_floor":[80,80,80,80,80,80,80,80,80,80,80,80,80,80,80,80],"card_choices":[{"not_picked":["True Grit","Havoc"],"picked":"Iron Wave","floor":1},{"not_picked":["Headbutt","Pommel Strike"],"picked":"Inflame","floor":2},{"not_picked":["Dropkick","Shrug It Off"],"picked":"Dark Embrace","floor":4},{"not_picked":["Bloodletting","Pommel Strike"],"picked":"Spot Weakness","floor":7},{"not_picked":["Hemokinesis","Clothesline"],"picked":"Rage","floor":8},{"not_picked":["Iron Wave","Clothesline"],"picked":"Metallicize","floor":10},{"not_picked":["Iron Wave","Cleave"],"picked":"Sever Soul","floor":13},{"not_picked":["Burning Pact+1","Anger"],"picked":"Whirlwind","floor":14}],"player_experience":111932,"relics_obtained":[{"floor":9,"key":"Toxic Egg 2"},{"floor":13,"key":"Regal Pillow"}],"event_choices":[{"event_name":"Wheel of Change","player_choice":"Curse","floor":3,"damage_taken":0},{"event_name":"World of Goop","player_choice":"Gather Gold","floor":5,"damage_taken":0}],"boss_relics":[],"items_purged_floors":[11],"is_endless":false,"potions_floor_spawned":[7],"killed_by":"The Guardian","ascension_level":0}