{"gold_per_floor":[114,114,18,92,110,140,158,186,209,2,27,27,45,61,61,157,157,128,128,147,147],"floor_reached":21,"playtime":1185,"items_purged":[],"score":239,"play_id":"99e093e6-b601-4a08-9b3c-7ed924dc3cd5","local_time":"20190117091302","is_ascension_mode":false,"campfire_choices":[{"data":"beaked:BraceForImpact","floor":12,"key":"SMITH"},{"data":"beaked:Ceremony","floor":15,"key":"SMITH"}],"neow_cost":"NONE","seed_source_timestamp":145775624684621,"circlet_count":0,"master_deck":["beaked:Strike_Y","beaked:Strike_Y","beaked:Strike_Y","beaked:Strike_Y","beaked:Strike_Y","beaked:Strike_Y","beaked:Defend_Y","beaked:Defend_Y","beaked:Defend_Y","beaked:Defend_Y","beaked:Ceremony","beaked:Ceremony","beaked:Ceremony+1","beaked:Sacrifice","beaked:TuckingFeathers","beaked:Roost","beaked:Insight","beaked:BraceForImpact+1","beaked:CursingBlood","beaked:Insight","beaked:FullHouse","beaked:Sacrifice"],"relics":["beaked:MendingPlumage","Strawberry","Odd Mushroom","Boot","beaked:RitualPlumage","Regal Pillow","beaked:SacrificeDoll","Lantern"],"potions_floor_usage":[6,18],"damage_taken":[{"damage":0,"enemies":"2 Louse","floor":1,"turns":2},{"damage":24,"enemies":"Jaw Worm","floor":5,"turns":6},{"damage":30,"enemies":"Lagavulin","floor":6,"turns":8},{"damage":3,"enemies":"Cultist","floor":7,"turns":5},{"damage":30,"enemies":"The Mushroom Lair","floor":8,"turns":10},{"damage":23,"enemies":"Gremlin Nob","floor":11,"turns":6},{"damage":6,"enemies":"Red Slaver","floor":13,"turns":4},{"damage":15,"enemies":"Gremlin Gang","floor":14,"turns":11},{"damage":40,"enemies":"The Guardian","floor":16,"turns":14},{"damage":40,"enemies":"2 Thieves","floor":18,"turns":5},{"damage":11,"enemies":"Chosen","floor":20,"turns":9},{"damage":93,"enemies":"3 Cultists","floor":21,"turns":5}],"seed_played":"-7086187062429543581","potions_obtained":[{"floor":1,"key":"Ancient Potion"},{"floor":11,"key":"Poison Potion"},{"floor":13,"key":"Energy Potion"},{"floor":20,"key":"FearPotion"}],"is_trial":false,"path_per_floor":["M","?","$","?","M","E","M","?","T","$","E","R","M","M","R","B",null,"M","T","M","M"],"character_chosen":"BEAKED_THE_CULTIST","items_purchased":["PowerPotion","FearPotion","beaked:RitualPlumage"],"campfire_rested":0,"item_purchase_floors":[3,3,10],"current_hp_per_floor":[53,53,53,53,42,54,66,61,61,61,53,53,61,81,81,75,84,57,57,82,0],"gold":147,"neow_bonus":"ONE_RANDOM_RARE_CARD","is_prod":false,"is_daily":false,"chose_seed":false,"campfire_upgraded":2,"win_rate":0.0,"timestamp":1547734382,"path_taken":["M","?","$","?","M","E","M","?","T","?","E","R","?","M","R","BOSS","M","?","M","M"],"build_version":"2019-01-16","purchased_purges":0,"victory":false,"max_hp_per_floor":[53,53,53,53,56,66,69,72,72,72,75,75,78,81,81,84,84,84,84,87,87],"card_choices":[{"not_picked":["beaked:Mantra","beaked:Pecker"],"picked":"beaked:TuckingFeathers","floor":1},{"not_picked":["beaked:Tweet","beaked:Windmill"],"picked":"beaked:Roost","floor":5},{"not_picked":["beaked:Flinch","beaked:Resilience","beaked:MimicHuntress"],"picked":"SKIP","floor":6},{"not_picked":["beaked:DigDeep","beaked:DigDeeper"],"picked":"beaked:Insight","floor":7},{"not_picked":["beaked:Windmill","beaked:Roost"],"picked":"beaked:BraceForImpact","floor":8},{"not_picked":["beaked:HuntressSpirit","beaked:DigDeep"],"picked":"beaked:CursingBlood","floor":11},{"not_picked":["beaked:Windmill","beaked:Flinch"],"picked":"beaked:Insight","floor":13},{"not_picked":["beaked:Struggle","beaked:Cower"],"picked":"beaked:FullHouse","floor":14},{"not_picked":["beaked:CheekyTricks","beaked:WildInstinct"],"picked":"beaked:Sacrifice","floor":16},{"not_picked":["beaked:Poke","beaked:WarriorEssence","beaked:HuntressSpirit+1"],"picked":"SKIP","floor":18},{"not_picked":["beaked:Daydream+1","beaked:MimicMachine","beaked:Foresight"],"picked":"SKIP","floor":20}],"player_experience":516140,"relics_obtained":[{"floor":6,"key":"Strawberry"},{"floor":8,"key":"Odd Mushroom"},{"floor":9,"key":"Boot"},{"floor":11,"key":"Regal Pillow"},{"floor":19,"key":"Lantern"}],"event_choices":[{"damage_healed":0,"gold_gain":0,"player_choice":"Leave","damage_taken":0,"max_hp_gain":0,"max_hp_loss":0,"event_name":"The Cleric","floor":2,"gold_loss":0},{"damage_healed":0,"gold_gain":74,"player_choice":"Gained Gold","damage_taken":0,"max_hp_gain":0,"max_hp_loss":0,"event_name":"Golden Wing","floor":4,"gold_loss":0},{"damage_healed":0,"gold_gain":0,"player_choice":"Fought Mushrooms","damage_taken":0,"max_hp_gain":0,"max_hp_loss":0,"event_name":"Mushrooms","floor":8,"gold_loss":0}],"is_beta":true,"boss_relics":[{"not_picked":["beaked:FlawlessSticks","Lizard Tail"],"picked":"beaked:SacrificeDoll"}],"items_purged_floors":[],"is_endless":false,"potions_floor_spawned":[1,11,13,16,20],"killed_by":"3 Cultists","ascension_level":0}