{"gold_per_floor":[110,121,91,108,19,19,34,34,34,61,61,61,61,91,91,91],"floor_reached":16,"playtime":392,"items_purged":[],"score":200,"play_id":"ab46b434-9c8a-4d15-9d5d-931b3fb88c2e","local_time":"20190407131947","is_ascension_mode":true,"campfire_choices":[{"data":"Defragment","floor":6.0,"key":"SMITH"},{"data":"Capacitor","floor":8.0,"key":"SMITH"},{"floor":13.0,"key":"REST"},{"data":"Reboot","floor":15.0,"key":"SMITH"}],"neow_cost":"NONE","seed_source_timestamp":726258526951800,"circlet_count":0,"master_deck":["AscendersBane","Strike_B","Strike_B","Strike_B","Strike_B","Defend_B","Defend_B","Defend_B","Defend_B","Zap","Dualcast","Undo","Leap","Sweeping Beam","Defragment+1","Capacitor+1","Reboot+1","Glacier"],"special_seed":0,"relics":["Cracked Core","Letter Opener","Cables","Boot","Blue Candle"],"potions_floor_usage":[16],"damage_taken":[{"damage":0.0,"enemies":"Cultist","floor":1.0,"turns":3.0},{"damage":7.0,"enemies":"Jaw Worm","floor":2.0,"turns":3.0},{"damage":1.0,"enemies":"Small Slimes","floor":4.0,"turns":4.0},{"damage":3.0,"enemies":"2 Fungi Beasts","floor":7.0,"turns":4.0},{"damage":35.0,"enemies":"3 Sentries","floor":10.0,"turns":9.0},{"damage":19.0,"enemies":"Lagavulin","floor":14.0,"turns":7.0},{"damage":16,"enemies":"The Guardian","floor":16,"turns":2}],"seed_played":"4797305945364778713","potions_obtained":[{"floor":2.0,"key":"Strength Potion"},{"floor":3.0,"key":"FocusPotion"}],"is_trial":false,"path_per_floor":["M","M","?","M","$","R","M","R","T","E","$","?","R","E","R","B"],"character_chosen":"DEFECT","items_purchased":["Defragment"],"campfire_rested":1,"item_purchase_floors":[5],"current_hp_per_floor":[71,64,64,63,63,63,60,60,60,25,25,7,30,11,11,0],"gold":91,"neow_bonus":"TEN_PERCENT_HP_BONUS","is_prod":false,"is_daily":false,"chose_seed":false,"campfire_upgraded":3,"win_rate":0,"timestamp":1554668387,"path_taken":["M","M","?","?","$","R","M","R","T","E","$","?","R","E","R","BOSS"],"build_version":"2019-01-23","purchased_purges":0,"victory":false,"max_hp_per_floor":[78,78,78,78,78,78,78,78,78,78,78,78,78,78,78,78],"card_choices":[{"not_picked":["Beam Cell","Turbo"],"picked":"Undo","floor":1.0},{"not_picked":["Gash","Stack"],"picked":"Leap","floor":2.0},{"not_picked":["Streamline","Hologram"],"picked":"Sweeping Beam","floor":4.0},{"not_picked":["Steam Power","Sweeping Beam"],"picked":"Capacitor","floor":7.0},{"not_picked":["Barrage","Go for the Eyes"],"picked":"Reboot","floor":10.0},{"not_picked":["Rebound","Fusion"],"picked":"Glacier","floor":14.0}],"player_experience":488101,"relics_obtained":[{"floor":9.0,"key":"Letter Opener"},{"floor":10.0,"key":"Cables"},{"floor":14.0,"key":"Blue Candle"}],"event_choices":[{"damage_healed":0.0,"max_hp_gain":0.0,"max_hp_loss":0.0,"gold_gain":0.0,"event_name":"The Woman in Blue","player_choice":"Bought 2 Potions","floor":3.0,"gold_loss":0.0,"damage_taken":0.0},{"damage_healed":0.0,"max_hp_gain":0.0,"max_hp_loss":0.0,"gold_gain":0.0,"event_name":"Scrap Ooze","player_choice":"Success","floor":12.0,"gold_loss":0.0,"damage_taken":18.0,"relics_obtained":["Boot"]}],"is_beta":false,"boss_relics":[],"items_purged_floors":[],"is_endless":false,"potions_floor_spawned":[2,4],"killed_by":"The Guardian","ascension_level":17}