{"gold_per_floor":[117,117,117,117,128,128,155,165,210,224,224,237,262,275,275,375,375,393,13,23,37,51,51],"floor_reached":23,"playtime":1718,"items_purged":["Regret"],"score":230,"play_id":"50dd48bf-c3d9-48e0-b871-b926dc9efa72","local_time":"20190210150646","is_ascension_mode":false,"campfire_choices":[{"data":"Dramatic Entrance","floor":6,"key":"SMITH"},{"floor":11,"key":"REST"},{"data":"Barricade","floor":15,"key":"SMITH"}],"neow_cost":"NONE","seed_source_timestamp":267459184939379,"circlet_count":0,"master_deck":["Strike_R","Strike_R","Strike_R","Strike_R","Strike_R","Defend_R","Defend_R+1","Defend_R","Defend_R","Bash","Dramatic Entrance+1","Iron Wave+1","Clash","Twin Strike","Shrug It Off","Rampage","Barricade+1","Iron Wave","Reaper","Iron Wave","Iron Wave","Iron Wave"],"relics":["Burning Blood","Centennial Puzzle","The Courier","Question Card","Bag of Marbles","Ancient Tea Set","Orrery","Pen Nib","Frozen Egg 2"],"potions_floor_usage":[13,16,16,23,23],"damage_taken":[{"damage":8,"enemies":"Jaw Worm","floor":1,"turns":3},{"damage":6,"enemies":"Cultist","floor":5,"turns":3},{"damage":49,"enemies":"Lagavulin","floor":7,"turns":6},{"damage":0,"enemies":"2 Louse","floor":8,"turns":1},{"damage":0,"enemies":"Lots of Slimes","floor":10,"turns":1},{"damage":1,"enemies":"Large Slime","floor":12,"turns":5},{"damage":8,"enemies":"3 Sentries","floor":13,"turns":4},{"damage":1,"enemies":"Gremlin Gang","floor":14,"turns":2},{"damage":29,"enemies":"Slime Boss","floor":16,"turns":11},{"damage":10,"enemies":"Chosen","floor":18,"turns":5},{"damage":24,"enemies":"Shell Parasite","floor":20,"turns":7},{"damage":20,"enemies":"Snake Plant","floor":21,"turns":5},{"damage":10,"enemies":"Snecko","floor":22,"turns":4},{"damage":70,"enemies":"Gremlin Leader","floor":23,"turns":7}],"seed_played":"7272838306079314758","potions_obtained":[{"floor":8,"key":"AttackPotion"},{"floor":10,"key":"Explosive Potion"},{"floor":14,"key":"AttackPotion"},{"floor":16,"key":"SkillPotion"},{"floor":20,"key":"Strength Potion"}],"is_trial":false,"path_per_floor":["?","?","T","M"],"character_chosen":"IRONCLAD","items_purchased":["Pen Nib","Frozen Egg 2"],"campfire_rested":1,"item_purchase_floors":[19,19],"current_hp_per_floor":[78,62,62,62,62,62,19,25,25,31,55,60,58,63,63,40,80,76,76,61,48,50,0],"gold":51,"neow_bonus":"RANDOM_COLORLESS","is_prod":false,"is_daily":false,"chose_seed":false,"campfire_upgraded":2,"win_rate":0,"timestamp":1549829206,"path_taken":["M","?","?","?","M","R","E","M","T","?","R","M","E","M","R","BOSS","M","$","M","M","M","E"],"build_version":"2019-01-23","purchased_purges":1,"victory":false,"max_hp_per_floor":[80,80,80,80,80,80,80,80,80,80,80,80,80,80,80,80,80,80,80,80,80,80,80],"card_choices":[{"not_picked":["Entrench","Anger"],"picked":"Iron Wave","floor":1},{"not_picked":["Twin Strike","Sever Soul"],"picked":"Clash","floor":5},{"not_picked":["Ghostly Armor","Corruption"],"picked":"Twin Strike","floor":7},{"not_picked":["Sword Boomerang","Iron Wave","Second Wind"],"picked":"Shrug It Off","floor":8},{"not_picked":["Evolve","Wild Strike","Havoc"],"picked":"Rampage","floor":10},{"not_picked":["Flex","Thunderclap","Body Slam","Searing Blow"],"picked":"SKIP","floor":12},{"not_picked":["Reckless Charge","Armaments","Disarm"],"picked":"Barricade","floor":13},{"not_picked":["Cleave","Flex","Intimidate"],"picked":"Iron Wave","floor":14},{"not_picked":["Barricade","Demon Form","Immolate"],"picked":"Reaper","floor":16},{"not_picked":["Anger","Flex","Headbutt"],"picked":"Iron Wave","floor":17},{"not_picked":["Bloodletting","Armaments","Warcry"],"picked":"Iron Wave","floor":17},{"not_picked":["Sword Boomerang","Perfected Strike","Impervious"],"picked":"Iron Wave","floor":18},{"not_picked":["Thunderclap","Pummel","Bloodletting","Cleave"],"picked":"SKIP","floor":20},{"not_picked":["Blood for Blood","Perfected Strike","Power Through","Havoc"],"picked":"SKIP","floor":21},{"not_picked":["Headbutt","Reaper","Rampage","Iron Wave"],"picked":"SKIP","floor":22}],"player_experience":379436,"relics_obtained":[{"floor":4,"key":"The Courier"},{"floor":7,"key":"Question Card"},{"floor":9,"key":"Bag of Marbles"},{"floor":13,"key":"Ancient Tea Set"}],"event_choices":[{"damage_healed":0,"gold_gain":0,"player_choice":"Entered Light","damage_taken":16,"max_hp_gain":0,"max_hp_loss":0,"event_name":"Shining Light","floor":2,"gold_loss":0,"cards_upgraded":["Defend_R","Iron Wave"]},{"damage_healed":0,"gold_gain":0,"player_choice":"Box","damage_taken":0,"relics_obtained":["Centennial Puzzle"],"max_hp_gain":0,"max_hp_loss":0,"event_name":"Big Fish","floor":3,"gold_loss":0,"cards_obtained":["Regret"]}],"is_beta":false,"boss_relics":[{"not_picked":["Astrolabe","Velvet Choker"],"picked":"Orrery"}],"items_purged_floors":[19],"is_endless":false,"potions_floor_spawned":[8,10,14,16,20],"killed_by":"Gremlin Leader","ascension_level":0}