{"gold_per_floor":[110,127,402,101,115,115,125,141,165,176,187,187,207,221,221,322,322,332,332,345,421,286,286,286,306,331,342,377,396,411,425,425,425],"floor_reached":33,"playtime":1454,"items_purged":["Regret"],"score":267,"play_id":"09650e1c-0f23-4a0c-998b-95fdc509d396","local_time":"20190210163147","is_ascension_mode":false,"campfire_choices":[{"data":"Bash","floor":6,"key":"SMITH"},{"data":"Uppercut","floor":12,"key":"SMITH"},{"data":"Blind","floor":15,"key":"SMITH"},{"data":"Dropkick","floor":24,"key":"SMITH"},{"floor":32,"key":"REST"}],"neow_cost":"NONE","seed_source_timestamp":1051311064225267,"circlet_count":0,"master_deck":["Strike_R","Strike_R","Strike_R","Strike_R","Strike_R","Defend_R","Defend_R","Defend_R","Defend_R","Bash+1","Finesse","Dropkick","Dropkick+1","Impervious","Blind+1","Thunderclap","Shrug It Off","Shrug It Off","Pommel Strike","Uppercut+1","Cleave","Battle Trance","Impervious","Reckless Charge","Thunderclap+1","Shrug It Off","Impatience","Flame Barrier","Pommel Strike+1","Sever Soul+1","Wild Strike","Thunderclap+1"],"relics":["Black Blood"],"potions_floor_usage":[8,13,14,20,28,28,30,30,33],"damage_taken":[{"damage":0,"enemies":"2 Louse","floor":1,"turns":3},{"damage":15,"enemies":"Cultist","floor":2,"turns":4},{"damage":6,"enemies":"Small Slimes","floor":5,"turns":3},{"damage":23,"enemies":"Exordium Wildlife","floor":7,"turns":4},{"damage":4,"enemies":"2 Fungi Beasts","floor":8,"turns":4},{"damage":0,"enemies":"Lots of Slimes","floor":10,"turns":5},{"damage":5,"enemies":"Exordium Wildlife","floor":11,"turns":4},{"damage":0,"enemies":"3 Louse","floor":13,"turns":2},{"damage":13,"enemies":"Exordium Thugs","floor":14,"turns":5},{"damage":40,"enemies":"The Guardian","floor":16,"turns":14},{"damage":14,"enemies":"Shell Parasite","floor":18,"turns":6},{"damage":0,"enemies":"Chosen","floor":20,"turns":6},{"damage":18,"enemies":"Snecko","floor":25,"turns":8},{"damage":11,"enemies":"Chosen and Byrds","floor":27,"turns":7},{"damage":25,"enemies":"Book of Stabbing","floor":28,"turns":8},{"damage":16,"enemies":"Snake Plant","floor":29,"turns":5},{"damage":15,"enemies":"Centurion and Healer","floor":30,"turns":6},{"damage":38,"enemies":"Sentry and Sphere","floor":31,"turns":10},{"damage":46,"enemies":"Collector","floor":33,"turns":6}],"seed_played":"-221001239512173287","potions_obtained":[{"floor":5,"key":"LiquidBronze"},{"floor":7,"key":"SkillPotion"},{"floor":8,"key":"Explosive Potion"},{"floor":10,"key":"SpeedPotion"},{"floor":11,"key":"FairyPotion"},{"floor":14,"key":"SpeedPotion"},{"floor":16,"key":"Ancient Potion"},{"floor":20,"key":"Block Potion"},{"floor":27,"key":"Swift Potion"},{"floor":28,"key":"Dexterity Potion"},{"floor":29,"key":"Poison Potion"},{"floor":31,"key":"Energy Potion"}],"is_trial":false,"path_per_floor":["M","M","?","$","M","R","M","M","T","M","M","R","M","M","R","B",null,"M","?","M","T","$","?","R","M","T","M","E","M","M","M","R","B"],"character_chosen":"IRONCLAD","items_purchased":["Impervious","Blind","Shrug It Off","Impatience"],"campfire_rested":1,"item_purchase_floors":[4,4,22,22],"current_hp_per_floor":[80,71,71,71,71,71,54,56,56,62,63,63,69,62,62,28,80,76,76,80,80,80,72,72,64,64,63,48,42,37,18,42,0],"gold":425,"neow_bonus":"RANDOM_COLORLESS","is_prod":false,"is_daily":false,"chose_seed":false,"campfire_upgraded":4,"win_rate":0,"timestamp":1549841507,"path_taken":["M","M","?","$","M","R","M","?","T","M","M","R","M","M","R","BOSS","M","?","M","?","$","?","R","M","T","M","E","?","M","M","R","BOSS"],"build_version":"2019-01-23","purchased_purges":1,"victory":false,"max_hp_per_floor":[80,80,80,80,80,80,80,80,80,80,80,80,80,80,80,80,80,80,80,80,80,80,80,80,80,80,80,80,80,80,80,80,80],"card_choices":[{"not_picked":["Anger","Body Slam"],"picked":"Dropkick","floor":1},{"not_picked":["Fire Breathing","Clash"],"picked":"Dropkick","floor":2},{"not_picked":["Bloodletting","Intimidate"],"picked":"Thunderclap","floor":5},{"not_picked":["Dual Wield","Body Slam"],"picked":"Shrug It Off","floor":7},{"not_picked":["Pommel Strike","Flex"],"picked":"Shrug It Off","floor":8},{"not_picked":["Twin Strike","Hemokinesis"],"picked":"Pommel Strike","floor":10},{"not_picked":["Thunderclap","Havoc"],"picked":"Uppercut","floor":11},{"not_picked":["Pommel Strike","Perfected Strike"],"picked":"Cleave","floor":13},{"not_picked":["Clash","Cleave"],"picked":"Battle Trance","floor":14},{"not_picked":["Juggernaut","Offering"],"picked":"Impervious","floor":16},{"not_picked":["Rampage","Anger"],"picked":"Reckless Charge","floor":18},{"not_picked":["Heavy Blade+1","Dropkick"],"picked":"Thunderclap+1","floor":20},{"not_picked":["Headbutt","Clash"],"picked":"Flame Barrier","floor":25},{"not_picked":["Anger","Pummel"],"picked":"Pommel Strike+1","floor":27},{"not_picked":["Clothesline","Demon Form"],"picked":"Sever Soul+1","floor":28},{"not_picked":["Warcry","Burning Pact","Twin Strike"],"picked":"SKIP","floor":29},{"not_picked":["Pommel Strike","Sword Boomerang"],"picked":"Wild Strike","floor":30},{"not_picked":["True Grit","Perfected Strike+1"],"picked":"Thunderclap+1","floor":31}],"player_experience":1429257,"relics_obtained":[],"event_choices":[{"damage_healed":0,"gold_gain":275,"player_choice":"Desecrate","damage_taken":0,"max_hp_gain":0,"max_hp_loss":0,"event_name":"Golden Shrine","floor":3,"gold_loss":0,"cards_obtained":["Regret"]},{"damage_healed":0,"gold_gain":0,"player_choice":"Damaged","damage_taken":8,"max_hp_gain":0,"max_hp_loss":0,"event_name":"Wheel of Change","floor":23,"gold_loss":0}],"is_beta":false,"boss_relics":[{"not_picked":["Sozu","Coffee Dripper"],"picked":"Black Blood"}],"items_purged_floors":[4],"is_endless":false,"potions_floor_spawned":[5,7,8,10,11,14,16,20,27,28,29,31],"killed_by":"Collector","ascension_level":0}