{"gold_per_floor":[369,369,39,56,56,56,56,72,72,91,91,124,141,152,152,252,252,263,92,92,81,100,100,129,129,153,173,188,188,121,49,49,150,150,169,187,62,75,87,113,113],"floor_reached":41,"playtime":4737,"items_purged":["Injury","Strike_G","Strike_G"],"score":495,"play_id":"40376af7-4016-4f80-8e14-80d46d210d2d","local_time":"20190105140816","is_ascension_mode":false,"campfire_choices":[{"data":"Neutralize","floor":7.0,"key":"SMITH"},{"floor":11.0,"key":"REST"},{"data":"Footwork","floor":15.0,"key":"SMITH"},{"floor":23.0,"key":"REST"},{"data":"Burst","floor":25.0,"key":"SMITH"},{"floor":29.0,"key":"REST"},{"data":"Well Laid Plans","floor":32.0,"key":"SMITH"}],"neow_cost":"CURSE","seed_source_timestamp":333052054328138,"circlet_count":0,"master_deck":["Defend_G","Defend_G","Defend_G+1","Defend_G","Defend_G+1","Strike_G","Strike_G","Survivor","Neutralize+1","Catalyst","Well Laid Plans+1","Backstab","Corpse Explosion","Footwork+1","Backflip","Noxious Fumes","Burst+1","PiercingWail+1","Noxious Fumes","Footwork","Setup+1","Blur","Footwork","PiercingWail+1","Footwork","Footwork","Catalyst+1"],"special_seed":0,"relics":["Ring of the Snake","Dream Catcher","Ancient Tea Set","Nunchaku","Boot","Lizard Tail","Anchor","Centennial Puzzle","Sozu","Sundial"],"potions_floor_usage":[],"damage_taken":[{"damage":0.0,"enemies":"Cultist","floor":1.0,"turns":6.0},{"damage":0.0,"enemies":"Small Slimes","floor":4.0,"turns":5.0},{"damage":0.0,"enemies":"2 Louse","floor":8.0,"turns":3.0},{"damage":9.0,"enemies":"Exordium Thugs","floor":10.0,"turns":7.0},{"damage":7.0,"enemies":"Gremlin Nob","floor":12.0,"turns":3.0},{"damage":0.0,"enemies":"Lots of Slimes","floor":13.0,"turns":4.0},{"damage":0.0,"enemies":"Gremlin Gang","floor":14.0,"turns":1.0},{"damage":48.0,"enemies":"Slime Boss","floor":16.0,"turns":15.0},{"damage":5.0,"enemies":"Spheric Guardian","floor":18.0,"turns":5.0},{"damage":20.0,"enemies":"2 Thieves","floor":21.0,"turns":4.0},{"damage":10.0,"enemies":"Centurion and Healer","floor":22.0,"turns":6.0},{"damage":22.0,"enemies":"Slavers","floor":24.0,"turns":4.0},{"damage":20.0,"enemies":"Sentry and Sphere","floor":27.0,"turns":7.0},{"damage":9.0,"enemies":"Chosen and Byrds","floor":28.0,"turns":6.0},{"damage":7.0,"enemies":"Automaton","floor":33.0,"turns":13.0},{"damage":19.0,"enemies":"3 Shapes","floor":35.0,"turns":6.0},{"damage":5.0,"enemies":"Orb Walker","floor":36.0,"turns":6.0},{"damage":18.0,"enemies":"4 Shapes","floor":38.0,"turns":3.0},{"damage":35,"enemies":"Transient","floor":39,"turns":5},{"damage":20,"enemies":"Nemesis","floor":40,"turns":11},{"damage":19,"enemies":"Jaw Worm Horde","floor":41,"turns":4}],"seed_played":"1070649688187616009","potions_obtained":[{"floor":4.0,"key":"Poison Potion"},{"floor":8.0,"key":"GamblersBrew"},{"floor":12.0,"key":"SkillPotion"},{"floor":21.0,"key":"Swift Potion"},{"floor":24.0,"key":"Regen Potion"},{"floor":33.0,"key":"Strength Potion"}],"is_trial":false,"path_per_floor":["M","?","$","M","?","?","R","M","T","M","R","E","M","M","R","B",null,"M","$","?","M","M","R","E","R","T","M","M","R","$","$","R","B",null,"M","M","$","M","M","E","M"],"character_chosen":"THE_SILENT","items_purchased":["Dream Catcher","Catalyst","Well Laid Plans","Noxious Fumes","Footwork","Footwork"],"campfire_rested":3,"item_purchase_floors":[3,3,3,19,30,31],"current_hp_per_floor":[70,56,56,56,53,53,53,53,53,44,65,58,58,58,58,10,70,65,65,65,45,35,56,34,34,34,28,19,40,40,40,40,33,70,51,46,46,28,35,15,0],"gold":113,"neow_bonus":"TWO_FIFTY_GOLD","is_prod":false,"is_daily":false,"chose_seed":false,"campfire_upgraded":4,"win_rate":0,"timestamp":1546726096,"path_taken":["M","?","$","M","?","?","R","?","T","M","R","E","M","M","R","BOSS","M","$","?","M","M","R","E","R","T","?","M","R","?","$","R","BOSS","M","?","$","M","M","E","M"],"build_version":"2019-01-03v4","purchased_purges":3,"victory":false,"max_hp_per_floor":[70,70,70,70,70,70,70,70,70,70,70,70,70,70,70,70,70,70,70,70,70,70,70,70,70,70,70,70,70,70,70,70,70,70,70,70,70,70,70,70,70],"card_choices":[{"not_picked":["Dagger Throw","Acrobatics","Outmaneuver"],"picked":"SKIP","floor":1.0},{"not_picked":["Slice","Dash","Outmaneuver"],"picked":"SKIP","floor":4.0},{"not_picked":["Dagger Spray","Acrobatics"],"picked":"Backstab","floor":8.0},{"not_picked":["Dagger Throw","Caltrops","Calculated Gamble"],"picked":"SKIP","floor":10.0},{"not_picked":["Bane","PiercingWail"],"picked":"Corpse Explosion","floor":11.0},{"not_picked":["Dodge and Roll","Deadly Poison"],"picked":"Footwork","floor":12.0},{"not_picked":["Deadly Poison","Poisoned Stab"],"picked":"Backflip","floor":13.0},{"not_picked":["Concentrate","Blade Dance"],"picked":"Noxious Fumes","floor":14.0},{"not_picked":["Night Terror","Adrenaline"],"picked":"Burst","floor":16.0},{"not_picked":["Blade Dance","Dodge and Roll"],"picked":"PiercingWail+1","floor":18.0},{"not_picked":["Deflect+1","Blade Dance","Dagger Throw"],"picked":"SKIP","floor":21.0},{"not_picked":["Deflect+1","Blade Dance","Dagger Throw"],"picked":"SKIP","floor":21.0},{"not_picked":["Caltrops","Calculated Gamble"],"picked":"Footwork","floor":22.0},{"not_picked":["Bouncing Flask","Calculated Gamble+1"],"picked":"Setup+1","floor":24.0},{"not_picked":["Well Laid Plans","Crippling Poison"],"picked":"Blur","floor":27.0},{"not_picked":["Slice","Deadly Poison"],"picked":"Footwork","floor":28.0},{"not_picked":["Escape Plan","Slice"],"picked":"PiercingWail+1","floor":29.0},{"not_picked":["Deadly Poison","Bane","Dagger Spray"],"picked":"SKIP","floor":35.0},{"not_picked":["Expertise","Bane","Endless Agony"],"picked":"SKIP","floor":36.0},{"not_picked":["Flying Knee","Dash","Underhanded Strike+1"],"picked":"SKIP","floor":38.0},{"not_picked":["Skewer+1","Dagger Spray","Concentrate"],"picked":"SKIP","floor":39},{"not_picked":["Prepared","Leg Sweep"],"picked":"Catalyst+1","floor":40}],"player_experience":98249,"relics_obtained":[{"floor":9.0,"key":"Nunchaku"},{"floor":12.0,"key":"Boot"},{"floor":24.0,"key":"Anchor"},{"floor":26.0,"key":"Centennial Puzzle"},{"floor":40,"key":"Sundial"}],"event_choices":[{"damage_healed":0.0,"max_hp_gain":0.0,"max_hp_loss":0.0,"gold_gain":0.0,"event_name":"Shining Light","player_choice":"Entered Light","floor":2.0,"gold_loss":0.0,"damage_taken":14.0,"cards_upgraded":["Defend_G","Defend_G"]},{"damage_healed":0.0,"max_hp_gain":0.0,"max_hp_loss":0.0,"gold_gain":0.0,"event_name":"Scrap Ooze","player_choice":"Success","floor":5.0,"gold_loss":0.0,"damage_taken":3.0,"relics_obtained":["Ancient Tea Set"]},{"damage_healed":0.0,"max_hp_gain":0.0,"max_hp_loss":0.0,"gold_gain":0.0,"event_name":"The Woman in Blue","player_choice":"Bought 0 Potions","floor":6.0,"gold_loss":0.0,"damage_taken":0.0},{"cards_removed":["Strike_G"],"damage_healed":0.0,"max_hp_gain":0.0,"max_hp_loss":0.0,"gold_gain":0.0,"event_name":"Wheel of Change","player_choice":"Card Removal","floor":20.0,"gold_loss":0.0,"damage_taken":0.0}],"is_beta":false,"boss_relics":[{"not_picked":["Busted Crown","Calling Bell"],"picked":"Lizard Tail"},{"not_picked":["Cursed Key","Snecko Eye"],"picked":"Sozu"}],"items_purged_floors":[3,19,37],"is_endless":false,"potions_floor_spawned":[4,8,12,21,24,33,40],"killed_by":"Jaw Worm Horde","ascension_level":0}