{"gold_per_floor":[112,112,112,112,122,122,133,133,133,10,110,17,37,67,67,171,171,191,164,164,184,198,198],"floor_reached":23,"playtime":4535,"items_purged":["Strike_G"],"score":191,"play_id":"96a58951-7377-4c9c-8060-389ed0c45f87","local_time":"20190326192334","is_ascension_mode":false,"campfire_choices":[{"data":"Neutralize","floor":6,"key":"SMITH"},{"floor":8,"key":"REST"},{"floor":15,"key":"REST"}],"neow_cost":"NONE","seed_source_timestamp":1127059968656300,"circlet_count":0,"master_deck":["Defend_G","Defend_G","Defend_G","Defend_G","Defend_G","Strike_G","Strike_G","Strike_G","Survivor","Neutralize+1","Burst","Quick Slash","Deep Breath","Caltrops","Noxious Fumes","After Image","Skewer","Backstab","Iron Wave","Poisoned Stab","Prepared+1"],"relics":["Ring of the Snake","Ninja Scroll","Dodecahedron","Kunai","Lantern","Empty Cage"],"potions_floor_usage":[14,14,22],"damage_taken":[{"damage":0,"enemies":"Jaw Worm","floor":1,"turns":4},{"damage":0,"enemies":"Small Slimes","floor":5,"turns":2},{"damage":0,"enemies":"Cultist","floor":7,"turns":4},{"damage":6,"enemies":"2 Fungi Beasts","floor":13,"turns":3},{"damage":12,"enemies":"3 Sentries","floor":14,"turns":13},{"damage":24,"enemies":"Hexaghost","floor":16,"turns":12},{"damage":9,"enemies":"3 Byrds","floor":18,"turns":4},{"damage":14,"enemies":"2 Thieves","floor":19,"turns":5},{"damage":17,"enemies":"Snake Plant","floor":21,"turns":5},{"damage":1,"enemies":"Shelled Parasite and Fungi","floor":22,"turns":9},{"damage":40,"enemies":"Gremlin Leader","floor":23,"turns":7}],"seed_played":"-968831364966801359","potions_obtained":[{"floor":7,"key":"Swift Potion"},{"floor":13,"key":"SkillPotion"},{"floor":16,"key":"Explosive Potion"},{"floor":21,"key":"Poison Potion"},{"floor":22,"key":"Swift Potion"}],"is_trial":false,"path_per_floor":["M","?","T","?","M","R","M","R","T","$","?","$","M","E","R","B",null,"M","M","?","M","M","E"],"character_chosen":"THE_SILENT","items_purchased":["Quick Slash","Deep Breath"],"campfire_rested":2,"item_purchase_floors":[10,12],"current_hp_per_floor":[77,70,70,70,70,70,70,77,77,77,77,77,71,59,77,53,77,68,54,54,37,36,0],"gold":198,"neow_bonus":"TEN_PERCENT_HP_BONUS","is_prod":false,"is_daily":false,"chose_seed":false,"campfire_upgraded":1,"win_rate":0.0,"timestamp":1553642614,"path_taken":["M","?","?","?","M","R","M","R","T","$","?","$","?","E","R","BOSS","M","M","?","?","M","E"],"build_version":"2019-01-23","purchased_purges":1,"victory":false,"max_hp_per_floor":[77,77,77,77,77,77,77,77,77,77,77,77,77,77,77,77,77,77,77,77,77,77,77],"card_choices":[{"not_picked":["Dodge and Roll","Sucker Punch"],"picked":"Outmaneuver","floor":1},{"not_picked":["Acrobatics","Quick Slash"],"picked":"Tactician","floor":5},{"not_picked":["Flying Knee","Flechettes"],"picked":"Burst","floor":7},{"not_picked":["Deadly Poison","Heel Hook"],"picked":"Caltrops","floor":13},{"not_picked":["Dagger Throw","Slice"],"picked":"Noxious Fumes","floor":14},{"not_picked":["Unload","Burst"],"picked":"After Image","floor":16},{"not_picked":["Tactician","Sucker Punch+1"],"picked":"Skewer","floor":18},{"not_picked":["Blade Dance","Dagger Spray"],"picked":"Backstab","floor":19},{"not_picked":["Calculated Gamble","Masterful Stab"],"picked":"Poisoned Stab","floor":21},{"not_picked":["Quick Slash","Dagger Throw"],"picked":"Prepared+1","floor":22}],"player_experience":6496,"relics_obtained":[{"floor":3,"key":"Dodecahedron"},{"floor":9,"key":"Kunai"},{"floor":14,"key":"Lantern"}],"event_choices":[{"damage_healed":0,"gold_gain":0,"player_choice":"Success","damage_taken":7,"relics_obtained":["Ninja Scroll"],"max_hp_gain":0,"max_hp_loss":0,"event_name":"Scrap Ooze","floor":2,"gold_loss":0},{"damage_healed":0,"gold_gain":0,"player_choice":"Ignored","damage_taken":0,"max_hp_gain":0,"max_hp_loss":0,"event_name":"Liars Game","floor":4,"gold_loss":0},{"damage_healed":0,"gold_gain":100,"player_choice":"Pray","damage_taken":0,"max_hp_gain":0,"max_hp_loss":0,"event_name":"Golden Shrine","floor":11,"gold_loss":0},{"cards_removed":["Strike_G"],"damage_healed":0,"gold_gain":0,"player_choice":"Took Card","damage_taken":0,"max_hp_gain":0,"max_hp_loss":0,"event_name":"NoteForYourself","floor":20,"gold_loss":0,"cards_obtained":["Iron Wave"]}],"is_beta":false,"boss_relics":[{"not_picked":["Philosopher\u0027s Stone","Cursed Key"],"picked":"Empty Cage"}],"items_purged_floors":[10],"is_endless":false,"potions_floor_spawned":[7,13,16,21,22],"killed_by":"Gremlin Leader","ascension_level":0}