{"gold_per_floor":[360,373,373,648,662,662,680,680,680,680,112,112,123,138,138,241,241,258,268,21,35,35,65,65,92,92,104],"floor_reached":27,"playtime":1009,"items_purged":["Regret"],"score":364,"play_id":"69756e1a-4c7e-4292-baed-e3596d962fb0","local_time":"20181016082148","is_ascension_mode":true,"campfire_choices":[{"data":"Choke","floor":6.0,"key":"SMITH"},{"data":"Distraction","floor":8.0,"key":"SMITH"},{"data":"Neutralize","floor":10.0,"key":"SMITH"},{"data":"Envenom","floor":15.0,"key":"SMITH"},{"floor":24,"key":"REST"}],"neow_cost":"CURSE","seed_source_timestamp":5765522040171,"circlet_count":0,"master_deck":["Defend_G","Defend_G","Defend_G","Defend_G","Defend_G","Strike_G","Strike_G","Survivor","Neutralize+1","AscendersBane","Distraction+1","Choke+1","Sucker Punch","PiercingWail","Glass Knife","Backflip","Bandage Up","Calculated Gamble","Escape Plan","Envenom+1","Die Die Die","Doppelganger+1","Venomology+1","Leg Sweep+1","Terror","Backflip","Catalyst","Die Die Die","Footwork"],"special_seed":0,"relics":["Ring of the Snake","Spirit Poop","Kunai","Omamori","Astrolabe","Lee\u0027s Waffle","Singing Bowl","Matryoshka","Toxic Egg 2","MawBank"],"potions_floor_usage":[23,23,23,25],"damage_taken":[{"damage":6.0,"enemies":"Cultist","floor":1.0,"turns":5.0},{"damage":4.0,"enemies":"Small Slimes","floor":2.0,"turns":5.0},{"damage":8.0,"enemies":"Jaw Worm","floor":5.0,"turns":6.0},{"damage":3.0,"enemies":"Looter","floor":7.0,"turns":5.0},{"damage":6.0,"enemies":"Exordium Thugs","floor":13.0,"turns":4.0},{"damage":2.0,"enemies":"2 Fungi Beasts","floor":14.0,"turns":4.0},{"damage":22.0,"enemies":"The Guardian","floor":16.0,"turns":9.0},{"damage":0.0,"enemies":"3 Byrds","floor":18.0,"turns":4.0},{"damage":10.0,"enemies":"2 Thieves","floor":19.0,"turns":4.0},{"damage":18.0,"enemies":"Cultist and Chosen","floor":21.0,"turns":7.0},{"damage":68,"enemies":"Gremlin Leader","floor":23,"turns":6},{"damage":32,"enemies":"Book of Stabbing","floor":25,"turns":7},{"damage":5,"enemies":"Gremlin Leader","floor":27,"turns":5}],"seed_played":"5405136798326410613","potions_obtained":[{"floor":5.0,"key":"Block Potion"},{"floor":13.0,"key":"AttackPotion"},{"floor":16.0,"key":"Energy Potion"},{"floor":18.0,"key":"Dexterity Potion"},{"floor":19.0,"key":"SteroidPotion"}],"is_trial":false,"path_per_floor":["M","M","?","?","M","R","M","R","T","R","$","?","M","M","R","B",null,"M","M","$","M","?","E","R","E","T"],"character_chosen":"THE_SILENT","items_purchased":["Omamori","Glass Knife","Backflip","Bandage Up","Calculated Gamble","Catalyst","Lee\u0027s Waffle"],"campfire_rested":1,"item_purchase_floors":[11,11,11,11,11,20,20],"current_hp_per_floor":[57,53,53,53,45,45,42,42,42,42,42,65,63,65,65,47,64,68,60,77,63,63,14,37,11,11,10],"gold":104,"neow_bonus":"TWO_FIFTY_GOLD","is_prod":false,"is_daily":false,"chose_seed":false,"campfire_upgraded":4,"win_rate":0,"timestamp":1539692508,"path_taken":["M","?","?","?","M","R","M","R","T","R","$","?","M","M","R","BOSS","M","M","$","?","?","E","R","E","T","E"],"build_version":"2018-10-15v2","purchased_purges":1,"victory":false,"max_hp_per_floor":[70,70,70,70,70,70,70,70,70,70,70,70,70,70,70,70,70,70,70,77,77,77,77,77,79,79,79],"card_choices":[{"not_picked":["Bane","Sucker Punch"],"picked":"Distraction","floor":1.0},{"not_picked":["Escape Plan","Masterful Stab"],"picked":"Choke","floor":2.0},{"not_picked":["Deadly Poison","Deflect"],"picked":"Sucker Punch","floor":5.0},{"not_picked":["Bouncing Flask","Predator"],"picked":"PiercingWail","floor":7.0},{"not_picked":["Dagger Throw","Skewer"],"picked":"Escape Plan","floor":13.0},{"not_picked":["PiercingWail","Quick Slash"],"picked":"Envenom","floor":14.0},{"not_picked":["Phantasmal Killer","Storm of Steel"],"picked":"Die Die Die","floor":16.0},{"not_picked":["Heel Hook","Tactician"],"picked":"Terror","floor":18.0},{"not_picked":["Quick Slash+1","Deadly Poison"],"picked":"Backflip","floor":19.0},{"not_picked":["Sucker Punch+1","Footwork"],"picked":"Die Die Die","floor":21.0},{"not_picked":["Dodge and Roll","PiercingWail"],"picked":"Footwork","floor":23},{"not_picked":["Corpse Explosion","Bouncing Flask+1","Prepared"],"picked":"Singing Bowl","floor":25}],"player_experience":348279,"relics_obtained":[{"floor":9.0,"key":"Kunai"},{"floor":23,"key":"Singing Bowl"},{"floor":25,"key":"Matryoshka"},{"floor":26,"key":"Toxic Egg 2"},{"floor":26,"key":"MawBank"}],"event_choices":[{"event_name":"Bonfire Elementals","player_choice":"CURSE","floor":3.0,"damage_taken":0.0},{"event_name":"Golden Shrine","player_choice":"Desecrate","floor":4.0,"damage_taken":0.0},{"event_name":"Big Fish","player_choice":"Banana","floor":12.0,"damage_taken":0.0},{"event_name":"Ghosts","player_choice":"Ignored","floor":22.0,"damage_taken":0.0}],"is_beta":true,"boss_relics":[{"not_picked":["Tiny House","Sozu"],"picked":"Astrolabe"}],"items_purged_floors":[11],"is_endless":false,"potions_floor_spawned":[5,13,16,18,19],"killed_by":"Gremlin Leader","ascension_level":10}