{"gold_per_floor":[119,69,69,69,87,116,130,148,148,248,262,262,262,291,291,396,396,415,415,415,445,174,174,194,220,290,305,305,330,16,30,30,132,132,142,153,163,163,180,180,193,193,193,275,294,90,90,90,90,90],"floor_reached":50,"playtime":2357,"items_purged":["Writhe","Strike_R"],"score":540,"play_id":"20886597-dc27-4be9-90a6-c5510fc6dc52","local_time":"20190315191508","is_ascension_mode":false,"campfire_choices":[{"data":"Fire Breathing","floor":13,"key":"SMITH"},{"floor":15,"key":"REST"},{"data":"RitualDagger","floor":23,"key":"SMITH"},{"floor":32,"key":"REST"},{"data":"Metallicize","floor":40,"key":"SMITH"},{"data":"Metallicize","floor":42,"key":"SMITH"},{"floor":49,"key":"REST"}],"neow_cost":"NONE","seed_source_timestamp":196960462238161,"circlet_count":0,"master_deck":["Strike_R","Strike_R","Strike_R","Strike_R","Defend_R","Bash+1","Fire Breathing+1","Clash","Metallicize+1","Anger","Anger+1","Headbutt+1","RitualDagger+1","Metallicize+1","Feed","Clash","Headbutt+1","Warcry","Warcry","Clash+1"],"relics":["Burning Blood","NeowsBlessing","Happy Flower","Ornamental Fan","Runic Cube","Tiny Chest","Medical Kit","Strawberry","Pantograph","The Courier","Bottled Tornado","Shuriken","Empty Cage","Thread and Needle","Bottled Flame","Bottled Lightning","Pen Nib"],"potions_floor_usage":[24,25,29,29,45,45],"damage_taken":[{"damage":0,"enemies":"2 Louse","floor":1,"turns":1},{"damage":0,"enemies":"Cultist","floor":5,"turns":1},{"damage":0,"enemies":"3 Sentries","floor":6,"turns":1},{"damage":8,"enemies":"Jaw Worm","floor":7,"turns":5},{"damage":10,"enemies":"Exordium Thugs","floor":8,"turns":5},{"damage":18,"enemies":"Large Slime","floor":11,"turns":4},{"damage":21,"enemies":"Gremlin Nob","floor":14,"turns":5},{"damage":37,"enemies":"Hexaghost","floor":16,"turns":9},{"damage":22,"enemies":"Spheric Guardian","floor":18,"turns":5},{"damage":5,"enemies":"Shell Parasite","floor":24,"turns":4},{"damage":28,"enemies":"Gremlin Leader","floor":25,"turns":6},{"damage":23,"enemies":"Snake Plant","floor":27,"turns":5},{"damage":16,"enemies":"Book of Stabbing","floor":29,"turns":4},{"damage":14,"enemies":"3 Cultists","floor":31,"turns":4},{"damage":67,"enemies":"Automaton","floor":33,"turns":10},{"damage":8,"enemies":"Orb Walker","floor":35,"turns":4},{"damage":29,"enemies":"3 Darklings","floor":36,"turns":4},{"damage":24,"enemies":"4 Shapes","floor":37,"turns":5},{"damage":13,"enemies":"Spire Growth","floor":39,"turns":3},{"damage":0,"enemies":"Transient","floor":41,"turns":5},{"damage":36,"enemies":"Writhing Mass","floor":45,"turns":7},{"damage":85,"enemies":"Donu and Deca","floor":50,"turns":5}],"seed_played":"4858791437921964469","potions_obtained":[{"floor":5,"key":"Dexterity Potion"},{"floor":6,"key":"Strength Potion"},{"floor":14,"key":"Poison Potion"},{"floor":24,"key":"Regen Potion"},{"floor":33,"key":"EssenceOfSteel"},{"floor":35,"key":"Poison Potion"},{"floor":39,"key":"Ancient Potion"}],"is_trial":false,"path_per_floor":["?","M","?","M","?","?","?","?","T","$","M","?","M","T","M","?","?"],"character_chosen":"IRONCLAD","items_purchased":["Clash","Medical Kit","Shuriken","Feed","Pen Nib"],"campfire_rested":3,"item_purchase_floors":[2,22,30,30,46],"current_hp_per_floor":[80,80,80,80,80,80,78,74,74,74,62,46,46,31,55,24,80,64,64,58,58,58,58,59,59,59,42,42,32,32,27,54,18,90,88,65,50,50,43,43,49,49,49,49,19,19,19,19,45,0],"gold":90,"neow_bonus":"THREE_ENEMY_KILL","is_prod":false,"is_daily":false,"chose_seed":false,"campfire_upgraded":4,"win_rate":0,"timestamp":1552691708,"path_taken":["M","$","?","$","?","E","M","M","T","?","?","?","R","E","R","BOSS","M","?","?","?","$","R","M","E","T","M","?","E","?","M","R","BOSS","M","M","?","?","M","R","?","R","T","?","?","$","?","?","R","BOSS"],"build_version":"2019-01-23","purchased_purges":2,"victory":false,"max_hp_per_floor":[80,80,80,80,80,80,80,80,80,80,80,80,80,80,80,80,80,80,80,80,80,80,80,80,87,87,87,87,87,87,90,90,90,90,90,90,93,93,93,93,93,93,93,93,93,93,93,88,88,88],"card_choices":[{"not_picked":["Warcry","Clothesline"],"picked":"Fire Breathing","floor":1},{"not_picked":["Pommel Strike","Perfected Strike"],"picked":"Metallicize","floor":5},{"not_picked":["Sword Boomerang","Burning Pact","Blood for Blood"],"picked":"SKIP","floor":6},{"not_picked":["Wild Strike","Corruption"],"picked":"Anger","floor":7},{"not_picked":["Demon Form","Heavy Blade","Power Through"],"picked":"SKIP","floor":8},{"not_picked":["Warcry","Iron Wave"],"picked":"Anger","floor":11},{"not_picked":["True Grit","Flame Barrier","Sword Boomerang"],"picked":"SKIP","floor":14},{"not_picked":["Seeing Red","Pommel Strike"],"picked":"Headbutt+1","floor":18},{"not_picked":["Feel No Pain","Thunderclap","Headbutt"],"picked":"SKIP","floor":24},{"not_picked":["Blood for Blood","Heavy Blade+1","True Grit"],"picked":"SKIP","floor":25},{"not_picked":["Rupture+1","Burning Pact"],"picked":"Metallicize","floor":27},{"not_picked":["Blood for Blood","Disarm","Sword Boomerang+1"],"picked":"SKIP","floor":29},{"not_picked":["Shrug It Off","Infernal Blade","Pummel+1"],"picked":"SKIP","floor":31},{"not_picked":["Dual Wield+1","Body Slam+1"],"picked":"Clash","floor":35},{"not_picked":["Warcry","Infernal Blade+1"],"picked":"Headbutt+1","floor":36},{"not_picked":["Pommel Strike+1","Fiend Fire","Combust"],"picked":"SKIP","floor":37},{"not_picked":["Perfected Strike","Clothesline+1"],"picked":"Warcry","floor":39},{"not_picked":["Thunderclap+1","Anger"],"picked":"Warcry","floor":41},{"not_picked":["Second Wind","Ghostly Armor+1"],"picked":"Clash+1","floor":45}],"player_experience":660505,"relics_obtained":[{"floor":6,"key":"Happy Flower"},{"floor":14,"key":"Ornamental Fan"},{"floor":25,"key":"Strawberry"},{"floor":26,"key":"Pantograph"},{"floor":28,"key":"The Courier"},{"floor":29,"key":"Bottled Tornado"},{"floor":43,"key":"Bottled Flame"},{"floor":44,"key":"Bottled Lightning"}],"event_choices":[{"damage_healed":0,"gold_gain":0,"player_choice":"Cursed","damage_taken":0,"max_hp_gain":0,"max_hp_loss":0,"event_name":"Wheel of Change","floor":3,"gold_loss":0,"cards_obtained":["Decay"]},{"damage_healed":0,"gold_gain":100,"player_choice":"Pray","damage_taken":0,"max_hp_gain":0,"max_hp_loss":0,"event_name":"Golden Shrine","floor":10,"gold_loss":0},{"damage_healed":0,"gold_gain":0,"player_choice":"Entered Light","damage_taken":16,"max_hp_gain":0,"max_hp_loss":0,"event_name":"Shining Light","floor":12,"gold_loss":0,"cards_upgraded":["Bash","Anger"]},{"cards_removed":["Decay"],"damage_healed":0,"gold_gain":0,"player_choice":"Elegance","damage_taken":0,"max_hp_gain":0,"max_hp_loss":0,"event_name":"Back to Basics","floor":19,"gold_loss":0},{"damage_healed":0,"gold_gain":0,"player_choice":"Joined the Cult","damage_taken":6,"max_hp_gain":0,"max_hp_loss":0,"event_name":"Nest","floor":20,"gold_loss":0,"cards_obtained":["RitualDagger"]},{"damage_healed":0,"gold_gain":0,"player_choice":"Opened","damage_taken":0,"relics_obtained":["Tiny Chest"],"max_hp_gain":0,"max_hp_loss":0,"event_name":"The Mausoleum","floor":21,"gold_loss":0,"cards_obtained":["Writhe"]},{"damage_healed":0,"gold_gain":0,"player_choice":"Gave Potion","damage_taken":0,"relics_obtained":["Thread and Needle"],"max_hp_gain":0,"max_hp_loss":0,"event_name":"WeMeetAgain","floor":38,"gold_loss":0},{"cards_removed":["Defend_R"],"damage_healed":0,"gold_gain":0,"player_choice":"Removed Skill","damage_taken":0,"max_hp_gain":0,"max_hp_loss":0,"event_name":"Falling","floor":47,"gold_loss":0},{"damage_healed":0,"gold_gain":0,"player_choice":"Max HP","damage_taken":0,"max_hp_gain":0,"max_hp_loss":5,"event_name":"Winding Halls","floor":48,"gold_loss":0}],"is_beta":false,"boss_relics":[{"not_picked":["White Beast Statue","Calling Bell"],"picked":"Runic Cube"},{"not_picked":["Lizard Tail","Pandora\u0027s Box"],"picked":"Empty Cage"}],"items_purged_floors":[22,46],"is_endless":false,"potions_floor_spawned":[5,6,14,16,18,24,33,35,39],"killed_by":"Donu and Deca","ascension_level":0}