{"gold_per_floor":[118,118,132,63,63,94,94,127,127,22,37,37,37,51,51,155,155,173,158,88,88,102,102,102],"floor_reached":24,"playtime":1735,"items_purged":[],"score":245,"play_id":"56a6b0eb-9212-47f7-bb64-080d6bf861fc","local_time":"20180906204200","is_ascension_mode":true,"campfire_choices":[{"floor":7,"key":"REST"},{"floor":13,"key":"REST"},{"data":"Bandage Up","floor":15,"key":"SMITH"},{"floor":23,"key":"REST"}],"neow_cost":"NONE","seed_source_timestamp":90535848034677,"circlet_count":0,"master_deck":["Strike_B","Strike_B","Strike_B","Strike_B","Defend_B","Defend_B","Defend_B+1","Defend_B","Zap+1","Dualcast","Capacitor","BootSequence","White Noise","Conserve Battery","Cold Snap","Bandage Up+1","Ball Lightning","Glacier","Creative AI","Parasite","Writhe","Injury","Defragment","Chill","Self Repair","Ball Lightning+1","Redo"],"relics":["Cracked Core","Lantern","Question Card","Blood Vial","Pear","Calling Bell","Du-Vu Doll","Sundial","Dream Catcher"],"potions_floor_usage":[6,16,21],"damage_taken":[{"damage":13,"enemies":"Small Slimes","floor":1,"turns":4},{"damage":0,"enemies":"Cultist","floor":3,"turns":4},{"damage":22,"enemies":"Lagavulin","floor":6,"turns":6},{"damage":32,"enemies":"3 Sentries","floor":8,"turns":9},{"damage":0,"enemies":"Jaw Worm","floor":11,"turns":3},{"damage":0,"enemies":"Looter","floor":14,"turns":4},{"damage":17,"enemies":"Hexaghost","floor":16,"turns":13},{"damage":20,"enemies":"Chosen","floor":18,"turns":7},{"damage":15,"enemies":"2 Thieves","floor":19,"turns":4},{"damage":11,"enemies":"Colosseum Slavers","floor":21,"turns":6},{"damage":25,"enemies":"Snake Plant","floor":22,"turns":7},{"damage":79,"enemies":"Gremlin Leader","floor":24,"turns":5}],"seed_played":"2915208274032647846","potions_obtained":[{"floor":1,"key":"PowerPotion"},{"floor":11,"key":"Weak Potion"},{"floor":19,"key":"Weak Potion"},{"floor":22,"key":"FearPotion"}],"is_trial":false,"path_per_floor":["M","?","M","$","?","E","R","E","T","$","M","$","R","M","R","B",null,"M","M","$","?","M","R"],"character_chosen":"DEFECT","items_purchased":["White Noise","Bandage Up","Self Repair"],"campfire_rested":3,"item_purchase_floors":[4,10,20],"current_hp_per_floor":[62,47,47,47,47,25,47,15,25,25,31,31,56,62,62,53,85,65,58,58,62,52,77,0],"gold":102,"neow_bonus":"RANDOM_COMMON_RELIC","is_prod":false,"is_daily":false,"chose_seed":false,"campfire_upgraded":1,"win_rate":0,"timestamp":1536288120,"path_taken":["M","?","?","$","?","E","R","E","T","?","M","$","R","?","R","BOSS","M","M","$","?","?","R","E"],"build_version":"2018-09-06","purchased_purges":0,"victory":false,"max_hp_per_floor":[75,75,75,75,75,75,75,75,85,85,85,85,85,85,85,85,85,85,85,85,85,85,85,85],"card_choices":[{"not_picked":["Auto Shields","Coolheaded"],"picked":"Capacitor","floor":1},{"not_picked":["Go for the Eyes","Compile Driver"],"picked":"BootSequence","floor":3},{"not_picked":["Aggregate","Streamline"],"picked":"Conserve Battery","floor":6},{"not_picked":["Thunder Strike","Gash","Heatsinks"],"picked":"Cold Snap","floor":8},{"not_picked":["Barrage","Genetic Algorithm","Beam Cell"],"picked":"Ball Lightning","floor":11},{"not_picked":["Scrape","Compile Driver","Hologram"],"picked":"Glacier","floor":14},{"not_picked":["Echo Form","Thunder Strike","Multi-Cast"],"picked":"Creative AI","floor":16},{"not_picked":["Aggregate+1","Hello World","Leap"],"picked":"Defragment","floor":18},{"not_picked":["Streamline","Sweeping Beam","Gash"],"picked":"Chill","floor":19},{"not_picked":["Streamline+1","Darkness","Tempest"],"picked":"Ball Lightning+1","floor":22},{"not_picked":["Streamline","Gash","Sweeping Beam"],"picked":"Redo","floor":23}],"player_experience":477378,"relics_obtained":[{"floor":6,"key":"Question Card"},{"floor":8,"key":"Blood Vial"},{"floor":9,"key":"Pear"},{"floor":17,"key":"Du-Vu Doll"},{"floor":17,"key":"Sundial"},{"floor":17,"key":"Dream Catcher"}],"event_choices":[{"event_name":"Shining Light","player_choice":"Entered Light","floor":2,"damage_taken":0},{"event_name":"Golden Wing","player_choice":"Ignored","floor":5,"damage_taken":0},{"event_name":"Colosseum","player_choice":"Fight","floor":21,"damage_taken":0},{"event_name":"Colosseum","player_choice":"Fled From Nobs","floor":21,"damage_taken":0}],"is_beta":false,"boss_relics":[{"not_picked":["Coffee Dripper","Orrery"],"picked":"Calling Bell"}],"items_purged_floors":[],"is_endless":false,"potions_floor_spawned":[1,11,19,22],"killed_by":"Gremlin Leader","ascension_level":4}