{"gold_per_floor":[109,109,109,109,120,120,148,162,162,162,179,104,122,122,122,224,224,239,93,8,8,8,39,39,73,121,121,155,168,168,181,181,279,279,298,315,315,8,22,22,35,35,58,84,94,94,109,31,31,31],"floor_reached":51,"playtime":2285,"items_purged":["Strike_R","Normality"],"score":1003,"play_id":"47703699-fbf2-42c4-aa91-54ea894221c0","local_time":"20190121221158","is_ascension_mode":true,"campfire_choices":[{"data":"Flame Barrier","floor":6.0,"key":"SMITH"},{"data":"Brutality","floor":10.0,"key":"SMITH"},{"data":"Rupture","floor":15.0,"key":"SMITH"},{"floor":24.0,"key":"REST"},{"floor":27.0,"key":"REST"},{"floor":32.0,"key":"REST"},{"data":"Armaments","floor":40.0,"key":"SMITH"},{"floor":42.0,"key":"REST"},{"data":"Blood for Blood","floor":46,"key":"SMITH"},{"floor":49,"key":"REST"}],"neow_cost":"NONE","seed_source_timestamp":0,"circlet_count":0,"master_deck":["Strike_R","Strike_R+1","Strike_R","Strike_R+1","Defend_R","Defend_R","Defend_R","Defend_R","Bash","Flame Barrier+1","Brutality+1","Headbutt","Blood for Blood+1","Rupture+1","Double Tap","Shrug It Off","Burning Pact","Shrug It Off","Armaments+1","Demon Form+1","Armaments+1","Sentinel","Second Wind","Sword Boomerang+1","Shockwave","Ghostly Armor+1","Impervious","Inflame+1","Warcry+1","Rupture+1"],"special_seed":0,"relics":["Burning Blood","NeowsBlessing","FossilizedHelix","Paper Frog","Lantern","Charon\u0027s Ashes","Cursed Key","Bronze Scales","Self Forming Clay","Enchiridion","Pear","Regal Pillow","Omamori","Frozen Egg 2","Orrery","ClockworkSouvenir","Anchor","Blood Vial"],"potions_floor_usage":[50,50,50],"damage_taken":[{"damage":0.0,"enemies":"Cultist","floor":1.0,"turns":1.0},{"damage":0.0,"enemies":"2 Louse","floor":5.0,"turns":1.0},{"damage":0.0,"enemies":"Lagavulin","floor":7.0,"turns":1.0},{"damage":2.0,"enemies":"Jaw Worm","floor":8.0,"turns":3.0},{"damage":3.0,"enemies":"3 Louse","floor":11.0,"turns":3.0},{"damage":7.0,"enemies":"2 Fungi Beasts","floor":13.0,"turns":4.0},{"damage":17.0,"enemies":"Slime Boss","floor":16.0,"turns":8.0},{"damage":14.0,"enemies":"Chosen","floor":18.0,"turns":4.0},{"damage":31.0,"enemies":"Gremlin Leader","floor":23.0,"turns":6.0},{"damage":40.0,"enemies":"Book of Stabbing","floor":25.0,"turns":5.0},{"damage":39.0,"enemies":"Slavers","floor":28.0,"turns":5.0},{"damage":7.0,"enemies":"Shell Parasite","floor":29.0,"turns":5.0},{"damage":4.0,"enemies":"Cultist and Chosen","floor":31.0,"turns":5.0},{"damage":48.0,"enemies":"Champ","floor":33.0,"turns":10.0},{"damage":18.0,"enemies":"3 Shapes","floor":35.0,"turns":7.0},{"damage":12.0,"enemies":"3 Darklings","floor":36.0,"turns":7.0},{"damage":18.0,"enemies":"Transient","floor":39.0,"turns":5.0},{"damage":15.0,"enemies":"Maw","floor":41.0,"turns":10.0},{"damage":20,"enemies":"Reptomancer","floor":44,"turns":4},{"damage":16,"enemies":"Spire Growth","floor":45,"turns":5},{"damage":6,"enemies":"3 Darklings","floor":47,"turns":4},{"damage":61,"enemies":"Time Eater","floor":50,"turns":9}],"seed_played":"3142340898662373686","potions_obtained":[{"floor":5.0,"key":"Block Potion"},{"floor":7.0,"key":"AttackPotion"},{"floor":11.0,"key":"AttackPotion"},{"floor":16.0,"key":"AttackPotion"},{"floor":18.0,"key":"LiquidBronze"},{"floor":28.0,"key":"Dexterity Potion"},{"floor":33.0,"key":"Energy Potion"},{"floor":35.0,"key":"EssenceOfSteel"},{"floor":45,"key":"Swift Potion"}],"is_trial":false,"path_per_floor":["M","$","?","?","M","R","E","M","T","R","M","$","M","?","R","B",null,"M","$","?","$","?","E","R","E","T","R","E","M","?","M","R","B",null,"M","M","?","$","M","R","M","R","T","E","M","R","M","$","R","B",null],"character_chosen":"IRONCLAD","items_purchased":["Bronze Scales","ClockworkSouvenir","Rupture+1"],"campfire_rested":5,"item_purchase_floors":[19,38,48],"current_hp_per_floor":[78,78,75,75,80,80,80,80,80,80,80,80,79,63,63,52,73,65,65,65,65,49,34,61,27,27,69,36,35,35,37,79,37,77,65,59,59,59,47,47,38,80,80,66,58,58,60,60,90,35],"gold":31,"neow_bonus":"THREE_ENEMY_KILL","is_prod":false,"is_daily":false,"chose_seed":false,"campfire_upgraded":5,"win_rate":0,"timestamp":1548137518,"path_taken":["M","$","?","?","M","R","E","?","T","R","M","$","M","?","R","BOSS","M","$","?","$","?","E","R","E","T","R","E","M","?","M","R","BOSS","M","M","?","?","?","R","M","R","T","E","M","R","M","$","R","BOSS"],"build_version":"2019-01-17v2","purchased_purges":2,"victory":true,"max_hp_per_floor":[80,80,80,80,80,80,80,80,80,80,80,80,80,80,80,80,80,80,80,80,80,80,90,90,90,90,90,90,90,90,90,90,90,90,90,90,90,90,90,90,90,90,90,90,90,90,90,90,90,90],"card_choices":[{"not_picked":["Clash","Warcry"],"picked":"Thunderclap","floor":1.0},{"not_picked":["Dual Wield","Anger"],"picked":"Flame Barrier","floor":5.0},{"not_picked":["Clash","Clothesline"],"picked":"Brutality","floor":7.0},{"not_picked":["Power Through","Warcry"],"picked":"Headbutt","floor":8.0},{"not_picked":["Combust","Iron Wave"],"picked":"Blood for Blood","floor":11.0},{"not_picked":["Combust","Bloodletting"],"picked":"Rupture","floor":13.0},{"not_picked":["Bludgeon","Berserk"],"picked":"Double Tap","floor":16.0},{"not_picked":["Uppercut","Iron Wave+1"],"picked":"Shrug It Off","floor":18.0},{"not_picked":["Dark Embrace","Pommel Strike","Bloodletting+1"],"picked":"SKIP","floor":23.0},{"not_picked":["Infernal Blade","Dropkick"],"picked":"Burning Pact","floor":25.0},{"not_picked":["Heavy Blade","Pummel"],"picked":"Shrug It Off","floor":28.0},{"not_picked":["Iron Wave","Power Through","Pummel"],"picked":"SKIP","floor":29.0},{"not_picked":["Twin Strike","Anger"],"picked":"Armaments","floor":31.0},{"not_picked":["Brutality+1","Fiend Fire"],"picked":"Demon Form+1","floor":33.0},{"not_picked":["Clash+1","Anger"],"picked":"Armaments+1","floor":34.0},{"not_picked":["Flex","Pommel Strike+1"],"picked":"Sentinel","floor":34.0},{"not_picked":["Armaments+1","Hemokinesis"],"picked":"Second Wind","floor":34.0},{"not_picked":["Anger","Twin Strike"],"picked":"Sword Boomerang+1","floor":34.0},{"not_picked":["Armaments","Evolve+1"],"picked":"Shockwave","floor":35.0},{"not_picked":["Body Slam+1","Perfected Strike"],"picked":"Ghostly Armor+1","floor":36.0},{"not_picked":["Thunderclap+1","Entrench+1"],"picked":"Impervious","floor":39.0},{"not_picked":["Body Slam","Sever Soul"],"picked":"Inflame+1","floor":41.0},{"not_picked":["Sword Boomerang","Brutality+1","Flex+1"],"picked":"SKIP","floor":44},{"not_picked":["Cleave+1","Shrug It Off+1","Flex+1"],"picked":"SKIP","floor":45},{"not_picked":["Heavy Blade","Double Tap"],"picked":"Warcry+1","floor":47}],"player_experience":278111,"relics_obtained":[{"floor":7.0,"key":"Lantern"},{"floor":9.0,"key":"Charon\u0027s Ashes"},{"floor":22.0,"key":"Enchiridion"},{"floor":23.0,"key":"Pear"},{"floor":25.0,"key":"Regal Pillow"},{"floor":26.0,"key":"Omamori"},{"floor":28.0,"key":"Frozen Egg 2"},{"floor":43.0,"key":"Anchor"},{"floor":44,"key":"Blood Vial"}],"event_choices":[{"damage_healed":0.0,"max_hp_gain":0.0,"max_hp_loss":0.0,"gold_gain":0.0,"event_name":"Scrap Ooze","player_choice":"Success","floor":3.0,"gold_loss":0.0,"damage_taken":3.0,"relics_obtained":["FossilizedHelix"]},{"cards_removed":["Thunderclap"],"damage_healed":0.0,"max_hp_gain":0.0,"max_hp_loss":0.0,"gold_gain":0.0,"event_name":"WeMeetAgain","player_choice":"Gave Card","floor":4.0,"gold_loss":0.0,"damage_taken":0.0,"relics_obtained":["Paper Frog"]},{"damage_healed":0.0,"max_hp_gain":0.0,"max_hp_loss":0.0,"gold_gain":0.0,"event_name":"Shining Light","player_choice":"Entered Light","floor":14.0,"gold_loss":0.0,"damage_taken":16.0,"cards_upgraded":["Strike_R","Strike_R"]},{"damage_healed":0.0,"max_hp_gain":0.0,"max_hp_loss":0.0,"gold_gain":0.0,"event_name":"Addict","player_choice":"Obtained Relic","floor":20.0,"gold_loss":85.0,"damage_taken":0.0,"relics_obtained":["Self Forming Clay"]},{"damage_healed":0.0,"max_hp_gain":0.0,"max_hp_loss":0.0,"gold_gain":0.0,"event_name":"Cursed Tome","player_choice":"Obtained Book","floor":22.0,"gold_loss":0.0,"damage_taken":16.0},{"damage_healed":0.0,"max_hp_gain":0.0,"max_hp_loss":0.0,"gold_gain":0.0,"event_name":"Ghosts","player_choice":"Ignored","floor":30.0,"gold_loss":0.0,"damage_taken":0.0},{"damage_healed":0.0,"max_hp_gain":0.0,"max_hp_loss":0.0,"gold_gain":0.0,"event_name":"SecretPortal","player_choice":"Ignored","floor":37.0,"gold_loss":0.0,"damage_taken":0.0}],"is_beta":false,"boss_relics":[{"not_picked":["Coffee Dripper","Busted Crown"],"picked":"Cursed Key"},{"not_picked":["Snecko Eye","Fusion Hammer"],"picked":"Orrery"}],"items_purged_floors":[12,38],"is_endless":false,"potions_floor_spawned":[5,7,11,13,16,18,28,33,35,45],"ascension_level":6}