{"gold_per_floor":[110,385,405,424,437,467,467,485,510,167,40,54,73,98,98,196,196,211,223,223,223,223,223,223],"floor_reached":24,"playtime":1095,"items_purged":["Regret"],"score":281,"play_id":"a54dc345-4dca-493f-ac0a-8f9a14449a8f","local_time":"20190323093909","is_ascension_mode":true,"campfire_choices":[{"floor":7.0,"key":"REST"},{"data":"Glacier","floor":15.0,"key":"SMITH"},{"data":"Consume","floor":23,"key":"SMITH"}],"neow_cost":"NONE","seed_source_timestamp":264258656039420,"circlet_count":0,"master_deck":["Strike_B","Strike_B","Strike_B","Strike_B","Defend_B","Defend_B","Defend_B","Defend_B","Zap","Dualcast","Capacitor","Leap","Blizzard","Ball Lightning","Cold Snap","Leap","Self Repair","Echo Form","Barrage","Glacier+1","Seek","Consume+1","Coolheaded+1","Shame"],"special_seed":0,"relics":["Cracked Core","NeowsBlessing","Singing Bowl","Juzu Bracelet","Lee\u0027s Waffle","Tiny Chest","Art of War","Coffee Dripper","Anchor"],"potions_floor_usage":[18],"damage_taken":[{"damage":0.0,"enemies":"Small Slimes","floor":1.0,"turns":1.0},{"damage":0.0,"enemies":"Cultist","floor":3.0,"turns":1.0},{"damage":0.0,"enemies":"Jaw Worm","floor":4.0,"turns":1.0},{"damage":2.0,"enemies":"3 Louse","floor":5.0,"turns":2.0},{"damage":28.0,"enemies":"3 Sentries","floor":6.0,"turns":6.0},{"damage":5.0,"enemies":"2 Fungi Beasts","floor":8.0,"turns":4.0},{"damage":6.0,"enemies":"Blue Slaver","floor":12.0,"turns":4.0},{"damage":11.0,"enemies":"Exordium Thugs","floor":13.0,"turns":4.0},{"damage":36.0,"enemies":"Lagavulin","floor":14.0,"turns":7.0},{"damage":34.0,"enemies":"Hexaghost","floor":16.0,"turns":11.0},{"damage":7,"enemies":"Chosen","floor":18,"turns":6},{"damage":7,"enemies":"Shell Parasite","floor":19,"turns":7},{"damage":66,"enemies":"3 Cultists","floor":24,"turns":5}],"seed_played":"-7611096283546625302","potions_obtained":[{"floor":1.0,"key":"PowerPotion"},{"floor":4.0,"key":"Explosive Potion"},{"floor":5.0,"key":"SpeedPotion"},{"floor":8.0,"key":"Fire Potion"},{"floor":12.0,"key":"Ancient Potion"}],"is_trial":false,"path_per_floor":["M","?","M","M","M","E","R","M","T","$","$","M","M","E","R","B",null,"M","M","?","?","?","R","M"],"character_chosen":"DEFECT","items_purchased":["Lee\u0027s Waffle","Self Repair","Tiny Chest"],"campfire_rested":1,"item_purchase_floors":[10,10,11],"current_hp_per_floor":[68,68,68,68,66,38,60,55,55,82,82,82,78,56,56,29,69,76,76,76,60,60,60,0],"gold":223,"neow_bonus":"THREE_ENEMY_KILL","is_prod":false,"is_daily":false,"chose_seed":false,"campfire_upgraded":2,"win_rate":0,"timestamp":1553355549,"path_taken":["M","?","M","?","M","E","R","M","T","?","$","M","M","E","R","BOSS","M","M","?","?","?","R","M"],"build_version":"2019-01-23","purchased_purges":1,"victory":false,"max_hp_per_floor":[75,75,75,75,75,75,75,75,75,82,82,82,82,82,82,82,82,82,82,82,87,87,87,87],"card_choices":[{"not_picked":["Steam","Ball Lightning"],"picked":"Capacitor","floor":1.0},{"not_picked":["Stack","Beam Cell"],"picked":"Leap","floor":3.0},{"not_picked":["Amplify","Fusion"],"picked":"Blizzard","floor":4.0},{"not_picked":["Double Energy","Melter"],"picked":"Ball Lightning","floor":5.0},{"not_picked":["Redo","White Noise"],"picked":"Cold Snap","floor":6.0},{"not_picked":["Reprogram","Compile Driver"],"picked":"Leap","floor":8.0},{"not_picked":["FTL","Hologram"],"picked":"Echo Form","floor":12.0},{"not_picked":["Streamline","Aggregate"],"picked":"Barrage","floor":13.0},{"not_picked":["Rebound","Coolheaded"],"picked":"Glacier","floor":14.0},{"not_picked":["Fission","Core Surge"],"picked":"Seek","floor":16.0},{"not_picked":["Turbo","Go for the Eyes"],"picked":"Consume","floor":18},{"not_picked":["Go for the Eyes","Fusion"],"picked":"Coolheaded+1","floor":19}],"player_experience":1667474,"relics_obtained":[{"floor":6.0,"key":"Singing Bowl"},{"floor":9.0,"key":"Juzu Bracelet"},{"floor":14.0,"key":"Art of War"}],"event_choices":[{"damage_healed":0.0,"max_hp_gain":0.0,"max_hp_loss":0.0,"gold_gain":275.0,"event_name":"Golden Shrine","player_choice":"Desecrate","floor":2.0,"gold_loss":0.0,"damage_taken":0.0,"cards_obtained":["Regret"]},{"damage_healed":0,"gold_gain":0,"player_choice":"Stole Relic","damage_taken":0,"relics_obtained":["Anchor"],"max_hp_gain":0,"max_hp_loss":0,"event_name":"Addict","floor":20,"gold_loss":0,"cards_obtained":["Shame"]},{"damage_healed":0,"gold_gain":0,"player_choice":"Shed Blood","damage_taken":21,"max_hp_gain":5,"max_hp_loss":0,"event_name":"Forgotten Altar","floor":21,"gold_loss":0},{"damage_healed":0,"gold_gain":0,"player_choice":"Ignored","damage_taken":0,"max_hp_gain":0,"max_hp_loss":0,"event_name":"Cursed Tome","floor":22,"gold_loss":0}],"is_beta":false,"boss_relics":[{"not_picked":["Runic Dome","Philosopher\u0027s Stone"],"picked":"Coffee Dripper"}],"items_purged_floors":[10],"is_endless":false,"potions_floor_spawned":[1,4,5,8,12],"killed_by":"3 Cultists","ascension_level":7}