{"gold_per_floor":[111,111,127,19,37,37,63,73,73,73,107,107,107,120,120,217,217,233,10,20,20,33,33,62,73,150,180,280,314,73,91,91,194,194,205,205,217,233,47,82,82,113,137,137,151,151,151,168,168,168,168,168,40,71,71],"floor_reached":56,"playtime":5906,"items_purged":["Well Laid Plans","Bouncing Flask"],"score":1659,"play_id":"c08b40f6-6176-4c9d-a2b6-ded4770045cb","local_time":"20190322214830","is_ascension_mode":true,"campfire_choices":[{"data":"Cloak And Dagger","floor":6,"key":"SMITH"},{"data":"Finisher","floor":15,"key":"SMITH"},{"floor":23,"key":"REST"},{"floor":32,"key":"REST"},{"floor":44,"key":"REST"},{"floor":47,"key":"RECALL"},{"floor":49,"key":"REST"},{"floor":52,"key":"REST"}],"neow_cost":"NONE","seed_source_timestamp":593705073535239,"circlet_count":0,"master_deck":["Defend_G","Defend_G","Defend_G","Defend_G","Defend_G+1","Strike_G","Strike_G","Strike_G","Strike_G","Survivor+1","Neutralize+1","Cloak And Dagger+1","Crippling Poison","Predator","Finisher+1","Dagger Spray","Adrenaline","Deflect","Adrenaline","Caltrops","Caltrops","Blade Dance","Sucker Punch","Footwork+1","Deflect+1","Outmaneuver+1","Blade Dance+1","PiercingWail+1","Venomology+1","Terror+1","Quick Slash+1","Noxious Fumes","Dodge and Roll+1","After Image","Choke+1","PiercingWail+1","Noxious Fumes","Backflip+1","Footwork+1"],"relics":["Ring of the Snake","Pen Nib","WingedGreaves","Ninja Scroll","Bottled Lightning","Runic Pyramid","Toxic Egg 2","Ornamental Fan","Molten Egg 2","Du-Vu Doll","Singing Bowl","MawBank","Mummified Hand","Fusion Hammer","Thread and Needle","Boot","Snake Skull"],"potions_floor_usage":[20,24,28,28,38,40,40,45,48,50,54,55,55,55],"damage_taken":[{"damage":0,"enemies":"Jaw Worm","floor":1,"turns":6},{"damage":0,"enemies":"Cultist","floor":3,"turns":4},{"damage":0,"enemies":"2 Louse","floor":5,"turns":2},{"damage":36,"enemies":"Gremlin Nob","floor":7,"turns":5},{"damage":0,"enemies":"Looter","floor":8,"turns":2},{"damage":12,"enemies":"Lagavulin","floor":11,"turns":6},{"damage":1,"enemies":"3 Louse","floor":14,"turns":3},{"damage":12,"enemies":"The Guardian","floor":16,"turns":10},{"damage":0,"enemies":"3 Byrds","floor":18,"turns":3},{"damage":0,"enemies":"Spheric Guardian","floor":20,"turns":5},{"damage":19,"enemies":"Centurion and Healer","floor":22,"turns":7},{"damage":0,"enemies":"Book of Stabbing","floor":24,"turns":5},{"damage":0,"enemies":"Sentry and Sphere","floor":25,"turns":4},{"damage":0,"enemies":"Gremlin Leader","floor":27,"turns":5},{"damage":5,"enemies":"Colosseum Slavers","floor":28,"turns":4},{"damage":0,"enemies":"Colosseum Nobs","floor":28,"turns":5},{"damage":13,"enemies":"Book of Stabbing","floor":29,"turns":4},{"damage":0,"enemies":"Snecko","floor":31,"turns":4},{"damage":46,"enemies":"Collector","floor":33,"turns":13},{"damage":0,"enemies":"Orb Walker","floor":35,"turns":3},{"damage":1,"enemies":"3 Shapes","floor":37,"turns":7},{"damage":0,"enemies":"Maw","floor":38,"turns":5},{"damage":29,"enemies":"Nemesis","floor":40,"turns":7},{"damage":0,"enemies":"Reptomancer","floor":42,"turns":7},{"damage":0,"enemies":"3 Darklings","floor":45,"turns":5},{"damage":12,"enemies":"4 Shapes","floor":48,"turns":6},{"damage":18,"enemies":"Donu and Deca","floor":50,"turns":12},{"damage":14,"enemies":"Shield and Spear","floor":54,"turns":5},{"damage":55,"enemies":"The Heart","floor":55,"turns":12}],"seed_played":"123853222627264916","potions_obtained":[{"floor":5,"key":"PowerPotion"},{"floor":8,"key":"GhostInAJar"},{"floor":11,"key":"GhostInAJar"},{"floor":24,"key":"SteroidPotion"},{"floor":27,"key":"SteroidPotion"},{"floor":29,"key":"Energy Potion"},{"floor":54,"key":"SkillPotion"}],"is_trial":false,"path_per_floor":["?","M","?","?","?","?","?","?","?","?","M"],"character_chosen":"THE_SILENT","items_purchased":["Predator","Finisher","Caltrops","Blade Dance","Sucker Punch","Mummified Hand","Noxious Fumes","Dodge and Roll+1","Noxious Fumes","Backflip+1"],"campfire_rested":5,"item_purchase_floors":[4,4,19,19,19,30,39,39,53,53],"current_hp_per_floor":[63,63,63,63,63,63,27,27,27,50,38,24,17,16,16,4,54,54,54,54,41,22,44,44,44,44,44,39,28,28,28,51,5,59,59,59,60,60,60,31,31,33,33,57,57,81,81,69,81,63,77,81,81,67,12],"gold":71,"neow_bonus":"RANDOM_COMMON_RELIC","is_prod":false,"is_daily":false,"chose_seed":false,"campfire_upgraded":2,"win_rate":0,"timestamp":1553305710,"path_taken":["M","?","M","$","?","R","E","M","T","?","E","?","?","M","R","BOSS","M","$","M","?","M","R","E","M","T","E","?","E","$","M","R","BOSS","M","?","M","M","$","E","?","E","T","R","M","?","R","?","R","BOSS","R","$","E","BOSS"],"build_version":"2019-01-23","purchased_purges":2,"victory":true,"max_hp_per_floor":[70,70,70,70,70,70,70,70,70,70,70,70,70,70,70,70,70,70,70,70,75,75,75,75,75,75,75,75,77,77,77,77,77,77,77,77,79,79,79,79,79,81,81,81,81,81,81,81,81,81,81,81,81,81,81],"card_choices":[{"not_picked":["PiercingWail","Outmaneuver"],"picked":"Cloak And Dagger","floor":1},{"not_picked":["Expertise","Deadly Poison"],"picked":"Crippling Poison","floor":3},{"not_picked":["All Out Attack","Poisoned Stab"],"picked":"Dagger Spray","floor":5},{"not_picked":["Unload","Blade Dance"],"picked":"Adrenaline","floor":7},{"not_picked":["Flying Knee","Skewer"],"picked":"Deflect","floor":8},{"not_picked":["Tactician","Riddle With Holes"],"picked":"Well Laid Plans","floor":11},{"not_picked":["Poisoned Stab","Deadly Poison"],"picked":"Bouncing Flask","floor":14},{"not_picked":["Storm of Steel","Grand Finale"],"picked":"Adrenaline","floor":16},{"not_picked":["Eviscerate","Slice"],"picked":"Caltrops","floor":18},{"not_picked":["Flying Knee","Acrobatics","Dagger Throw"],"picked":"SKIP","floor":20},{"not_picked":["Deflect+1","Poisoned Stab+1"],"picked":"Footwork+1","floor":22},{"not_picked":["Distraction","Underhanded Strike+1"],"picked":"Deflect","floor":24},{"not_picked":["Flying Knee","Dagger Throw+1"],"picked":"Outmaneuver+1","floor":25},{"not_picked":["Adrenaline+1","Poisoned Stab"],"picked":"Concentrate+1","floor":27},{"not_picked":["Backflip+1","Dagger Spray+1"],"picked":"Blade Dance+1","floor":28},{"not_picked":["Envenom","Crippling Poison+1","Backflip+1"],"picked":"Singing Bowl","floor":29},{"not_picked":["Outmaneuver+1","Backflip+1"],"picked":"PiercingWail+1","floor":31},{"not_picked":["Corpse Explosion+1","Doppelganger+1"],"picked":"Venomology+1","floor":33},{"not_picked":["Deadly Poison+1","Accuracy"],"picked":"Terror+1","floor":35},{"not_picked":["Deflect+1","Well Laid Plans","Dagger Spray+1"],"picked":"Singing Bowl","floor":37},{"not_picked":["Prepared+1","Outmaneuver+1"],"picked":"Quick Slash+1","floor":38},{"not_picked":["Quick Slash+1","Dagger Spray+1"],"picked":"After Image","floor":40},{"not_picked":["Sucker Punch+1","Bane+1","Concentrate+1"],"picked":"Singing Bowl","floor":42},{"not_picked":["Reflex+1","Dagger Throw+1"],"picked":"Choke+1","floor":45},{"not_picked":["Slice+1","Choke+1"],"picked":"PiercingWail+1","floor":48},{"not_picked":["Quick Slash+1","Slice+1"],"picked":"Footwork+1","floor":54}],"player_experience":900740,"relics_obtained":[{"floor":7,"key":"WingedGreaves"},{"floor":9,"key":"Ninja Scroll"},{"floor":11,"key":"Bottled Lightning"},{"floor":24,"key":"Toxic Egg 2"},{"floor":26,"key":"Ornamental Fan"},{"floor":27,"key":"Molten Egg 2"},{"floor":28,"key":"Du-Vu Doll"},{"floor":28,"key":"Singing Bowl"},{"floor":29,"key":"MawBank"},{"floor":40,"key":"Thread and Needle"},{"floor":42,"key":"Boot"},{"floor":54,"key":"Snake Skull"}],"event_choices":[{"damage_healed":0,"gold_gain":0,"player_choice":"Upgraded","damage_taken":0,"max_hp_gain":0,"max_hp_loss":0,"event_name":"Upgrade Shrine","floor":2,"gold_loss":0,"cards_upgraded":["Neutralize"]},{"damage_healed":23,"gold_gain":0,"player_choice":"Banana","damage_taken":0,"max_hp_gain":0,"max_hp_loss":0,"event_name":"Big Fish","floor":10,"gold_loss":0},{"damage_healed":0,"gold_gain":0,"player_choice":"Entered Light","damage_taken":14,"max_hp_gain":0,"max_hp_loss":0,"event_name":"Shining Light","floor":12,"gold_loss":0,"cards_upgraded":["Defend_G","Survivor"]},{"cards_removed":["Strike_G"],"damage_healed":0,"gold_gain":0,"player_choice":"Card Removal","damage_taken":7,"max_hp_gain":0,"max_hp_loss":0,"event_name":"Golden Wing","floor":13,"gold_loss":0},{"damage_healed":0,"gold_gain":0,"player_choice":"Shed Blood","damage_taken":18,"max_hp_gain":5,"max_hp_loss":0,"event_name":"Forgotten Altar","floor":21,"gold_loss":0},{"damage_healed":0,"gold_gain":0,"player_choice":"Fight","damage_taken":0,"max_hp_gain":0,"max_hp_loss":0,"event_name":"Colosseum","floor":28,"gold_loss":0},{"damage_healed":0,"gold_gain":0,"player_choice":"Fought Nobs","damage_taken":0,"max_hp_gain":0,"max_hp_loss":0,"event_name":"Colosseum","floor":28,"gold_loss":0},{"damage_healed":0,"gold_gain":0,"player_choice":"Ignored","damage_taken":0,"max_hp_gain":0,"max_hp_loss":0,"event_name":"Tomb of Lord Red Mask","floor":36,"gold_loss":0},{"cards_removed":["Concentrate"],"damage_healed":0,"gold_gain":0,"player_choice":"Removed Skill","damage_taken":0,"max_hp_gain":0,"max_hp_loss":0,"event_name":"Falling","floor":41,"gold_loss":0},{"damage_healed":24,"gold_gain":0,"player_choice":"Full Heal","damage_taken":0,"max_hp_gain":0,"max_hp_loss":0,"event_name":"Wheel of Change","floor":46,"gold_loss":0}],"is_beta":false,"boss_relics":[{"not_picked":["Calling Bell","Busted Crown"],"picked":"Runic Pyramid"},{"not_picked":["Lizard Tail","Sozu"],"picked":"Fusion Hammer"}],"items_purged_floors":[19,39],"is_endless":false,"potions_floor_spawned":[5,8,11,24,27,28,29,38,48,54],"ascension_level":7}