{"gold_per_floor":[114,39,114,128,128,128,146,146,146,146,46,69,87,121,121,241,241,259,259,278,49,74,117,137,152,152,27,27,27],"floor_reached":29,"playtime":1072,"items_purged":["Normality","Strike_B","Doubt"],"score":365,"play_id":"702c206b-f05a-44ae-8d87-9611bf769bc3","local_time":"20190101033213","is_ascension_mode":true,"campfire_choices":[{"floor":6,"key":"REST"},{"data":"Chill","floor":8,"key":"SMITH"},{"floor":10,"key":"REST"},{"floor":15,"key":"REST"}],"neow_cost":"CURSE","seed_source_timestamp":29579889635586,"circlet_count":0,"master_deck":["Strike_B","Strike_B","Strike_B","Defend_B","Defend_B","Defend_B","Defend_B","Zap","Dualcast","Echo Form","Chill+1","Conserve Battery","Capacitor","Fission","Electrodynamics","Creative AI","Reinforced Body","Self Repair","Dark Shackles","Self Repair+1","Multi-Cast","Redo+1","Parasite"],"relics":["Cracked Core","Golden Idol","Vajra","Cursed Key","Nloth\u0027s Gift","Bronze Scales","Frozen Egg 2","Sundial"],"potions_floor_usage":[14,14,22,23,23,24,29],"damage_taken":[{"damage":6,"enemies":"Cultist","floor":1,"turns":4},{"damage":10,"enemies":"Jaw Worm","floor":4,"turns":3},{"damage":14,"enemies":"Small Slimes","floor":7,"turns":4},{"damage":6,"enemies":"Blue Slaver","floor":12,"turns":5},{"damage":1,"enemies":"Exordium Thugs","floor":13,"turns":5},{"damage":0,"enemies":"3 Sentries","floor":14,"turns":2},{"damage":26,"enemies":"Slime Boss","floor":16,"turns":11},{"damage":32,"enemies":"Spheric Guardian","floor":18,"turns":6},{"damage":15,"enemies":"Shell Parasite","floor":20,"turns":7},{"damage":6,"enemies":"3 Cultists","floor":22,"turns":4},{"damage":16,"enemies":"Gremlin Leader","floor":23,"turns":5},{"damage":6,"enemies":"Centurion and Healer","floor":24,"turns":6},{"damage":21,"enemies":"Snake Plant","floor":25,"turns":5},{"damage":37,"enemies":"Book of Stabbing","floor":29,"turns":4}],"seed_played":"4464899529369123909","potions_obtained":[{"floor":4,"key":"PowerPotion"},{"floor":13,"key":"Swift Potion"},{"floor":14,"key":"SkillPotion"},{"floor":20,"key":"SpeedPotion"},{"floor":23,"key":"Fire Potion"},{"floor":25,"key":"Regen Potion"}],"is_trial":false,"path_per_floor":["M","$","?","M","?","R","M","R","T","R","$","M","M","E","R","B",null,"M","?","M","$","M","E","M","M","T","$","T","E"],"character_chosen":"DEFECT","items_purchased":["Self Repair","Dark Shackles","SkillPotion","Explosive Potion"],"campfire_rested":3,"item_purchase_floors":[21,21,21,21],"current_hp_per_floor":[62,62,51,41,23,45,31,31,31,53,53,47,46,46,68,42,67,35,35,20,20,21,15,26,22,22,22,22,0],"gold":27,"neow_bonus":"THREE_RARE_CARDS","is_prod":false,"is_daily":false,"chose_seed":false,"campfire_upgraded":1,"win_rate":0,"timestamp":1546331533,"path_taken":["M","?","?","M","?","R","M","R","T","R","?","M","M","E","R","BOSS","M","?","?","$","M","E","M","M","T","?","?","E"],"build_version":"2018-12-25","purchased_purges":3,"victory":false,"max_hp_per_floor":[75,75,75,75,75,75,75,75,75,75,75,75,75,75,75,75,75,75,75,75,75,75,75,75,75,75,75,75,75],"card_choices":[{"not_picked":["Buffer","Multi-Cast"],"picked":"Echo Form","floor":0},{"not_picked":["Gash","Streamline"],"picked":"Chill","floor":1},{"not_picked":["Hello World","Coolheaded"],"picked":"Conserve Battery","floor":4},{"not_picked":["Rebound","Steam Power"],"picked":"Capacitor","floor":7},{"not_picked":["Storm","Conserve Battery","Hello World"],"picked":"SKIP","floor":12},{"not_picked":["Recycle","Melter"],"picked":"Fission","floor":13},{"not_picked":["Ball Lightning","Sunder"],"picked":"Electrodynamics","floor":14},{"not_picked":["All For One","Hyperbeam"],"picked":"Creative AI","floor":16},{"not_picked":["Doom and Gloom+1","Reprogram","Redo"],"picked":"SKIP","floor":18},{"not_picked":["Go for the Eyes","Hello World+1"],"picked":"Reinforced Body","floor":20},{"not_picked":["Genetic Algorithm","Streamline"],"picked":"Self Repair+1","floor":22},{"not_picked":["Steam","Leap"],"picked":"Multi-Cast","floor":23},{"not_picked":["Static Discharge","Storm"],"picked":"Redo+1","floor":24},{"not_picked":["Machine Learning","Ball Lightning","Stack"],"picked":"SKIP","floor":25}],"player_experience":489777,"relics_obtained":[{"floor":9,"key":"Dodecahedron"},{"floor":14,"key":"Vajra"},{"floor":23,"key":"Bronze Scales"},{"floor":26,"key":"Frozen Egg 2"},{"floor":28,"key":"Sundial"}],"event_choices":[{"damage_healed":0,"gold_gain":75,"player_choice":"Gather Gold","damage_taken":11,"max_hp_gain":0,"max_hp_loss":0,"event_name":"World of Goop","floor":3,"gold_loss":0},{"damage_healed":0,"gold_gain":0,"player_choice":"Take Damage","damage_taken":18,"relics_obtained":["Golden Idol"],"max_hp_gain":0,"max_hp_loss":0,"event_name":"Golden Idol","floor":5,"gold_loss":0},{"damage_healed":0,"gold_gain":0,"player_choice":"Traded Relic","damage_taken":0,"relics_obtained":["Nloth\u0027s Gift"],"max_hp_gain":0,"max_hp_loss":0,"event_name":"N\u0027loth","floor":19,"relics_lost":["Dodecahedron"],"gold_loss":0}],"is_beta":true,"boss_relics":[{"not_picked":["Orrery","Nuclear Battery"],"picked":"Cursed Key"}],"items_purged_floors":[2,11,27],"is_endless":false,"potions_floor_spawned":[4,13,14,20,23,25],"killed_by":"Book of Stabbing","ascension_level":7}