{"gold_per_floor":[112,122,72,90,110,136,136,146,201,201,217,142,142,216,216,341,341,360,380,394,419,438,438,463,132,159,159,174,213],"floor_reached":29,"playtime":38678,"items_purged":["Writhe"],"score":301,"play_id":"f67dc9a5-6582-4d67-b3da-fa9d1e800f2a","local_time":"20190410104122","daily_mods":["Cursed Run","Uncertain Future","Night Terrors"],"is_ascension_mode":false,"campfire_choices":[{"data":"Buffer","floor":7,"key":"SMITH"},{"data":"Self Repair","floor":10,"key":"SMITH"},{"data":"Zap","floor":15,"key":"SMITH"},{"data":"Capacitor","floor":27,"key":"SMITH"}],"neow_cost":"","seed_source_timestamp":2162058338757043,"circlet_count":0,"master_deck":["Strike_B","Strike_B","Strike_B","Defend_B","Defend_B","Defend_B","Defend_B","Zap+1","Dualcast","Ball Lightning","Buffer+1","Coolheaded","Self Repair+1","Injury","Coolheaded","Decay","Biased Cognition","Capacitor+1","Rip and Tear","Coolheaded","Decay","Compile Driver"],"relics":["Cursed Key","Darkstone Periapt","Du-Vu Doll","Strawberry","Happy Flower","Golden Idol","Mummified Hand","Busted Crown","Blood Vial","Orichalcum","Centennial Puzzle"],"potions_floor_usage":[6,14,22],"damage_taken":[{"damage":4,"enemies":"2 Louse","floor":1,"turns":3},{"damage":3,"enemies":"Jaw Worm","floor":2,"turns":3},{"damage":0,"enemies":"Small Slimes","floor":4,"turns":3},{"damage":2,"enemies":"Blue Slaver","floor":5,"turns":3},{"damage":53,"enemies":"3 Sentries","floor":6,"turns":10},{"damage":0,"enemies":"Large Slime","floor":8,"turns":6},{"damage":0,"enemies":"2 Fungi Beasts","floor":11,"turns":4},{"damage":0,"enemies":"Lagavulin Event","floor":14,"turns":5},{"damage":23,"enemies":"The Guardian","floor":16,"turns":14},{"damage":0,"enemies":"Spheric Guardian","floor":18,"turns":5},{"damage":7,"enemies":"Shell Parasite","floor":19,"turns":5},{"damage":20,"enemies":"Centurion and Healer","floor":20,"turns":8},{"damage":10,"enemies":"Chosen and Byrds","floor":21,"turns":7},{"damage":30,"enemies":"3 Cultists","floor":22,"turns":7},{"damage":9,"enemies":"Sentry and Sphere","floor":24,"turns":6},{"damage":5,"enemies":"Centurion and Healer","floor":28,"turns":10},{"damage":35,"enemies":"Book of Stabbing","floor":29,"turns":6}],"seed_played":"5827435469422958524","potions_obtained":[{"floor":1,"key":"EntropicBrew"},{"floor":6,"key":"PowerPotion"},{"floor":14,"key":"Poison Potion"},{"floor":24,"key":"Explosive Potion"}],"is_trial":true,"path_per_floor":["?","?","?","?","M"],"character_chosen":"DEFECT","items_purchased":["Capacitor","Blood Vial","Rip and Tear","Coolheaded"],"campfire_rested":0,"item_purchase_floors":[25,25,25,25],"current_hp_per_floor":[71,68,68,68,66,20,20,20,26,26,36,36,42,52,52,45,100,100,100,90,90,70,70,71,71,77,77,84,61],"gold":213,"neow_bonus":"","is_prod":false,"is_daily":false,"chose_seed":false,"campfire_upgraded":4,"win_rate":0,"timestamp":1554907282,"path_taken":["M","M","?","M","M","E","R","M","T","R","M","$","?","?","R","BOSS","M","M","M","M","M","?","?","$","T","R","M","E"],"build_version":"2019-01-23","purchased_purges":1,"victory":false,"max_hp_per_floor":[75,75,75,75,75,82,82,82,88,88,88,88,94,94,94,100,100,100,100,100,100,100,100,100,100,106,106,106,106],"card_choices":[{"not_picked":["Chill","Redo"],"picked":"Ball Lightning","floor":1},{"not_picked":["Barrage","Hologram","Stack"],"picked":"SKIP","floor":2},{"not_picked":["Stack","Recycle","Barrage"],"picked":"SKIP","floor":4},{"not_picked":["Rebound","Consume"],"picked":"Buffer","floor":5},{"not_picked":["Barrage","Turbo"],"picked":"Coolheaded","floor":6},{"not_picked":["Undo","Scrape"],"picked":"Self Repair","floor":8},{"not_picked":["Hologram","Go for the Eyes","Melter"],"picked":"SKIP","floor":11},{"not_picked":["Hello World","Beam Cell"],"picked":"Coolheaded","floor":14},{"not_picked":["Fission","Reboot"],"picked":"Biased Cognition","floor":16},{"not_picked":["Beam Cell"],"picked":"SKIP","floor":18},{"not_picked":["Skim"],"picked":"SKIP","floor":19},{"not_picked":["Gash"],"picked":"SKIP","floor":20},{"not_picked":["Consume"],"picked":"SKIP","floor":21},{"not_picked":["Force Field+1"],"picked":"SKIP","floor":22},{"not_picked":["Stack"],"picked":"SKIP","floor":24},{"not_picked":[],"picked":"Compile Driver","floor":28},{"not_picked":["Turbo"],"picked":"SKIP","floor":29}],"player_experience":1681482,"relics_obtained":[{"floor":6,"key":"Strawberry"},{"floor":9,"key":"Happy Flower"},{"floor":26,"key":"Orichalcum"},{"floor":29,"key":"Centennial Puzzle"}],"event_choices":[{"cards_removed":["Strike_B"],"damage_healed":0,"gold_gain":0,"player_choice":"Card Removal","damage_taken":0,"max_hp_gain":0,"max_hp_loss":0,"event_name":"The Cleric","floor":3,"gold_loss":50},{"damage_healed":0,"gold_gain":0,"player_choice":"Take Wound","damage_taken":0,"relics_obtained":["Golden Idol"],"max_hp_gain":0,"max_hp_loss":0,"event_name":"Golden Idol","floor":13,"gold_loss":0,"cards_obtained":["Injury"]},{"damage_healed":0,"gold_gain":0,"player_choice":"Searched \u00273\u0027 times","damage_taken":0,"relics_obtained":["Mummified Hand"],"max_hp_gain":0,"max_hp_loss":0,"event_name":"Dead Adventurer","floor":14,"gold_loss":0},{"damage_healed":0,"gold_gain":0,"player_choice":"Ignored","damage_taken":0,"max_hp_gain":0,"max_hp_loss":0,"event_name":"NoteForYourself","floor":23,"gold_loss":0}],"is_beta":false,"boss_relics":[{"not_picked":["Black Star","Orrery"],"picked":"Busted Crown"}],"items_purged_floors":[12],"is_endless":false,"potions_floor_spawned":[1,6,8,11,14,20,21,24,29],"killed_by":"Book of Stabbing","ascension_level":0}