{"gold_per_floor":[11,24,299,310,322,357,357,382,435,448,480,494,494,106,106,211,211,193,209,209,222,236,236,262,262,262,325,325,344,344,444,444,544,544,562,562],"floor_reached":36,"playtime":6284,"items_purged":[],"score":649,"play_id":"2ef31f43-8f21-4be9-ad59-2463d855485d","local_time":"20190224111225","is_ascension_mode":true,"campfire_choices":[{"floor":7.0,"key":"REST"},{"data":"Armaments","floor":13.0,"key":"SMITH"},{"floor":15.0,"key":"REST"},{"floor":23,"key":"REST"},{"floor":25,"key":"REST"},{"floor":32,"key":"REST"}],"neow_cost":"NO_GOLD","seed_source_timestamp":0,"circlet_count":0,"master_deck":["Strike_R","Strike_R","Strike_R","Defend_R","Defend_R+1","Defend_R+1","Bash","Juggernaut","Power Through","Anger","Regret","Body Slam","Anger","Headbutt","Armaments+1","Limit Break","Metallicize","Infernal Blade","Corruption","Armaments","Dark Embrace","Anger+1","Pommel Strike+1","Thunderclap+1","Twin Strike+1","Shrug It Off+1","Metallicize","Uppercut+1","Feed","Second Wind+1","Ghostly","Ghostly","Ghostly","Ghostly","Ghostly","Flex","Flex","Exhume","Rampage+1","Seeing Red"],"special_seed":0,"relics":["Burning Blood","Du-Vu Doll","Question Card","War Paint","Ancient Tea Set","Self Forming Clay","Astrolabe","Enchiridion","Blood Vial","Dodecahedron","Tiny Chest","Prayer Wheel","Kunai","Snecko Eye"],"potions_floor_usage":[21,22,24,31],"damage_taken":[{"damage":4.0,"enemies":"Small Slimes","floor":1.0,"turns":4.0},{"damage":1.0,"enemies":"Cultist","floor":2.0,"turns":4.0},{"damage":16.0,"enemies":"Jaw Worm","floor":4.0,"turns":4.0},{"damage":0.0,"enemies":"3 Louse","floor":5.0,"turns":2.0},{"damage":40.0,"enemies":"Gremlin Nob","floor":6.0,"turns":5.0},{"damage":18.0,"enemies":"Lagavulin","floor":8.0,"turns":6.0},{"damage":0.0,"enemies":"Looter","floor":10.0,"turns":2.0},{"damage":2.0,"enemies":"3 Sentries","floor":11.0,"turns":7.0},{"damage":2.0,"enemies":"2 Fungi Beasts","floor":12.0,"turns":3.0},{"damage":27.0,"enemies":"Slime Boss","floor":16.0,"turns":9.0},{"damage":12.0,"enemies":"2 Thieves","floor":18.0,"turns":4.0},{"damage":29.0,"enemies":"Shell Parasite","floor":19.0,"turns":6.0},{"damage":3,"enemies":"3 Cultists","floor":21,"turns":4},{"damage":19,"enemies":"Shelled Parasite and Fungi","floor":22,"turns":4},{"damage":33,"enemies":"Slavers","floor":24,"turns":6},{"damage":34,"enemies":"Book of Stabbing","floor":27,"turns":5},{"damage":11,"enemies":"Sentry and Sphere","floor":29,"turns":8},{"damage":0,"enemies":"Colosseum Slavers","floor":31,"turns":5},{"damage":13,"enemies":"Colosseum Nobs","floor":31,"turns":7},{"damage":2,"enemies":"Collector","floor":33,"turns":8},{"damage":41,"enemies":"3 Shapes","floor":35,"turns":5},{"damage":17,"enemies":"3 Darklings","floor":36,"turns":2}],"seed_played":"-8797855722028970824","potions_obtained":[{"floor":4.0,"key":"Explosive Potion"},{"floor":8.0,"key":"Block Potion"},{"floor":19,"key":"SkillPotion"},{"floor":21,"key":"SteroidPotion"},{"floor":22,"key":"BloodPotion"},{"floor":29,"key":"Swift Potion"},{"floor":33,"key":"SpeedPotion"},{"floor":35,"key":"SpeedPotion"}],"is_trial":false,"path_per_floor":["M","M","?","M","M","E","R","E","T","M","E","M","R","$","R","B",null,"M","M","?","M","M","R","E","R","T","E","?","M","?","?","R","B",null,"M","M"],"character_chosen":"IRONCLAD","items_purchased":["Corruption","Self Forming Clay","Armaments"],"campfire_rested":5,"item_purchase_floors":[14,14,14],"current_hp_per_floor":[80,80,80,70,76,42,66,54,54,60,64,68,68,68,80,59,80,74,51,35,38,25,49,30,54,54,28,28,25,38,36,43,46,46,14,0],"gold":562,"neow_bonus":"THREE_RARE_CARDS","is_prod":false,"is_daily":false,"chose_seed":false,"campfire_upgraded":1,"win_rate":0,"timestamp":1551006745,"path_taken":["M","M","?","M","M","E","R","E","T","M","E","?","R","$","R","BOSS","M","M","?","M","M","R","E","R","T","E","?","M","?","?","R","BOSS","M","M"],"build_version":"2019-01-23","purchased_purges":0,"victory":false,"max_hp_per_floor":[80,80,80,80,80,80,80,80,80,80,80,80,80,80,80,80,80,80,80,80,80,80,80,80,80,80,80,40,40,40,43,43,46,46,49,49],"card_choices":[{"not_picked":["Limit Break","Reaper"],"picked":"Juggernaut","floor":0.0},{"not_picked":["Shrug It Off","Hemokinesis"],"picked":"Power Through","floor":1.0},{"not_picked":["Uppercut","Evolve"],"picked":"Anger","floor":2.0},{"not_picked":["Sword Boomerang","Intimidate"],"picked":"Body Slam","floor":4.0},{"not_picked":["Dropkick","Sentinel"],"picked":"Anger","floor":5.0},{"not_picked":["Anger","Reckless Charge"],"picked":"Headbutt","floor":6.0},{"not_picked":["Warcry","Thunderclap"],"picked":"Armaments","floor":8.0},{"not_picked":["Wild Strike","Armaments","Shockwave"],"picked":"Limit Break","floor":10.0},{"not_picked":["Flame Barrier","Entrench","Inflame"],"picked":"Metallicize","floor":11.0},{"not_picked":["Twin Strike","Thunderclap","Burning Pact"],"picked":"Infernal Blade","floor":12.0},{"not_picked":["Bludgeon","Barricade","Reaper"],"picked":"Dark Embrace","floor":16.0},{"not_picked":["Perfected Strike","Armaments","Warcry"],"picked":"Twin Strike+1","floor":18.0},{"not_picked":["Body Slam","Dropkick","Whirlwind"],"picked":"Shrug It Off+1","floor":19},{"not_picked":["Sentinel","Body Slam","Armaments"],"picked":"Metallicize","floor":21},{"not_picked":["Clothesline","Thunderclap","Anger"],"picked":"Uppercut+1","floor":22},{"not_picked":["Clothesline","Burning Pact","Combust"],"picked":"Feed","floor":24},{"not_picked":["Anger","Iron Wave","Ghostly Armor+1"],"picked":"Second Wind+1","floor":27},{"not_picked":["Thunderclap","Ghostly Armor+1","Armaments+1"],"picked":"Flex","floor":29},{"not_picked":["Hemokinesis","Shrug It Off","Anger"],"picked":"Flex","floor":31},{"not_picked":["Impervious","Brutality","Bludgeon"],"picked":"Exhume","floor":33},{"not_picked":["Thunderclap","Cleave+1","Clothesline+1"],"picked":"Rampage+1","floor":35},{"not_picked":["Body Slam","Combust","Second Wind+1"],"picked":"Seeing Red","floor":35}],"player_experience":226981,"relics_obtained":[{"floor":6.0,"key":"Du-Vu Doll"},{"floor":8.0,"key":"Question Card"},{"floor":9.0,"key":"War Paint"},{"floor":11.0,"key":"Ancient Tea Set"},{"floor":20,"key":"Enchiridion"},{"floor":24,"key":"Blood Vial"},{"floor":26,"key":"Dodecahedron"},{"floor":27,"key":"Tiny Chest"},{"floor":31,"key":"Prayer Wheel"},{"floor":31,"key":"Kunai"}],"event_choices":[{"damage_healed":0.0,"max_hp_gain":0.0,"max_hp_loss":0.0,"gold_gain":275.0,"event_name":"Golden Shrine","player_choice":"Desecrate","floor":3.0,"gold_loss":0.0,"damage_taken":0.0,"cards_obtained":["Regret"]},{"damage_healed":0,"gold_gain":0,"player_choice":"Obtained Book","damage_taken":16,"max_hp_gain":0,"max_hp_loss":0,"event_name":"Cursed Tome","floor":20,"gold_loss":0},{"damage_healed":0,"gold_gain":0,"player_choice":"Became a Ghost","damage_taken":0,"max_hp_gain":0,"max_hp_loss":40,"event_name":"Ghosts","floor":28,"gold_loss":0,"cards_obtained":["Ghostly","Ghostly","Ghostly","Ghostly","Ghostly"]},{"damage_healed":13,"gold_gain":0,"player_choice":"Heal","damage_taken":0,"max_hp_gain":0,"max_hp_loss":0,"event_name":"The Library","floor":30,"gold_loss":0},{"damage_healed":0,"gold_gain":0,"player_choice":"Fight","damage_taken":0,"max_hp_gain":0,"max_hp_loss":0,"event_name":"Colosseum","floor":31,"gold_loss":0},{"damage_healed":0,"gold_gain":0,"player_choice":"Fought Nobs","damage_taken":0,"max_hp_gain":0,"max_hp_loss":0,"event_name":"Colosseum","floor":31,"gold_loss":0}],"is_beta":false,"boss_relics":[{"not_picked":["Runic Dome","Coffee Dripper"],"picked":"Astrolabe"},{"not_picked":["Cursed Key","Black Blood"],"picked":"Snecko Eye"}],"items_purged_floors":[],"is_endless":false,"potions_floor_spawned":[4,8,19,21,22,29,33,35],"killed_by":"3 Darklings","ascension_level":4}