{"gold_per_floor":[16,16,16,35,50,82,82,82,82,118,118,138,163,183,183,309,309,333,348,348,2,20,58,58,58,82,95,108,149,109,124,124,247,247,271,219,279,299,324,324,348,368,395,430,443,481,496,522,522,522],"floor_reached":50,"playtime":2398,"items_purged":["Pain"],"score":966,"play_id":"aaa3d091-bac0-4535-95dd-7ef8b0bd186e","local_time":"20181104125236","is_ascension_mode":true,"campfire_choices":[{"data":"Shrug It Off","floor":7,"key":"SMITH"},{"data":"Armaments","floor":15,"key":"SMITH"},{"floor":32,"key":"REST"},{"data":"Body Slam","floor":40,"key":"SMITH"},{"data":"Perfected Strike","floor":49,"key":"SMITH"}],"neow_cost":"NO_GOLD","seed_source_timestamp":2144471020953711,"circlet_count":0,"master_deck":["Strike_R","Strike_R","Strike_R","Strike_R","Strike_R","Defend_R","Defend_R","Defend_R","Defend_R","Bash","Twin Strike","Twin Strike","Impervious","Shrug It Off+1","Injury","Pommel Strike","Flex","Wild Strike","Armaments+1","Bludgeon","Wild Strike+1","Flex","Impatience","Metallicize+1","Twin Strike","Ghostly+1","Ghostly+1","Ghostly+1","Ghostly+1","Ghostly+1","Body Slam+1","Wild Strike","Wild Strike","Bludgeon","Disarm+1","Flex+1","Body Slam+1","Perfected Strike+1","Flex+1","Perfected Strike+1","Parasite","Iron Wave+1","Twin Strike+1","True Grit+1"],"relics":["Burning Blood","Thread and Needle","Self Forming Clay","Juzu Bracelet","Golden Idol","Smiling Mask","Dream Catcher","WarpedTongs","Sozu","Vajra","Toxic Egg 2","Lantern","Mercury Hourglass","Lizard Tail","Nunchaku","Red Skull","Gremlin Horn","Blood Vial","Potion Belt"],"potions_floor_usage":[6,16,16,33],"damage_taken":[{"damage":0,"enemies":"Jaw Worm","floor":1,"turns":6},{"damage":0,"enemies":"Cultist","floor":4,"turns":3},{"damage":0,"enemies":"Small Slimes","floor":5,"turns":2},{"damage":16,"enemies":"Lagavulin","floor":6,"turns":4},{"damage":15,"enemies":"3 Sentries","floor":10,"turns":12},{"damage":0,"enemies":"Exordium Wildlife","floor":12,"turns":5},{"damage":6,"enemies":"Exordium Thugs","floor":13,"turns":7},{"damage":3,"enemies":"Gremlin Gang","floor":14,"turns":6},{"damage":24,"enemies":"Hexaghost","floor":16,"turns":14},{"damage":28,"enemies":"3 Byrds","floor":18,"turns":6},{"damage":0,"enemies":"Spheric Guardian","floor":19,"turns":3},{"damage":31,"enemies":"Centurion and Healer","floor":22,"turns":5},{"damage":28,"enemies":"Book of Stabbing","floor":23,"turns":6},{"damage":0,"enemies":"Snake Plant","floor":27,"turns":4},{"damage":11,"enemies":"Shelled Parasite and Fungi","floor":28,"turns":7},{"damage":0,"enemies":"Gremlin Leader","floor":29,"turns":8},{"damage":0,"enemies":"Cultist and Chosen","floor":31,"turns":5},{"damage":50,"enemies":"Collector","floor":33,"turns":11},{"damage":0,"enemies":"Orb Walker","floor":35,"turns":3},{"damage":5,"enemies":"2 Orb Walkers","floor":37,"turns":7},{"damage":7,"enemies":"3 Darklings","floor":38,"turns":9},{"damage":10,"enemies":"4 Shapes","floor":39,"turns":4},{"damage":0,"enemies":"Transient","floor":41,"turns":5},{"damage":19,"enemies":"Jaw Worm Horde","floor":42,"turns":5},{"damage":15,"enemies":"Reptomancer","floor":44,"turns":8},{"damage":0,"enemies":"Writhing Mass","floor":45,"turns":6},{"damage":34,"enemies":"Nemesis","floor":46,"turns":5},{"damage":0,"enemies":"3 Darklings","floor":47,"turns":4},{"damage":38,"enemies":"Donu and Deca","floor":50,"turns":8}],"seed_played":"2645325777963853003","potions_obtained":[{"floor":5,"key":"AttackPotion"},{"floor":10,"key":"Swift Potion"},{"floor":13,"key":"Fire Potion"},{"floor":14,"key":"FairyPotion"},{"floor":16,"key":"SteroidPotion"}],"is_trial":false,"path_per_floor":["M","?","$","M","M","E","R","?","T","E","?","M","M","M","R","B",null,"M","M","?","$","M","E","?","?","T","M","M","E","?","M","R","B",null,"M","$","?","M","M","R","M","M","T","E","M","E","M","T","R","B"],"character_chosen":"IRONCLAD","items_purchased":["Vajra","Flex","Impatience","Flex+1"],"campfire_rested":1,"item_purchase_floors":[21,21,21,36],"current_hp_per_floor":[78,78,78,80,80,70,70,70,70,61,61,67,67,70,70,52,73,51,57,57,57,32,10,10,10,10,16,11,17,17,23,35,10,33,39,39,40,39,35,35,40,27,27,18,24,26,34,34,34,0],"gold":522,"neow_bonus":"ONE_RARE_RELIC","is_prod":false,"is_daily":false,"chose_seed":false,"campfire_upgraded":4,"win_rate":0,"timestamp":1541361156,"path_taken":["M","?","?","M","M","E","R","?","T","E","?","M","M","M","R","BOSS","M","M","?","$","M","E","?","?","T","M","M","E","?","M","R","BOSS","M","$","?","M","M","R","M","M","T","E","M","E","M","?","R","BOSS"],"build_version":"2018-11-01","purchased_purges":1,"victory":false,"max_hp_per_floor":[80,80,80,80,80,80,80,80,80,80,80,80,80,80,80,80,80,80,80,80,80,80,80,80,40,40,40,40,40,40,40,40,40,40,40,40,40,40,40,40,40,40,40,40,40,40,40,40,40,40],"card_choices":[{"not_picked":["Sword Boomerang","Armaments"],"picked":"Twin Strike","floor":1},{"not_picked":["Headbutt","Shrug It Off"],"picked":"Twin Strike","floor":4},{"not_picked":["Shrug It Off","Clash"],"picked":"Impervious","floor":5},{"not_picked":["Ghostly Armor","Clothesline"],"picked":"Shrug It Off","floor":6},{"not_picked":["Headbutt","Anger"],"picked":"Pommel Strike","floor":10},{"not_picked":["Searing Blow","Clash"],"picked":"Flex","floor":12},{"not_picked":["Flex","Dropkick"],"picked":"Wild Strike","floor":13},{"not_picked":["Blood for Blood","Offering"],"picked":"Armaments","floor":14},{"not_picked":["Demon Form","Dark Embrace"],"picked":"Bludgeon","floor":16},{"not_picked":["Thunderclap","Clash","Heavy Blade"],"picked":"SKIP","floor":18},{"not_picked":["Whirlwind","Clothesline"],"picked":"Wild Strike+1","floor":19},{"not_picked":["Burning Pact","Iron Wave"],"picked":"Metallicize","floor":22},{"not_picked":["Barricade","Warcry"],"picked":"Twin Strike","floor":23},{"not_picked":["Second Wind+1","Burning Pact+1"],"picked":"Body Slam+1","floor":27},{"not_picked":["True Grit+1","Iron Wave+1"],"picked":"Wild Strike","floor":28},{"not_picked":["Feel No Pain","Juggernaut"],"picked":"Wild Strike","floor":29},{"not_picked":["Sword Boomerang+1","Heavy Blade","Cleave+1"],"picked":"SKIP","floor":31},{"not_picked":["Immolate","Dark Embrace"],"picked":"Bludgeon","floor":33},{"not_picked":["Anger","Thunderclap+1"],"picked":"Disarm+1","floor":35},{"not_picked":["Sword Boomerang+1","True Grit+1"],"picked":"Body Slam","floor":37},{"not_picked":["Reckless Charge","Iron Wave","Offering+1"],"picked":"SKIP","floor":38},{"not_picked":["Carnage","Inflame"],"picked":"Perfected Strike+1","floor":39},{"not_picked":["Corruption+1","Clothesline"],"picked":"Flex+1","floor":41},{"not_picked":["Heavy Blade+1","Dropkick","Headbutt"],"picked":"SKIP","floor":42},{"not_picked":["Anger+1","Headbutt+1"],"picked":"Perfected Strike","floor":44},{"not_picked":["Body Slam","Warcry+1"],"picked":"Iron Wave+1","floor":45},{"not_picked":["Armaments+1","Evolve"],"picked":"Twin Strike+1","floor":46},{"not_picked":["Armaments+1","Headbutt+1"],"picked":"True Grit+1","floor":47}],"player_experience":1005766,"relics_obtained":[{"floor":2,"key":"Self Forming Clay"},{"floor":6,"key":"Juzu Bracelet"},{"floor":9,"key":"Smiling Mask"},{"floor":10,"key":"Dream Catcher"},{"floor":23,"key":"Toxic Egg 2"},{"floor":26,"key":"Lantern"},{"floor":29,"key":"Mercury Hourglass"},{"floor":37,"key":"Nunchaku"},{"floor":43,"key":"Red Skull"},{"floor":44,"key":"Gremlin Horn"},{"floor":46,"key":"Blood Vial"},{"floor":48,"key":"Potion Belt"}],"event_choices":[{"damage_healed":0,"gold_gain":0,"player_choice":"Relic","damage_taken":0,"max_hp_gain":0,"max_hp_loss":0,"event_name":"Wheel of Change","floor":2,"gold_loss":0},{"damage_healed":0,"gold_gain":0,"player_choice":"Take Wound","damage_taken":0,"relics_obtained":["Golden Idol"],"max_hp_gain":0,"max_hp_loss":0,"event_name":"Golden Idol","floor":8,"gold_loss":0,"cards_obtained":["Injury"]},{"damage_healed":0,"gold_gain":0,"player_choice":"Rummage","damage_taken":0,"relics_obtained":["WarpedTongs"],"max_hp_gain":0,"max_hp_loss":0,"event_name":"Accursed Blacksmith","floor":11,"gold_loss":0,"cards_obtained":["Pain"]},{"damage_healed":0,"gold_gain":0,"player_choice":"Bought 0 Potions","damage_taken":0,"max_hp_gain":0,"max_hp_loss":0,"event_name":"The Woman in Blue","floor":20,"gold_loss":0},{"damage_healed":0,"gold_gain":0,"player_choice":"Ignored","damage_taken":0,"max_hp_gain":0,"max_hp_loss":0,"event_name":"Beggar","floor":24,"gold_loss":0},{"damage_healed":0,"gold_gain":0,"player_choice":"Became a Ghost","damage_taken":0,"max_hp_gain":0,"max_hp_loss":40,"event_name":"Ghosts","floor":25,"gold_loss":0,"cards_obtained":["Ghostly","Ghostly","Ghostly","Ghostly","Ghostly"]},{"damage_healed":0,"gold_gain":0,"player_choice":"Upgrade","damage_taken":0,"max_hp_gain":0,"max_hp_loss":0,"event_name":"Designer","floor":30,"gold_loss":40,"cards_upgraded":["Metallicize"]},{"damage_healed":0,"gold_gain":0,"player_choice":"Fight","damage_taken":0,"max_hp_gain":0,"max_hp_loss":0,"event_name":"Mysterious Sphere","floor":37,"gold_loss":0}],"is_beta":false,"boss_relics":[{"not_picked":["Runic Pyramid","Tiny House"],"picked":"Sozu"},{"not_picked":["Velvet Choker","Cursed Key"],"picked":"Lizard Tail"}],"items_purged_floors":[21],"is_endless":false,"potions_floor_spawned":[5,10,13,14,16,19,22,29,31,37,38,39,41,46],"killed_by":"Donu and Deca","ascension_level":8}