{"gold_per_floor":[113,113,113,126,143,143,159,159,171,196,234,258,27,45,45,146,146,156,156,156,175,60,60,95,95,142,169,183,200,200,217,217,318,318,338,267,284,300,30,30],"floor_reached":40,"playtime":1207,"items_purged":[],"score":480,"play_id":"104d2fce-f301-407f-89de-d9fde92ffa8d","local_time":"20181118142133","is_ascension_mode":false,"campfire_choices":[{"data":"Pommel Strike","floor":6,"key":"SMITH"},{"floor":15,"key":"REST"},{"data":"Flame Barrier","floor":23,"key":"SMITH"},{"floor":25,"key":"REST"},{"floor":32,"key":"REST"}],"neow_cost":"NONE","seed_source_timestamp":418969186403471,"circlet_count":0,"master_deck":["Strike_R","Strike_R","Strike_R","Strike_R","Strike_R","Defend_R","Defend_R","Defend_R","Defend_R","Bash","Exhume","Flex","Pommel Strike+1","Flame Barrier+1","Power Through","Demon Form+1","Pummel","Pommel Strike","Impervious","Perfected Strike","Shame","Pommel Strike","Pummel","Sword Boomerang","Reckless Charge","Sword Boomerang","Heavy Blade+1","Flame Barrier+1","Double Tap","Sword Boomerang+1","Reckless Charge","Power Through","Pommel Strike","Wild Strike+1","Wild Strike","Warcry","Heavy Blade","Wild Strike+1","Pummel","Warcry"],"relics":["Burning Blood","MawBank","Frozen Egg 2","Letter Opener","Bottled Tornado","Sozu","Singing Bowl","Charon\u0027s Ashes","Meat on the Bone","PreservedInsect","Pantograph","Orrery","Strawberry"],"potions_floor_usage":[7,11,16,16,27],"damage_taken":[{"damage":14,"enemies":"Jaw Worm","floor":1,"turns":4},{"damage":5,"enemies":"Small Slimes","floor":4,"turns":3},{"damage":1,"enemies":"Cultist","floor":5,"turns":3},{"damage":2,"enemies":"3 Louse","floor":7,"turns":4},{"damage":5,"enemies":"Exordium Wildlife","floor":10,"turns":6},{"damage":37,"enemies":"Gremlin Nob","floor":11,"turns":5},{"damage":1,"enemies":"2 Fungi Beasts","floor":12,"turns":4},{"damage":22,"enemies":"Gremlin Gang","floor":14,"turns":4},{"damage":42,"enemies":"The Guardian","floor":16,"turns":8},{"damage":10,"enemies":"Chosen","floor":18,"turns":4},{"damage":20,"enemies":"Spheric Guardian","floor":21,"turns":4},{"damage":45,"enemies":"Gremlin Leader","floor":24,"turns":5},{"damage":23,"enemies":"Slavers","floor":27,"turns":4},{"damage":25,"enemies":"Snake Plant","floor":28,"turns":4},{"damage":5,"enemies":"Snecko","floor":29,"turns":4},{"damage":31,"enemies":"Cultist and Chosen","floor":31,"turns":5},{"damage":19,"enemies":"Champ","floor":33,"turns":7},{"damage":11,"enemies":"Orb Walker","floor":35,"turns":4},{"damage":20,"enemies":"3 Shapes","floor":37,"turns":4},{"damage":47,"enemies":"Jaw Worm Horde","floor":38,"turns":4},{"damage":52,"enemies":"Reptomancer","floor":40,"turns":2}],"seed_played":"-3996978186210305817","potions_obtained":[{"floor":4,"key":"SpeedPotion"},{"floor":5,"key":"Block Potion"},{"floor":12,"key":"Energy Potion"},{"floor":14,"key":"BloodPotion"},{"floor":16,"key":"EssenceOfSteel"}],"is_trial":false,"path_per_floor":["M","?","?","M","M","R","M","T","T","M","E","M","$","M","R","B",null,"M","?","T","M","$","R","E","R","T","E","M","M","?","M","R","B",null,"M","$","M","M","$","E"],"character_chosen":"IRONCLAD","items_purchased":["Bottled Tornado","Pummel","Sword Boomerang","Wild Strike","Warcry","Strawberry","Pummel","Warcry"],"campfire_rested":3,"item_purchase_floors":[13,22,22,36,36,39,39,39],"current_hp_per_floor":[72,72,72,73,78,78,80,80,80,80,49,54,54,38,62,34,80,76,76,76,62,62,62,25,49,49,44,37,50,50,39,64,71,86,81,81,67,38,45,0],"gold":30,"neow_bonus":"ONE_RANDOM_RARE_CARD","is_prod":false,"is_daily":false,"chose_seed":false,"campfire_upgraded":2,"win_rate":0,"timestamp":1542576093,"path_taken":["M","?","?","M","M","R","M","?","T","M","E","?","?","M","R","BOSS","M","?","?","M","$","R","E","R","T","E","M","M","?","M","R","BOSS","M","$","?","M","$","E"],"build_version":"2018-11-15","purchased_purges":0,"victory":false,"max_hp_per_floor":[80,80,80,80,80,80,80,80,80,80,80,80,80,80,80,80,80,80,80,80,80,80,80,82,82,82,82,82,82,82,84,84,84,86,86,86,86,86,93,93],"card_choices":[{"not_picked":["Warcry","Rage"],"picked":"Flex","floor":1},{"not_picked":["Combust","Clash"],"picked":"Pommel Strike","floor":4},{"not_picked":["Headbutt","Second Wind"],"picked":"Flame Barrier","floor":5},{"not_picked":["Clash","Sentinel"],"picked":"Power Through","floor":7},{"not_picked":["Headbutt","Sentinel","Entrench"],"picked":"SKIP","floor":10},{"not_picked":["Headbutt","Pummel"],"picked":"Demon Form+1","floor":11},{"not_picked":["Iron Wave","True Grit"],"picked":"Pummel","floor":12},{"not_picked":["Flex","Spot Weakness"],"picked":"Pommel Strike","floor":14},{"not_picked":["Exhume","Offering"],"picked":"Impervious","floor":16},{"not_picked":["Body Slam+1","Combust+1"],"picked":"Perfected Strike","floor":18},{"not_picked":["Clothesline","Heavy Blade"],"picked":"Pommel Strike","floor":21},{"not_picked":["Armaments","Intimidate","Rage"],"picked":"Singing Bowl","floor":24},{"not_picked":["Combust+1","Shockwave"],"picked":"Reckless Charge","floor":27},{"not_picked":["Flex","Second Wind"],"picked":"Sword Boomerang","floor":28},{"not_picked":["Shrug It Off","Dark Embrace+1"],"picked":"Heavy Blade+1","floor":29},{"not_picked":["Clothesline","Headbutt","Perfected Strike"],"picked":"Singing Bowl","floor":31},{"not_picked":["Fiend Fire","Bludgeon"],"picked":"Double Tap","floor":33},{"not_picked":["Rampage","Havoc"],"picked":"Sword Boomerang+1","floor":34},{"not_picked":["Havoc+1","Intimidate"],"picked":"Reckless Charge","floor":34},{"not_picked":["Hemokinesis+1","Second Wind","Warcry"],"picked":"Singing Bowl","floor":34},{"not_picked":["Entrench","Shockwave"],"picked":"Power Through","floor":34},{"not_picked":["Thunderclap","Anger+1"],"picked":"Pommel Strike","floor":34},{"not_picked":["Anger+1","Cleave+1"],"picked":"Wild Strike+1","floor":35},{"not_picked":["Rampage","Pommel Strike"],"picked":"Heavy Blade","floor":37},{"not_picked":["Infernal Blade+1","Sentinel+1"],"picked":"Wild Strike+1","floor":38}],"player_experience":1088797,"relics_obtained":[{"floor":8,"key":"MawBank"},{"floor":9,"key":"Frozen Egg 2"},{"floor":11,"key":"Letter Opener"},{"floor":20,"key":"Charon\u0027s Ashes"},{"floor":24,"key":"Meat on the Bone"},{"floor":26,"key":"PreservedInsect"},{"floor":27,"key":"Pantograph"}],"event_choices":[{"damage_healed":0,"gold_gain":0,"player_choice":"Ignored","damage_taken":0,"max_hp_gain":0,"max_hp_loss":0,"event_name":"Shining Light","floor":2,"gold_loss":0},{"damage_healed":0,"gold_gain":0,"player_choice":"Ignored","damage_taken":0,"max_hp_gain":0,"max_hp_loss":0,"event_name":"Golden Wing","floor":3,"gold_loss":0},{"damage_healed":0,"gold_gain":0,"player_choice":"Stole Relic","damage_taken":0,"relics_obtained":["Singing Bowl"],"max_hp_gain":0,"max_hp_loss":0,"event_name":"Addict","floor":19,"gold_loss":0,"cards_obtained":["Shame"]},{"damage_healed":0,"gold_gain":0,"player_choice":"Copied","damage_taken":0,"max_hp_gain":0,"max_hp_loss":0,"event_name":"Duplicator","floor":30,"gold_loss":0,"cards_obtained":["Flame Barrier"]}],"is_beta":false,"boss_relics":[{"not_picked":["Pandora\u0027s Box","Runic Dome"],"picked":"Sozu"},{"not_picked":["Lizard Tail","Busted Crown"],"picked":"Orrery"}],"items_purged_floors":[],"is_endless":false,"potions_floor_spawned":[4,5,12,14,16,18,21,24,27,33],"killed_by":"Reptomancer","ascension_level":0}