{"gold_per_floor":[117,128,19,34,34,34,61,61,88,122,122,70,70],"floor_reached":13,"playtime":516,"items_purged":["Strike_R"],"score":159,"play_id":"b249828d-079d-444b-85f4-c629206396ed","local_time":"20190408021801","is_ascension_mode":true,"campfire_choices":[{"data":"Whirlwind","floor":6,"key":"SMITH"},{"data":"Bash","floor":8,"key":"SMITH"}],"neow_cost":"NONE","seed_source_timestamp":1997678819701815,"circlet_count":0,"master_deck":["AscendersBane","Strike_R","Strike_R","Strike_R","Defend_R","Defend_R","Defend_R","Defend_R","Bash+1","Wild Strike","Whirlwind+1","Sword Boomerang","Feel No Pain","Reckless Charge","Shrug It Off","Disarm","True Grit"],"relics":["Burning Blood","Regal Pillow","Bag of Preparation","Oddly Smooth Stone","Singing Bowl"],"potions_floor_usage":[10,13],"damage_taken":[{"damage":1,"enemies":"Cultist","floor":1,"turns":4},{"damage":8,"enemies":"Jaw Worm","floor":2,"turns":4},{"damage":5,"enemies":"Small Slimes","floor":4,"turns":4},{"damage":26,"enemies":"Gremlin Nob","floor":7,"turns":4},{"damage":24,"enemies":"3 Sentries","floor":10,"turns":8},{"damage":27,"enemies":"Gremlin Nob","floor":13,"turns":4}],"seed_played":"-571126686818258291","potions_obtained":[{"floor":7,"key":"Regen Potion"},{"floor":10,"key":"Swift Potion"}],"is_trial":false,"path_per_floor":["?","?","$"],"character_chosen":"IRONCLAD","items_purchased":["Feel No Pain","True Grit"],"campfire_rested":0,"item_purchase_floors":[3,12],"current_hp_per_floor":[73,71,71,72,77,77,57,57,57,54,19,19,0],"gold":70,"neow_bonus":"TRANSFORM_CARD","is_prod":false,"is_daily":false,"chose_seed":false,"campfire_upgraded":2,"win_rate":0,"timestamp":1554704281,"path_taken":["M","M","$","M","?","R","E","R","T","E","?","?","E"],"build_version":"2019-01-23","purchased_purges":1,"victory":false,"max_hp_per_floor":[75,75,75,75,80,80,80,80,80,80,80,80,80],"card_choices":[{"not_picked":["Armaments","Perfected Strike"],"picked":"Whirlwind","floor":1},{"not_picked":["Headbutt","Flex"],"picked":"Sword Boomerang","floor":2},{"not_picked":["Shrug It Off","Power Through"],"picked":"Reckless Charge","floor":4},{"not_picked":["Armaments","Twin Strike"],"picked":"Shrug It Off","floor":7},{"not_picked":["True Grit","Iron Wave"],"picked":"Disarm","floor":10}],"player_experience":1605910,"relics_obtained":[{"floor":7,"key":"Regal Pillow"},{"floor":9,"key":"Bag of Preparation"},{"floor":10,"key":"Oddly Smooth Stone"}],"event_choices":[{"damage_healed":0,"gold_gain":0,"player_choice":"Donut","damage_taken":0,"max_hp_gain":5,"max_hp_loss":0,"event_name":"Big Fish","floor":5,"gold_loss":0},{"damage_healed":0,"gold_gain":0,"player_choice":"Success","damage_taken":35,"relics_obtained":["Singing Bowl"],"max_hp_gain":0,"max_hp_loss":0,"event_name":"Scrap Ooze","floor":11,"gold_loss":0}],"is_beta":false,"boss_relics":[],"items_purged_floors":[3],"is_endless":false,"potions_floor_spawned":[7,10],"killed_by":"Gremlin Nob","ascension_level":15}