{"gold_per_floor":[111,124,75,75,93,93,117,117,117,161,161,177,177,195,195,323,323,339,360,360],"floor_reached":20,"playtime":929,"items_purged":[],"score":201,"play_id":"a52afd89-ab31-40b9-9092-29914909d37b","local_time":"20180731230942","daily_mods":["Specialized","Uncertain Future"],"is_ascension_mode":false,"campfire_choices":[{"floor":11,"key":"REST"},{"data":"Infinite Blades","floor":13,"key":"SMITH"},{"floor":15,"key":"REST"}],"neow_cost":"","seed_source_timestamp":0,"circlet_count":0,"master_deck":["Defend_G","Defend_G","Defend_G","Defend_G","Defend_G","Strike_G","Strike_G","Strike_G","Strike_G","Strike_G","Survivor","Neutralize","Glass Knife","Glass Knife","Glass Knife","Glass Knife","Glass Knife","Backflip","Distraction","Outmaneuver","Infinite Blades+1","Dagger Spray","Deadly Poison","Footwork","Outmaneuver","After Image","Writhe","Normality","Parasite","Dodge and Roll","Poisoned Stab"],"relics":["Ring of the Snake","Golden Idol","The Courier","Oddly Smooth Stone","Gambling Chip","Calling Bell","Centennial Puzzle","Paper Crane","Tough Bandages"],"potions_floor_usage":[10,16],"damage_taken":[{"damage":0,"enemies":"2 Louse","floor":1,"turns":1},{"damage":3,"enemies":"Jaw Worm","floor":2,"turns":2},{"damage":7,"enemies":"Small Slimes","floor":5,"turns":3},{"damage":8,"enemies":"Blue Slaver","floor":7,"turns":3},{"damage":13,"enemies":"Lagavulin","floor":10,"turns":4},{"damage":4,"enemies":"Looter","floor":12,"turns":3},{"damage":6,"enemies":"2 Fungi Beasts","floor":14,"turns":3},{"damage":30,"enemies":"Hexaghost","floor":16,"turns":9},{"damage":22,"enemies":"2 Thieves","floor":18,"turns":5},{"damage":20,"enemies":"Chosen","floor":19,"turns":6},{"damage":23,"enemies":"3 Cultists","floor":20,"turns":4}],"seed_played":"13027011418","potions_obtained":[{"floor":5,"key":"SkillPotion"},{"floor":7,"key":"LiquidBronze"},{"floor":16,"key":"LiquidBronze"}],"is_trial":true,"path_per_floor":["M","M","$","?","M","?","M","?","T","E","R","M","R","M","R","B",null,"M","M"],"character_chosen":"THE_SILENT","items_purchased":["Outmaneuver"],"campfire_rested":2,"item_purchase_floors":[3],"current_hp_per_floor":[70,67,67,65,58,58,50,38,38,25,44,40,40,34,53,23,65,43,23,0],"gold":360,"neow_bonus":"","is_prod":false,"is_daily":false,"chose_seed":true,"campfire_upgraded":1,"win_rate":0.0,"timestamp":1533100182,"path_taken":["M","M","$","?","M","?","M","?","T","E","R","M","R","M","R","BOSS","M","M","M"],"build_version":"2018-07-26","purchased_purges":0,"victory":false,"max_hp_per_floor":[70,70,70,65,65,65,65,65,65,65,65,65,65,65,65,65,65,65,65,65],"card_choices":[{"not_picked":["Masterful Stab","Prepared"],"picked":"Backflip","floor":1},{"not_picked":["Prepared","Riddle With Holes"],"picked":"Distraction","floor":2},{"not_picked":["Well Laid Plans","Slice"],"picked":"Infinite Blades","floor":5},{"not_picked":["Flying Knee","Heel Hook"],"picked":"Dagger Spray","floor":7},{"not_picked":["PiercingWail","Heel Hook"],"picked":"Deadly Poison","floor":10},{"not_picked":["Expertise","Sucker Punch"],"picked":"Footwork","floor":12},{"not_picked":["Acrobatics","Bane"],"picked":"Outmaneuver","floor":14},{"not_picked":["Burst","Bullet Time"],"picked":"After Image","floor":16},{"not_picked":["Deadly Poison","Outmaneuver"],"picked":"Dodge and Roll","floor":18},{"not_picked":["Outmaneuver+1","Wraith Form v2"],"picked":"Poisoned Stab","floor":19}],"player_experience":140328,"relics_obtained":[{"floor":9,"key":"Oddly Smooth Stone"},{"floor":10,"key":"Gambling Chip"},{"floor":17,"key":"Centennial Puzzle"},{"floor":17,"key":"Paper Crane"},{"floor":17,"key":"Tough Bandages"}],"event_choices":[{"event_name":"Golden Idol","player_choice":"Lose Max HP","floor":4,"damage_taken":0},{"event_name":"The Cleric","player_choice":"Leave","floor":6,"damage_taken":0},{"event_name":"Scrap Ooze","player_choice":"success","floor":8,"damage_taken":12}],"is_beta":false,"boss_relics":[{"not_picked":["Runic Dome","Sozu"],"picked":"Calling Bell"}],"items_purged_floors":[],"is_endless":false,"potions_floor_spawned":[5,7,16],"killed_by":"3 Cultists","ascension_level":0}