{"gold_per_floor":[119,119,119,7,17,44,44,73,73,117,141,179,203,228,240,347,359,381,409,421,17,28,53,53,73,73,91,24,24,24,24,24,120,120,134,144,144],"floor_reached":37,"playtime":2258,"items_purged":["Defend_G"],"score":490,"play_id":"475bd981-f32a-4af3-bfac-56832274db09","local_time":"20180822233513","is_ascension_mode":true,"campfire_choices":[{"data":"Noxious Fumes","floor":7,"key":"SMITH"},{"floor":15,"key":"REST"},{"floor":24,"key":"REST"},{"data":"Trip","floor":30,"key":"SMITH"},{"floor":32,"key":"REST"}],"neow_cost":"NONE","seed_source_timestamp":510446138632228,"circlet_count":0,"master_deck":["Defend_G","Defend_G","Defend_G","Defend_G","Survivor","Neutralize+1","Blade Dance","Noxious Fumes+1","Dagger Throw+1","Catalyst","Burst","Blade Dance","Poisoned Stab","Poisoned Stab","Deflect","Slice","Venomology","PiercingWail","Outmaneuver+1","Bite","Bite","Bite","Bite","Bite","Acrobatics","Trip+1","PiercingWail","Die Die Die+1","PiercingWail","Dagger Spray+1","Noxious Fumes","Bite+1","Dagger Throw+1","Storm of Steel","Crippling Poison+1"],"relics":["Runic Pyramid","Paper Crane","Dead Branch","MawBank","Whetstone","Dream Catcher","Black Star","Thread and Needle","Mercury Hourglass","Molten Egg 2","Smiling Mask","Enchiridion","WristBlade"],"potions_floor_usage":[16,18,22,23,23,23,27,33,33,36],"damage_taken":[{"damage":2,"enemies":"2 Louse","floor":1,"turns":3},{"damage":2,"enemies":"Small Slimes","floor":5,"turns":3},{"damage":28,"enemies":"Lagavulin","floor":6,"turns":10},{"damage":10,"enemies":"3 Sentries","floor":8,"turns":7},{"damage":20,"enemies":"Lagavulin","floor":10,"turns":6},{"damage":0,"enemies":"Cultist","floor":11,"turns":3},{"damage":3,"enemies":"Gremlin Nob","floor":12,"turns":4},{"damage":0,"enemies":"2 Fungi Beasts","floor":13,"turns":3},{"damage":6,"enemies":"Blue Slaver","floor":14,"turns":3},{"damage":4,"enemies":"Slime Boss","floor":16,"turns":9},{"damage":9,"enemies":"3 Byrds","floor":18,"turns":5},{"damage":33,"enemies":"Spheric Guardian","floor":19,"turns":6},{"damage":15,"enemies":"Snecko","floor":22,"turns":6},{"damage":16,"enemies":"Book of Stabbing","floor":23,"turns":5},{"damage":13,"enemies":"Snake Plant","floor":25,"turns":4},{"damage":0,"enemies":"Centurion and Healer","floor":27,"turns":4},{"damage":13,"enemies":"Champ","floor":33,"turns":10},{"damage":5,"enemies":"3 Darklings","floor":35,"turns":4},{"damage":23,"enemies":"Flame Bruiser 1 Orb","floor":36,"turns":5},{"damage":46,"enemies":"Maw","floor":37,"turns":7}],"seed_played":"-4413842564396600696","potions_obtained":[{"floor":8,"key":"Block Potion"},{"floor":12,"key":"FearPotion"},{"floor":13,"key":"Energy Potion"},{"floor":14,"key":"Regen Potion"},{"floor":16,"key":"Poison Potion"},{"floor":23,"key":"GhostInAJar"},{"floor":25,"key":"SkillPotion"},{"floor":33,"key":"FearPotion"}],"is_trial":false,"path_per_floor":["M","?","?","$","M","E","R","E","T","E","M","E","M","M","R","B",null,"M","M","?","$","M","E","R","M","T","M","$","?","R","?","R","B",null,"M","M"],"character_chosen":"THE_SILENT","items_purchased":["Noxious Fumes","Acrobatics","Trip","Thread and Needle","Noxious Fumes"],"campfire_rested":3,"item_purchase_floors":[4,21,21,21,28],"current_hp_per_floor":[68,73,73,73,71,43,43,33,33,13,13,10,10,4,26,37,75,66,33,33,33,30,24,39,32,32,40,40,40,40,24,39,43,52,49,34,0],"gold":144,"neow_bonus":"BOSS_RELIC","is_prod":false,"is_daily":false,"chose_seed":false,"campfire_upgraded":2,"win_rate":0,"timestamp":1535002513,"path_taken":["M","?","?","$","M","E","R","E","T","E","?","E","M","M","R","BOSS","M","M","?","$","M","E","R","M","T","?","$","?","R","?","R","BOSS","M","?","M"],"build_version":"2018-08-16","purchased_purges":1,"victory":false,"max_hp_per_floor":[70,75,75,75,75,75,75,75,75,75,75,75,75,75,75,75,75,75,75,52,52,52,52,52,52,52,52,52,52,52,52,52,52,52,52,52,52],"card_choices":[{"not_picked":["PiercingWail","Concentrate"],"picked":"Blade Dance","floor":1},{"not_picked":["Bane","Eviscerate"],"picked":"Dagger Throw","floor":5},{"not_picked":["PiercingWail","Prepared"],"picked":"Catalyst","floor":6},{"not_picked":["PiercingWail","Reflex"],"picked":"Burst","floor":8},{"not_picked":["Escape Plan","Dash"],"picked":"Blade Dance","floor":10},{"not_picked":["Endless Agony","Calculated Gamble"],"picked":"Poisoned Stab","floor":11},{"not_picked":["Outmaneuver","Escape Plan"],"picked":"Poisoned Stab","floor":12},{"not_picked":["Cloak And Dagger","Choke","Quick Slash"],"picked":"SKIP","floor":13},{"not_picked":["Unload","All Out Attack"],"picked":"Deflect","floor":14},{"not_picked":["PiercingWail","Cloak And Dagger"],"picked":"Slice","floor":15},{"not_picked":["Envenom","Doppelganger"],"picked":"Venomology","floor":16},{"not_picked":["Dash+1","Cloak And Dagger"],"picked":"PiercingWail","floor":18},{"not_picked":["Flechettes","Predator+1"],"picked":"Outmaneuver+1","floor":19},{"not_picked":["Well Laid Plans+1","Poisoned Stab","Underhanded Strike"],"picked":"SKIP","floor":22},{"not_picked":["Blur","Finisher"],"picked":"PiercingWail","floor":23},{"not_picked":["Tactician","Caltrops"],"picked":"Die Die Die+1","floor":24},{"not_picked":["Dodge and Roll","Acrobatics"],"picked":"PiercingWail","floor":25},{"not_picked":["Dodge and Roll","Deadly Poison+1"],"picked":"Dagger Spray+1","floor":27},{"not_picked":["Sucker Punch+1","Backflip"],"picked":"Dagger Throw+1","floor":32},{"not_picked":["Doppelganger","Tools of the Trade"],"picked":"Storm of Steel","floor":33},{"not_picked":["Catalyst","Blur","Backflip+1"],"picked":"SKIP","floor":35},{"not_picked":["Acrobatics+1","Dodge and Roll+1"],"picked":"Crippling Poison+1","floor":36}],"player_experience":315461,"relics_obtained":[{"floor":6,"key":"Paper Crane"},{"floor":8,"key":"Dead Branch"},{"floor":9,"key":"MawBank"},{"floor":10,"key":"Whetstone"},{"floor":12,"key":"Dream Catcher"},{"floor":23,"key":"Mercury Hourglass"},{"floor":23,"key":"Molten Egg 2"},{"floor":26,"key":"Smiling Mask"},{"floor":31,"key":"Enchiridion"}],"event_choices":[{"event_name":"Big Fish","player_choice":"Donut","floor":2,"damage_taken":0},{"event_name":"Liars Game","player_choice":"disagreed","floor":3,"damage_taken":0},{"event_name":"Vampires","player_choice":"Became a vampire","floor":20,"damage_taken":0},{"event_name":"Duplicator","player_choice":"One dupe","floor":29,"damage_taken":0},{"event_name":"Cursed Tome","player_choice":"Obtained Book","floor":31,"damage_taken":0}],"is_beta":false,"boss_relics":[{"not_picked":["Coffee Dripper","Velvet Choker"],"picked":"Black Star"},{"not_picked":["Tiny House","White Beast Statue"],"picked":"WristBlade"}],"items_purged_floors":[4],"is_endless":false,"potions_floor_spawned":[8,12,13,14,16,18,19,23,25,33],"killed_by":"Maw","ascension_level":1}