{"path_per_floor":["M","?","?","M","M","E","R","M","T","R","M","M","M","$","R","B",null,"M","M","$","M","?","R","$","M","T","?"],"character_chosen":"IRONCLAD","items_purchased":["Pantograph","Exhume","Frozen Egg 2","Combust"],"gold_per_floor":[118,293,543,557,572,603,603,619,697,697,708,725,740,271,271,376,376,393,408,94,111,36,36,36,49,49,49,49],"floor_reached":28,"campfire_rested":0,"playtime":1298,"current_hp_per_floor":[45,45,45,51,57,32,32,38,38,38,37,39,45,45,45,48,80,72,56,56,42,42,42,42,32,32,32,25],"items_purged":["Regret"],"gold":49,"score":222,"play_id":"fff7a1b3-33f1-4524-a2cc-fdc9866c92f7","local_time":"20180415042816","is_prod":false,"is_daily":false,"chose_seed":false,"is_ascension_mode":false,"campfire_upgraded":4,"timestamp":1523780896,"path_taken":["M","?","?","M","M","E","R","M","T","R","?","M","M","$","R","BOSS","M","M","$","M","?","R","$","M","T","?","E"],"build_version":"2018-04-13","seed_source_timestamp":384158909604124,"purchased_purges":1,"victory":false,"master_deck":["Strike_R","Strike_R","Strike_R","Strike_R","Strike_R","Defend_R","Defend_R","Defend_R","Defend_R","Bash+1","Perfected Strike+1","Flex","Flex","Wild Strike","Intimidate+1","Bloodletting","Exhume","Dark Embrace+1","Disarm","Evolve","Combust+1","Inflame+1","Reckless Charge","Normality"],"max_hp_per_floor":[80,80,80,80,80,80,80,80,80,80,80,80,80,80,80,80,80,80,80,80,80,80,80,80,80,80,80,80],"relics":["Burning Blood","Thread and Needle","Bottled Flame","Toolbox","Pantograph","Sozu","Frozen Egg 2","Mercury Hourglass","Oddly Smooth Stone"],"card_choices":[{"not_picked":["Sword Boomerang","Havoc"],"picked":"Perfected Strike","floor":1},{"not_picked":["Rupture","Warcry"],"picked":"Flex","floor":4},{"not_picked":["Headbutt","Cleave"],"picked":"Flex","floor":5},{"not_picked":["Hemokinesis","Thunderclap"],"picked":"Wild Strike","floor":6},{"not_picked":["True Grit","Clothesline"],"picked":"Intimidate","floor":8},{"not_picked":["True Grit","Hemokinesis"],"picked":"Bloodletting","floor":13},{"not_picked":["Barricade","Feed"],"picked":"Dark Embrace","floor":16},{"not_picked":["Sword Boomerang","Twin Strike"],"picked":"Disarm","floor":18},{"not_picked":["Anger","Flex"],"picked":"Evolve","floor":19},{"not_picked":["Sentinel","Armaments"],"picked":"Inflame","floor":21},{"not_picked":["Clash","Anger"],"picked":"Reckless Charge","floor":25}],"player_experience":95032,"potions_floor_usage":[12,13,16,16],"damage_taken":[{"damage":1,"enemies":"Jaw Worm","floor":1,"turns":5},{"damage":0,"enemies":"Small Slimes","floor":4,"turns":3},{"damage":0,"enemies":"2 Louse","floor":5,"turns":2},{"damage":31,"enemies":"Gremlin Nob","floor":6,"turns":5},{"damage":0,"enemies":"2 Fungi Beasts","floor":8,"turns":3},{"damage":7,"enemies":"Exordium Thugs","floor":11,"turns":5},{"damage":4,"enemies":"Blue Slaver","floor":12,"turns":2},{"damage":0,"enemies":"Red Slaver","floor":13,"turns":3},{"damage":28,"enemies":"The Guardian","floor":16,"turns":10},{"damage":14,"enemies":"2 Thieves","floor":18,"turns":5},{"damage":22,"enemies":"Spheric Guardian","floor":19,"turns":6},{"damage":20,"enemies":"Snake Plant","floor":21,"turns":5},{"damage":16,"enemies":"3 Cultists","floor":25,"turns":6},{"damage":7,"enemies":"Gremlin Leader","floor":28,"turns":4}],"event_choices":[{"event_name":"Liars Game","player_choice":"agreed","floor":2,"damage_taken":0},{"event_name":"Golden Shrine","player_choice":"Desecrate","floor":3,"damage_taken":0},{"event_name":"Beggar","player_choice":"Gave Gold","floor":22,"damage_taken":0},{"event_name":"Accursed Blacksmith","player_choice":"Rummage","floor":27,"damage_taken":0}],"boss_relics":[{"not_picked":["Black Star","Ectoplasm"],"picked":"Sozu"}],"potions_floor_spawned":[4,5,8,13,19,25],"seed_played":"-6140368561632248450","killed_by":"Gremlin Leader","ascension_level":0,"is_trial":false}