{"gold_per_floor":[114,124,135,145,157,184,201,214,214,214,139,139,166,166,166,262,262,282,293,311,311,1,34,50,50,50,75,75],"floor_reached":28,"playtime":2380,"items_purged":["Strike_R"],"score":252,"play_id":"de6cf48f-0f69-4ce8-9700-d0bff2fd57d8","local_time":"20190317181900","is_ascension_mode":false,"campfire_choices":[{"data":"Pommel Strike","floor":10,"key":"SMITH"},{"data":"Inflame","floor":12,"key":"SMITH"},{"data":"Combust","floor":15,"key":"SMITH"},{"data":"Disarm","floor":25,"key":"SMITH"}],"neow_cost":"TEN_PERCENT_HP_LOSS","seed_source_timestamp":152674012831405,"circlet_count":0,"master_deck":["Strike_R","Strike_R","Strike_R","Strike_R","Defend_R","Defend_R","Defend_R","Defend_R","Bash","Disarm+1","Armaments","Pommel Strike+1","Headbutt","Offering","Inflame+1","Uppercut","Flex","Combust+1","Immolate","Uppercut","Flame Barrier+1","Thunderclap","Feel No Pain","Disarm","Pummel+1"],"relics":["Burning Blood","Gambling Chip","Strawberry","Bird Faced Urn","Paper Frog","Black Star","Boot","Medical Kit","Question Card","Mango","Darkstone Periapt","Red Mask"],"potions_floor_usage":[20,23,23,28],"damage_taken":[{"damage":1,"enemies":"Cultist","floor":1,"turns":3},{"damage":2,"enemies":"2 Louse","floor":2,"turns":4},{"damage":4,"enemies":"Jaw Worm","floor":3,"turns":5},{"damage":17,"enemies":"Lots of Slimes","floor":4,"turns":8},{"damage":0,"enemies":"2 Fungi Beasts","floor":5,"turns":4},{"damage":10,"enemies":"3 Sentries","floor":6,"turns":10},{"damage":12,"enemies":"Red Slaver","floor":7,"turns":5},{"damage":7,"enemies":"Looter","floor":8,"turns":4},{"damage":29,"enemies":"Lagavulin","floor":13,"turns":6},{"damage":58,"enemies":"The Guardian","floor":16,"turns":11},{"damage":16,"enemies":"Shell Parasite","floor":18,"turns":5},{"damage":25,"enemies":"Spheric Guardian","floor":19,"turns":4},{"damage":32,"enemies":"Cultist and Chosen","floor":20,"turns":8},{"damage":29,"enemies":"Book of Stabbing","floor":23,"turns":6},{"damage":18,"enemies":"Shelled Parasite and Fungi","floor":24,"turns":9},{"damage":8,"enemies":"Masked Bandits","floor":27,"turns":3},{"damage":31,"enemies":"Slavers","floor":28,"turns":2}],"seed_played":"4902405897928158682","potions_obtained":[{"floor":3,"key":"Swift Potion"},{"floor":6,"key":"Swift Potion"},{"floor":7,"key":"Poison Potion"},{"floor":13,"key":"PowerPotion"},{"floor":24,"key":"Poison Potion"}],"is_trial":false,"path_per_floor":["$","?","T","?"],"character_chosen":"IRONCLAD","items_purchased":["Feel No Pain","Disarm","Medical Kit"],"campfire_rested":0,"item_purchase_floors":[22,22,22],"current_hp_per_floor":[72,72,72,61,67,70,64,63,63,63,63,63,42,79,79,29,79,71,54,32,32,32,29,21,21,21,23,0],"gold":75,"neow_bonus":"ONE_RARE_RELIC","is_prod":false,"is_daily":false,"chose_seed":false,"campfire_upgraded":4,"win_rate":0,"timestamp":1552861140,"path_taken":["M","M","M","M","M","E","M","M","T","R","?","R","E","?","R","BOSS","M","M","M","?","$","E","M","R","T","?","E"],"build_version":"2019-01-23","purchased_purges":1,"victory":false,"max_hp_per_floor":[72,72,72,72,72,79,79,79,79,79,79,79,79,79,79,79,79,79,79,79,79,79,93,93,93,93,93,93],"card_choices":[{"not_picked":["Body Slam","Headbutt"],"picked":"Disarm","floor":1},{"not_picked":["Dropkick","Rupture"],"picked":"Armaments","floor":2},{"not_picked":["Wild Strike","Twin Strike"],"picked":"Pommel Strike","floor":3},{"not_picked":["Body Slam","Perfected Strike"],"picked":"Headbutt","floor":4},{"not_picked":["Pummel","Entrench"],"picked":"Offering","floor":5},{"not_picked":["Iron Wave","Pommel Strike"],"picked":"Inflame","floor":6},{"not_picked":["Dual Wield","Armaments"],"picked":"Uppercut","floor":7},{"not_picked":["Clash","Sentinel"],"picked":"Flex","floor":8},{"not_picked":["Cleave","Anger"],"picked":"Combust","floor":13},{"not_picked":["Brutality","Double Tap"],"picked":"Immolate","floor":16},{"not_picked":["Flex","Clash"],"picked":"Uppercut","floor":18},{"not_picked":["Wild Strike","Reckless Charge"],"picked":"Flame Barrier+1","floor":19},{"not_picked":["Entrench","Perfected Strike"],"picked":"Thunderclap","floor":20},{"not_picked":["Rupture","Battle Trance"],"picked":"Pummel+1","floor":23},{"not_picked":["Searing Blow+1","Havoc","Perfected Strike","Cleave"],"picked":"SKIP","floor":24},{"not_picked":["Searing Blow+1","Havoc","Perfected Strike","Cleave"],"picked":"SKIP","floor":24}],"player_experience":715015,"relics_obtained":[{"floor":6,"key":"Strawberry"},{"floor":9,"key":"Bird Faced Urn"},{"floor":13,"key":"Paper Frog"},{"floor":21,"key":"Boot"},{"floor":23,"key":"Question Card"},{"floor":23,"key":"Mango"},{"floor":26,"key":"Darkstone Periapt"},{"floor":27,"key":"Red Mask"}],"event_choices":[{"damage_healed":37,"gold_gain":0,"player_choice":"Full Heal","damage_taken":0,"max_hp_gain":0,"max_hp_loss":0,"event_name":"Wheel of Change","floor":14,"gold_loss":0},{"damage_healed":0,"gold_gain":0,"player_choice":"Fought Bandits","damage_taken":0,"max_hp_gain":0,"max_hp_loss":0,"event_name":"Masked Bandits","floor":27,"gold_loss":0}],"is_beta":false,"boss_relics":[{"not_picked":["Runic Cube","Snecko Eye"],"picked":"Black Star"}],"items_purged_floors":[11],"is_endless":false,"potions_floor_spawned":[3,6,7,13,24],"killed_by":"Slavers","ascension_level":0}