{"gold_per_floor":[110,130,130,130,144,144,161,161,161,161,1,1,1,35,35,35],"floor_reached":16,"playtime":1127,"items_purged":["Strike_G"],"score":108,"play_id":"63d0336e-3fee-44a7-a0fe-b5490467b763","local_time":"20190407192702","is_ascension_mode":true,"campfire_choices":[{"data":"Neutralize","floor":6,"key":"SMITH"},{"floor":8,"key":"REST"},{"floor":10,"key":"RECALL"},{"data":"Caltrops","floor":15,"key":"SMITH"}],"neow_cost":"NONE","seed_source_timestamp":720120285682700,"circlet_count":0,"master_deck":["Defend_G","Defend_G","Defend_G","Defend_G","Defend_G+1","Strike_G","Strike_G","Strike_G","Strike_G+1","Survivor","Neutralize+1","Flying Knee","Blur","Backflip","Caltrops+1"],"relics":["Ring of the Snake","Juzu Bracelet","Ornamental Fan","Toxic Egg 2"],"potions_floor_usage":[7,14,14,14,14,14,16,16],"damage_taken":[{"damage":0,"enemies":"Cultist","floor":1,"turns":3},{"damage":6,"enemies":"Small Slimes","floor":2,"turns":5},{"damage":1,"enemies":"Jaw Worm","floor":5,"turns":4},{"damage":13,"enemies":"Large Slime","floor":7,"turns":8},{"damage":2,"enemies":"Lagavulin","floor":14,"turns":8},{"damage":63,"enemies":"Slime Boss","floor":16,"turns":14}],"seed_played":"342836834882161223","potions_obtained":[{"floor":5,"key":"Explosive Potion"},{"floor":13,"key":"SpeedPotion"},{"floor":13,"key":"EssenceOfSteel"},{"floor":13,"key":"EntropicBrew"},{"floor":14,"key":"Explosive Potion"}],"is_trial":false,"path_per_floor":["M","M","?","?","M","R","M","R","T","R","$","?","?","E","R","B"],"character_chosen":"THE_SILENT","items_purchased":["Backflip","Caltrops"],"campfire_rested":1,"item_purchase_floors":[11,11],"current_hp_per_floor":[70,64,69,54,53,53,40,62,62,62,62,62,62,60,60,0],"gold":35,"neow_bonus":"RANDOM_COMMON_RELIC","is_prod":false,"is_daily":false,"chose_seed":false,"campfire_upgraded":2,"win_rate":0,"timestamp":1554679622,"path_taken":["M","M","?","?","M","R","M","R","T","R","$","?","?","E","R","BOSS"],"build_version":"2019-01-23","purchased_purges":1,"victory":false,"max_hp_per_floor":[70,70,75,75,75,75,75,75,75,75,75,75,75,75,75,75],"card_choices":[{"not_picked":["Underhanded Strike","PiercingWail","Deflect"],"picked":"SKIP","floor":1},{"not_picked":["Deflect","Deadly Poison"],"picked":"Flying Knee","floor":2},{"not_picked":["Sucker Punch","Deadly Poison"],"picked":"Blur","floor":5},{"not_picked":["PiercingWail","Wraith Form v2","Expertise"],"picked":"SKIP","floor":7},{"not_picked":["Prepared","PiercingWail","Underhanded Strike"],"picked":"SKIP","floor":14}],"player_experience":238688,"relics_obtained":[{"floor":9,"key":"Ornamental Fan"},{"floor":14,"key":"Toxic Egg 2"}],"event_choices":[{"damage_healed":0,"gold_gain":0,"player_choice":"Donut","damage_taken":0,"max_hp_gain":5,"max_hp_loss":0,"event_name":"Big Fish","floor":3,"gold_loss":0},{"damage_healed":0,"gold_gain":0,"player_choice":"Entered Light","damage_taken":15,"max_hp_gain":0,"max_hp_loss":0,"event_name":"Shining Light","floor":4,"gold_loss":0,"cards_upgraded":["Strike_G","Defend_G"]},{"damage_healed":0,"gold_gain":0,"player_choice":"Leave","damage_taken":0,"max_hp_gain":0,"max_hp_loss":0,"event_name":"The Cleric","floor":12,"gold_loss":0},{"damage_healed":0,"gold_gain":0,"player_choice":"Got Potions","damage_taken":0,"max_hp_gain":0,"max_hp_loss":0,"event_name":"Lab","floor":13,"gold_loss":0}],"is_beta":false,"boss_relics":[],"items_purged_floors":[11],"is_endless":false,"potions_floor_spawned":[5,14],"killed_by":"Slime Boss","ascension_level":2}