{"gold_per_floor":[111,126,144,144,219,252,266,266],"floor_reached":8,"playtime":422,"items_purged":[],"score":73,"play_id":"83818264-2f1d-42d8-8242-fcad20efab43","local_time":"20190320005951","is_ascension_mode":true,"campfire_choices":[],"neow_cost":"NONE","seed_source_timestamp":351482649343217,"circlet_count":0,"master_deck":["Strike_R","Strike_R","Strike_R","Strike_R","Strike_R","Defend_R","Defend_R","Defend_R","Defend_R","Bash","Flame Barrier","Shrug It Off","Clothesline","Inflame"],"relics":["Burning Blood","Omamori","Blood Vial","Boot"],"potions_floor_usage":[3,7],"damage_taken":[{"damage":3,"enemies":"2 Louse","floor":1,"turns":4},{"damage":7,"enemies":"Small Slimes","floor":2,"turns":5},{"damage":1,"enemies":"Jaw Worm","floor":3,"turns":5},{"damage":73,"enemies":"Gremlin Nob","floor":6,"turns":7},{"damage":9,"enemies":"Gremlin Gang","floor":7,"turns":10},{"damage":15,"enemies":"Lots of Slimes","floor":8,"turns":1}],"seed_played":"-315755125260971655","potions_obtained":[{"floor":3,"key":"Fruit Juice"},{"floor":6,"key":"SkillPotion"}],"is_trial":false,"path_per_floor":["?","?"],"character_chosen":"IRONCLAD","items_purchased":[],"campfire_rested":0,"item_purchase_floors":[],"current_hp_per_floor":[80,79,85,85,74,9,8,0],"gold":266,"neow_bonus":"RANDOM_COMMON_RELIC","is_prod":false,"is_daily":false,"chose_seed":false,"campfire_upgraded":0,"win_rate":0,"timestamp":1553057991,"path_taken":["M","M","M","?","?","E","M","M"],"build_version":"2019-01-23","purchased_purges":0,"victory":false,"max_hp_per_floor":[80,80,85,85,85,85,85,85],"card_choices":[{"not_picked":["Wild Strike","Intimidate","Ghostly Armor"],"picked":"SKIP","floor":1},{"not_picked":["Clothesline","Shrug It Off"],"picked":"Flame Barrier","floor":2},{"not_picked":["Hemokinesis","Combust"],"picked":"Shrug It Off","floor":3},{"not_picked":["Searing Blow","Iron Wave"],"picked":"Clothesline","floor":6},{"not_picked":["Iron Wave","Armaments"],"picked":"Inflame","floor":7}],"player_experience":823712,"relics_obtained":[{"floor":6,"key":"Boot"}],"event_choices":[{"damage_healed":0,"gold_gain":0,"player_choice":"Box","damage_taken":0,"relics_obtained":["Blood Vial"],"max_hp_gain":0,"max_hp_loss":0,"event_name":"Big Fish","floor":4,"gold_loss":0,"cards_obtained":["Regret"]},{"damage_healed":0,"gold_gain":75,"player_choice":"Gather Gold","damage_taken":11,"max_hp_gain":0,"max_hp_loss":0,"event_name":"World of Goop","floor":5,"gold_loss":0}],"is_beta":false,"boss_relics":[],"items_purged_floors":[],"is_endless":false,"potions_floor_spawned":[3,6],"killed_by":"Lots of Slimes","ascension_level":5}