{"gold_per_floor":[118,293,293,313,327,327,342,342,342,373,92,115,76,76],"floor_reached":14,"playtime":431,"items_purged":[],"score":149,"play_id":"80d8eed9-076c-4848-848c-4a428833a115","local_time":"20190219210007","is_ascension_mode":true,"campfire_choices":[{"data":"Barricade","floor":6,"key":"SMITH"}],"neow_cost":"CURSE","seed_source_timestamp":357096627044868,"circlet_count":0,"master_deck":["AscendersBane","Strike_R+1","Strike_R","Strike_R+1","Strike_R","Strike_R","Defend_R","Defend_R","Defend_R","Defend_R","Bash","Impatience","Good Instincts","Parasite","Ghostly Armor","Doubt","Injury","Wild Strike","Barricade+1","Perfected Strike","Body Slam","Iron Wave","Panacea","Bludgeon"],"relics":["Burning Blood","Golden Idol","Bottled Lightning","Ginger","Whetstone"],"potions_floor_usage":[10],"damage_taken":[{"damage":8,"enemies":"2 Louse","floor":1,"turns":3},{"damage":10,"enemies":"Small Slimes","floor":4,"turns":5},{"damage":7,"enemies":"Jaw Worm","floor":5,"turns":2},{"damage":7,"enemies":"Exordium Wildlife","floor":7,"turns":7},{"damage":50,"enemies":"3 Sentries","floor":10,"turns":12},{"damage":13,"enemies":"Large Slime","floor":12,"turns":6},{"damage":13,"enemies":"Red Slaver","floor":14,"turns":3}],"seed_played":"-909482537815602882","potions_obtained":[{"floor":5,"key":"SkillPotion"}],"is_trial":false,"path_per_floor":["M","?","?","M","M","R","M","?","T","E","$","M","?","M"],"character_chosen":"IRONCLAD","items_purchased":["Iron Wave","Whetstone","Panacea"],"campfire_rested":0,"item_purchase_floors":[11,11,11],"current_hp_per_floor":[70,70,70,66,65,65,64,64,64,20,20,13,13,0],"gold":76,"neow_bonus":"RANDOM_COLORLESS_2","is_prod":false,"is_daily":false,"chose_seed":false,"campfire_upgraded":1,"win_rate":0,"timestamp":1550635207,"path_taken":["M","?","?","M","M","R","M","?","T","E","$","M","?","M"],"build_version":"2019-01-23","purchased_purges":0,"victory":false,"max_hp_per_floor":[80,80,80,80,80,80,80,80,80,80,80,80,80,80],"card_choices":[{"not_picked":["Cleave","Inflame"],"picked":"Ghostly Armor","floor":1},{"not_picked":["Headbutt","Pommel Strike"],"picked":"Wild Strike","floor":4},{"not_picked":["Havoc","Thunderclap"],"picked":"Barricade","floor":5},{"not_picked":["Carnage","Sentinel"],"picked":"Perfected Strike","floor":7},{"not_picked":["Clash","Cleave"],"picked":"Body Slam","floor":10},{"not_picked":["Carnage","Heavy Blade"],"picked":"Bludgeon","floor":12}],"player_experience":1536120,"relics_obtained":[{"floor":9,"key":"Bottled Lightning"},{"floor":10,"key":"Ginger"}],"event_choices":[{"damage_healed":0,"gold_gain":175,"player_choice":"AGREE","damage_taken":0,"max_hp_gain":0,"max_hp_loss":0,"event_name":"Liars Game","floor":2,"gold_loss":0,"cards_obtained":["Doubt"]},{"damage_healed":0,"gold_gain":0,"player_choice":"Take Wound","damage_taken":0,"relics_obtained":["Golden Idol"],"max_hp_gain":0,"max_hp_loss":0,"event_name":"Golden Idol","floor":3,"gold_loss":0,"cards_obtained":["Injury"]},{"damage_healed":0,"gold_gain":0,"player_choice":"Leave","damage_taken":0,"max_hp_gain":0,"max_hp_loss":0,"event_name":"The Cleric","floor":8,"gold_loss":0},{"damage_healed":0,"gold_gain":0,"player_choice":"Left Gold","damage_taken":0,"max_hp_gain":0,"max_hp_loss":0,"event_name":"World of Goop","floor":13,"gold_loss":39}],"is_beta":false,"boss_relics":[],"items_purged_floors":[],"is_endless":false,"potions_floor_spawned":[5],"killed_by":"Red Slaver","ascension_level":13}