{"gold_per_floor":[118,193,208,208,208,241,259,259,259,270,299,317,337,348,348,452,452,471,55,67,95,114,114,124,124],"floor_reached":25,"playtime":2204,"items_purged":["Perfected Strike+1"],"score":315,"play_id":"7581d30f-61fd-4b3c-9263-759d04c2cb31","local_time":"20190321195521","is_ascension_mode":true,"campfire_choices":[{"data":"Pommel Strike","floor":8,"key":"SMITH"},{"data":"Barricade","floor":15,"key":"SMITH"},{"data":"True Grit","floor":23,"key":"SMITH"}],"neow_cost":"NONE","seed_source_timestamp":504231246121371,"circlet_count":0,"master_deck":["Strike_R+1","Strike_R","Defend_R","Defend_R+1","Defend_R","Defend_R","Bash","Disarm","Pommel Strike+1","Pummel","Feel No Pain","Warcry","Barricade+1","Iron Wave","Warcry","Dark Embrace","Pommel Strike+1","Infernal Blade+1","Iron Wave","True Grit+1","True Grit","Feel No Pain","Seeing Red"],"relics":["Burning Blood","NeowsBlessing","Anchor","Thread and Needle","Bag of Marbles","Art of War","Astrolabe","Dead Branch","Red Mask"],"potions_floor_usage":[22,25,25],"damage_taken":[{"damage":0,"enemies":"Small Slimes","floor":1,"turns":1},{"damage":0,"enemies":"Jaw Worm","floor":3,"turns":1},{"damage":0,"enemies":"Lagavulin","floor":6,"turns":1},{"damage":0,"enemies":"Cultist","floor":7,"turns":4},{"damage":0,"enemies":"Exordium Wildlife","floor":10,"turns":3},{"damage":21,"enemies":"Gremlin Nob","floor":11,"turns":4},{"damage":0,"enemies":"2 Fungi Beasts","floor":12,"turns":3},{"damage":0,"enemies":"Blue Slaver","floor":13,"turns":3},{"damage":0,"enemies":"Large Slime","floor":14,"turns":8},{"damage":33,"enemies":"The Guardian","floor":16,"turns":18},{"damage":11,"enemies":"Shell Parasite","floor":18,"turns":4},{"damage":8,"enemies":"Spheric Guardian","floor":20,"turns":20},{"damage":30,"enemies":"Masked Bandits","floor":21,"turns":6},{"damage":9,"enemies":"Shelled Parasite and Fungi","floor":22,"turns":8},{"damage":18,"enemies":"Snecko","floor":24,"turns":4},{"damage":46,"enemies":"Gremlin Leader","floor":25,"turns":8}],"seed_played":"4781619863066746058","potions_obtained":[{"floor":3,"key":"Block Potion"},{"floor":10,"key":"LiquidBronze"},{"floor":12,"key":"BloodPotion"},{"floor":18,"key":"BloodPotion"},{"floor":24,"key":"Strength Potion"}],"is_trial":false,"path_per_floor":["?","?","T","M","?"],"character_chosen":"IRONCLAD","items_purchased":["Dead Branch","True Grit"],"campfire_rested":0,"item_purchase_floors":[19,19],"current_hp_per_floor":[78,67,73,57,57,63,69,69,69,75,60,66,72,78,78,51,73,68,68,66,42,47,47,35,0],"gold":124,"neow_bonus":"THREE_ENEMY_KILL","is_prod":false,"is_daily":false,"chose_seed":false,"campfire_upgraded":3,"win_rate":0,"timestamp":1553212521,"path_taken":["M","?","M","?","?","E","?","R","T","M","E","M","M","M","R","BOSS","M","$","M","?","M","R","M","E"],"build_version":"2019-01-23","purchased_purges":1,"victory":false,"max_hp_per_floor":[80,80,80,80,80,80,80,80,80,80,80,80,80,80,80,80,80,80,80,80,80,80,80,80,80],"card_choices":[{"not_picked":["Wild Strike","Shrug It Off"],"picked":"Disarm","floor":1},{"not_picked":["Flex","Anger"],"picked":"Pommel Strike","floor":3},{"not_picked":["Thunderclap","Wild Strike"],"picked":"Pummel","floor":6},{"not_picked":["Reckless Charge","Havoc","Wild Strike"],"picked":"SKIP","floor":7},{"not_picked":["Blood for Blood","Heavy Blade"],"picked":"Feel No Pain","floor":10},{"not_picked":["Fire Breathing","Ghostly Armor"],"picked":"Warcry","floor":11},{"not_picked":["Power Through","Wild Strike"],"picked":"Barricade","floor":12},{"not_picked":["Thunderclap","Sword Boomerang"],"picked":"Iron Wave","floor":13},{"not_picked":["Flex","True Grit"],"picked":"Warcry","floor":14},{"not_picked":["Double Tap","Fiend Fire"],"picked":"Dark Embrace","floor":16},{"not_picked":["Rage","Clash"],"picked":"Iron Wave","floor":18},{"not_picked":["Evolve","Pommel Strike+1"],"picked":"True Grit","floor":20},{"not_picked":["Sentinel+1","Clash"],"picked":"Feel No Pain","floor":22},{"not_picked":["Heavy Blade+1","Evolve"],"picked":"Seeing Red","floor":24}],"player_experience":854387,"relics_obtained":[{"floor":5,"key":"Anchor"},{"floor":6,"key":"Thread and Needle"},{"floor":9,"key":"Bag of Marbles"},{"floor":11,"key":"Art of War"},{"floor":21,"key":"Red Mask"}],"event_choices":[{"damage_healed":0,"gold_gain":75,"player_choice":"Gather Gold","damage_taken":11,"max_hp_gain":0,"max_hp_loss":0,"event_name":"World of Goop","floor":2,"gold_loss":0},{"damage_healed":0,"gold_gain":0,"player_choice":"Entered Light","damage_taken":16,"max_hp_gain":0,"max_hp_loss":0,"event_name":"Shining Light","floor":4,"gold_loss":0,"cards_upgraded":["Strike_R","Defend_R"]},{"damage_healed":0,"gold_gain":0,"player_choice":"Fought Bandits","damage_taken":0,"max_hp_gain":0,"max_hp_loss":0,"event_name":"Masked Bandits","floor":21,"gold_loss":0}],"is_beta":false,"boss_relics":[{"not_picked":["Pandora\u0027s Box","Lizard Tail"],"picked":"Astrolabe"}],"items_purged_floors":[19],"is_endless":false,"potions_floor_spawned":[3,10,12,14,18,20,24],"killed_by":"Gremlin Leader","ascension_level":6}