{"gold_per_floor":[114,114,114,62,81,119,138,176,251,289,289,289,118,137,137,262,262,281,281,241,46,46,84,103,103,103,122,122,141,160,179,179,304,304,323,342,14,33,52,90,90,109,109,109,109,147,166,185,185,185],"floor_reached":50,"playtime":3173,"items_purged":[],"score":669,"play_id":"b940a7ca-6f25-4ca7-afb4-e77dfaf8e19d","local_time":"20180909215034","daily_mods":["Specialized","Elite Swarm","Binary"],"is_ascension_mode":false,"campfire_choices":[{"floor":12,"key":"REST"},{"floor":15,"key":"REST"},{"floor":25,"key":"REST"},{"floor":28,"key":"REST"},{"floor":32,"key":"REST"},{"floor":41,"key":"REST"},{"floor":45,"key":"REST"},{"floor":49,"key":"REST"}],"neow_cost":"","seed_source_timestamp":0,"circlet_count":0,"master_deck":["Defend_G","Defend_G","Defend_G","Defend_G","Defend_G","Strike_G","Strike_G","Strike_G","Strike_G","Strike_G","Survivor","Neutralize","Venomology","Venomology","Venomology","Venomology","Venomology","Deadly Poison","Dagger Throw","Quick Slash","Tools of the Trade","Tactician","After Image+1","Phantasmal Killer","Backflip","Noxious Fumes","Prepared","Bane","Burst","Catalyst","Bane","Die Die Die","Blade Dance","Terror+1","Tactician","Noxious Fumes","Dagger Spray+1","Backflip+1","Slice+1","Adrenaline","Blade Dance","Leg Sweep+1","Noxious Fumes","Die Die Die","Backflip+1","Cloak And Dagger+1","Envenom","Bane+1","Cloak And Dagger","Writhe","Accuracy","Phantasmal Killer+1","Blade Dance+1","Cloak And Dagger+1","Cloak And Dagger+1"],"special_seed":17784,"relics":["Ring of the Serpent","Golden Idol","Pear","Question Card","Dodecahedron","Darkstone Periapt","Ninja Scroll","Snake Skull","Pen Nib","Dream Catcher","Black Star","PreservedInsect","Centennial Puzzle","Strawberry","Toxic Egg 2","Omamori","Orichalcum"],"potions_floor_usage":[1,5,5,5,6,6,6,6,6,7,8,8,8,8,8,8,8,10,10,10,10,10,10,14,16,16,16,18,23,23,24,24,24,24,27,27,27,27,29,29,29,30,30,30,31,31,31,33,33,33,33,33,33,33,38,38,38,39,39,40,46,46,46,46,47,47,47,47,48,48,48,50],"damage_taken":[{"damage":0,"enemies":"2 Louse","floor":1,"turns":3},{"damage":0,"enemies":"Cultist","floor":5,"turns":3},{"damage":18,"enemies":"Gremlin Nob","floor":6,"turns":4},{"damage":8,"enemies":"Jaw Worm","floor":7,"turns":4},{"damage":24,"enemies":"3 Sentries","floor":8,"turns":12},{"damage":18,"enemies":"Lagavulin","floor":10,"turns":7},{"damage":3,"enemies":"Looter","floor":14,"turns":3},{"damage":3,"enemies":"The Guardian","floor":16,"turns":12},{"damage":5,"enemies":"Spheric Guardian","floor":18,"turns":3},{"damage":42,"enemies":"Book of Stabbing","floor":23,"turns":8},{"damage":4,"enemies":"Chosen","floor":24,"turns":6},{"damage":14,"enemies":"Centurion and Healer","floor":27,"turns":7},{"damage":10,"enemies":"3 Cultists","floor":29,"turns":5},{"damage":24,"enemies":"Sentry and Sphere","floor":30,"turns":5},{"damage":7,"enemies":"Snake Plant","floor":31,"turns":5},{"damage":22,"enemies":"Automaton","floor":33,"turns":9},{"damage":0,"enemies":"Orb Walker","floor":35,"turns":3},{"damage":20,"enemies":"3 Shapes","floor":36,"turns":4},{"damage":6,"enemies":"Sphere and 2 Shapes","floor":38,"turns":5},{"damage":18,"enemies":"4 Shapes","floor":39,"turns":5},{"damage":28,"enemies":"2 Orb Walkers","floor":40,"turns":4},{"damage":24,"enemies":"Transient","floor":42,"turns":5},{"damage":27,"enemies":"Nemesis","floor":46,"turns":7},{"damage":18,"enemies":"3 Darklings","floor":47,"turns":6},{"damage":23,"enemies":"Maw","floor":48,"turns":8},{"damage":70,"enemies":"Awakened One","floor":50,"turns":5}],"seed_played":"5534919717268353770","potions_obtained":[{"floor":8,"key":"SteroidPotion"},{"floor":10,"key":"Swift Potion"},{"floor":18,"key":"Ancient Potion"},{"floor":24,"key":"GhostInAJar"},{"floor":30,"key":"LiquidBronze"},{"floor":31,"key":"GamblersBrew"},{"floor":36,"key":"AttackPotion"},{"floor":38,"key":"FearPotion"},{"floor":48,"key":"LiquidBronze"}],"is_trial":false,"path_per_floor":["M","?","T","$","M","E","M","E","T","E","?","R","$","M","R","B",null,"M","?","?","$","?","E","M","R","T","M","R","M","M","M","R","B",null,"M","M","$","M","M","E","R","M","T","?","R","E","M","M","R"],"character_chosen":"THE_SILENT","items_purchased":["Dagger Throw","Backflip","Noxious Fumes","Prepared","Snake Skull","Bane","PreservedInsect","Noxious Fumes","Die Die Die"],"campfire_rested":8,"item_purchase_floors":[4,13,13,13,21,21,37,37,37],"current_hp_per_floor":[70,65,75,75,75,57,49,25,25,7,7,29,29,31,53,50,75,70,70,70,70,70,28,24,46,46,32,54,56,32,25,47,25,75,75,55,55,49,31,10,34,10,10,37,63,36,27,4,30,0],"gold":185,"neow_bonus":"","is_prod":false,"is_daily":true,"chose_seed":false,"campfire_upgraded":0,"win_rate":0,"timestamp":1536551434,"path_taken":["M","?","?","$","M","E","M","E","T","E","?","R","?","M","R","BOSS","M","?","?","?","?","E","?","R","T","?","R","M","M","M","R","BOSS","M","M","$","M","?","E","R","M","T","?","R","E","M","M","R","BOSS"],"build_version":"2018-09-06","purchased_purges":0,"victory":false,"max_hp_per_floor":[70,65,75,75,75,75,75,75,75,75,75,75,75,75,75,75,75,75,75,75,75,75,75,75,75,75,75,75,75,75,75,75,75,75,75,75,75,75,75,82,82,82,82,88,88,88,88,88,88,88],"card_choices":[{"not_picked":["Bane"],"picked":"Deadly Poison","floor":1},{"not_picked":["Riddle With Holes"],"picked":"Quick Slash","floor":5},{"not_picked":["Malaise"],"picked":"Tools of the Trade","floor":6},{"not_picked":["Footwork","Dagger Throw"],"picked":"Tactician","floor":7},{"not_picked":["Adrenaline","Night Terror"],"picked":"After Image","floor":8},{"not_picked":["Bullet Time","Envenom"],"picked":"Phantasmal Killer","floor":10},{"not_picked":["Quick Slash","Outmaneuver"],"picked":"Bane","floor":14},{"not_picked":["Glass Knife","Phantasmal Killer"],"picked":"Burst","floor":16},{"not_picked":["Noxious Fumes","Poisoned Stab"],"picked":"Catalyst","floor":18},{"not_picked":["Burst","Bullet Time"],"picked":"Die Die Die","floor":23},{"not_picked":["All Out Attack","Outmaneuver"],"picked":"Blade Dance","floor":24},{"not_picked":["Finisher","Bane+1"],"picked":"Terror+1","floor":27},{"not_picked":["Prepared","Backflip"],"picked":"Tactician","floor":28},{"not_picked":["Heel Hook+1","Distraction"],"picked":"Noxious Fumes","floor":29},{"not_picked":["Slice","Calculated Gamble"],"picked":"Dagger Spray+1","floor":30},{"not_picked":["Escape Plan","Calculated Gamble"],"picked":"Backflip+1","floor":31},{"not_picked":["Masterful Stab","Dagger Throw"],"picked":"Slice+1","floor":32},{"not_picked":["Tools of the Trade","Glass Knife"],"picked":"Adrenaline","floor":33},{"not_picked":["Heel Hook+1","Deflect"],"picked":"Blade Dance","floor":35},{"not_picked":["Dodge and Roll+1","Escape Plan"],"picked":"Leg Sweep+1","floor":36},{"not_picked":["Predator+1","Terror"],"picked":"Backflip+1","floor":38},{"not_picked":["Dagger Throw","Quick Slash"],"picked":"Cloak And Dagger+1","floor":39},{"not_picked":["Grand Finale","Malaise"],"picked":"Envenom","floor":40},{"not_picked":["Heel Hook+1","Dagger Spray"],"picked":"Bane+1","floor":41},{"not_picked":["Flying Knee","Setup+1"],"picked":"Cloak And Dagger","floor":42},{"not_picked":["Backflip+1","Sucker Punch+1"],"picked":"Accuracy","floor":45},{"not_picked":["Bullet Time+1","Wraith Form v2"],"picked":"Phantasmal Killer+1","floor":46},{"not_picked":["Finisher+1","Prepared+1"],"picked":"Blade Dance+1","floor":47},{"not_picked":["Flying Knee","Distraction+1"],"picked":"Cloak And Dagger+1","floor":48},{"not_picked":["Quick Slash","Masterful Stab"],"picked":"Cloak And Dagger+1","floor":49}],"player_experience":491921,"relics_obtained":[{"floor":3,"key":"Pear"},{"floor":6,"key":"Question Card"},{"floor":8,"key":"Dodecahedron"},{"floor":9,"key":"Darkstone Periapt"},{"floor":10,"key":"Ninja Scroll"},{"floor":23,"key":"Pen Nib"},{"floor":26,"key":"Dream Catcher"},{"floor":40,"key":"Centennial Puzzle"},{"floor":40,"key":"Strawberry"},{"floor":43,"key":"Toxic Egg 2"},{"floor":46,"key":"Omamori"},{"floor":46,"key":"Orichalcum"}],"event_choices":[{"event_name":"Golden Idol","player_choice":"Lose Max HP","floor":2,"damage_taken":0},{"event_name":"Golden Wing","player_choice":"Ignored","floor":11,"damage_taken":0},{"event_name":"The Woman in Blue","player_choice":"Bought 0 Potions","floor":19,"damage_taken":0},{"event_name":"Designer","player_choice":"Upgrade Card","floor":20,"damage_taken":0},{"event_name":"Beggar","player_choice":"Ignored","floor":22,"damage_taken":0},{"event_name":"Winding Halls","player_choice":"Writhe","floor":44,"damage_taken":0}],"is_beta":false,"boss_relics":[{"not_picked":["Ectoplasm","Velvet Choker"],"picked":"Ring of the Serpent"},{"not_picked":["Eternal Feather","Tiny House"],"picked":"Black Star"}],"items_purged_floors":[],"is_endless":false,"potions_floor_spawned":[5,8,10,18,24,30,31,36,38,48],"killed_by":"Awakened One","ascension_level":0}