{"gold_per_floor":[109,109,109,132,153,186,186,186,186,186,207,235,1,17,17,137,137,155,155,0,14,32,67,87,128,178,198,219,242,260,260,260,360,360,377,377,41,52,63,63,79,79,79,106,124,158,158,158,158,158],"floor_reached":51,"playtime":2567,"items_purged":["Pain","Defend_B"],"score":1211,"play_id":"6a5a0e6b-09d5-4ca3-a570-9b3d449392e0","local_time":"20190115033154","is_ascension_mode":true,"campfire_choices":[{"data":"Rainbow","floor":7.0,"key":"SMITH"},{"data":"Consume","floor":10.0,"key":"SMITH"},{"data":"Redo","floor":15.0,"key":"SMITH"},{"floor":32,"key":"REST"},{"floor":40,"key":"REST"},{"data":"Loop","floor":42,"key":"SMITH"},{"data":"Machine Learning","floor":49,"key":"SMITH"}],"neow_cost":"PERCENT_DAMAGE","seed_source_timestamp":0,"circlet_count":0,"master_deck":["Strike_B","Strike_B","Defend_B","Defend_B+1","Defend_B","Zap","Dualcast","Conserve Battery","Rainbow+1","Consume+1","Coolheaded","Redo+1","Darkness","Glacier","Electrodynamics","Glacier","Reprogram","Leap+1","Double Energy","Fusion","Machine Learning+1","Chaos+1","Multi-Cast","Redo","Capacitor+1","Darkness+1","Steam","Rebound","Hologram+1","Undo+1","Loop+1","Echo Form+1","Coolheaded"],"special_seed":0,"relics":["Cracked Core","Pocketwatch","Meat on the Bone","Bloody Idol","Potion Belt","Gremlin Horn","Odd Mushroom","PreservedInsect","Runic Dome","WarpedTongs","FossilizedHelix","Bottled Tornado","Smiling Mask","Orrery","Toy Ornithopter","Frozen Egg 2","Oddly Smooth Stone","War Paint"],"potions_floor_usage":[29,29,33,41,44,50,50,50,50],"damage_taken":[{"damage":1.0,"enemies":"Cultist","floor":1.0,"turns":3.0},{"damage":4.0,"enemies":"Small Slimes","floor":4.0,"turns":5.0},{"damage":2.0,"enemies":"Jaw Worm","floor":5.0,"turns":4.0},{"damage":17.0,"enemies":"3 Sentries","floor":6.0,"turns":6.0},{"damage":1.0,"enemies":"Blue Slaver","floor":11.0,"turns":3.0},{"damage":10.0,"enemies":"The Mushroom Lair","floor":12.0,"turns":3.0},{"damage":0.0,"enemies":"Exordium Thugs","floor":14.0,"turns":4.0},{"damage":21.0,"enemies":"Hexaghost","floor":16.0,"turns":8.0},{"damage":4.0,"enemies":"Shell Parasite","floor":18.0,"turns":7.0},{"damage":0.0,"enemies":"Spheric Guardian","floor":21.0,"turns":4.0},{"damage":7.0,"enemies":"Cultist and Chosen","floor":22.0,"turns":5.0},{"damage":13.0,"enemies":"Slavers","floor":23.0,"turns":3.0},{"damage":9.0,"enemies":"Snake Plant","floor":24.0,"turns":4.0},{"damage":0,"enemies":"Book of Stabbing","floor":25,"turns":5},{"damage":3,"enemies":"Centurion and Healer","floor":27,"turns":5},{"damage":14,"enemies":"Cultist and Chosen","floor":28,"turns":7},{"damage":0,"enemies":"Snake Plant","floor":29,"turns":2},{"damage":8,"enemies":"Shelled Parasite and Fungi","floor":30,"turns":6},{"damage":35,"enemies":"Champ","floor":33,"turns":11},{"damage":22,"enemies":"3 Darklings","floor":35,"turns":2},{"damage":15,"enemies":"3 Shapes","floor":38,"turns":2},{"damage":38,"enemies":"Spire Growth","floor":39,"turns":8},{"damage":9,"enemies":"3 Darklings","floor":41,"turns":3},{"damage":0,"enemies":"Reptomancer","floor":44,"turns":5},{"damage":31,"enemies":"4 Shapes","floor":45,"turns":2},{"damage":0,"enemies":"Giant Head","floor":46,"turns":8},{"damage":32,"enemies":"Donu and Deca","floor":50,"turns":7}],"seed_played":"5319950541248980238","potions_obtained":[{"floor":5.0,"key":"SkillPotion"},{"floor":11.0,"key":"SneckoOil"},{"floor":16.0,"key":"Explosive Potion"},{"floor":23.0,"key":"FocusPotion"},{"floor":24,"key":"Block Potion"},{"floor":28,"key":"Explosive Potion"},{"floor":30,"key":"FearPotion"},{"floor":33,"key":"PowerPotion"},{"floor":35,"key":"Ancient Potion"},{"floor":38,"key":"Fire Potion"},{"floor":39,"key":"PowerPotion"},{"floor":41,"key":"Energy Potion"}],"is_trial":false,"path_per_floor":["M","?","?","M","M","E","R","?","T","R","M","?","$","M","R","B",null,"M","?","$","M","M","E","M","E","T","M","M","M","M","?","R","B",null,"M","?","$","M","M","R","M","R","T","E","M","E","?","?","R","B",null],"character_chosen":"DEFECT","items_purchased":["PreservedInsect","Flash of Steel","Glacier","FocusPotion","Toy Ornithopter"],"campfire_rested":2,"item_purchase_floors":[13,13,20,37,37],"current_hp_per_floor":[49,46,28,36,46,41,41,34,34,34,45,47,47,47,47,38,66,62,62,62,62,55,42,45,45,45,42,40,40,44,44,66,48,68,51,51,51,53,32,54,55,55,55,65,51,56,56,56,56,44],"gold":158,"neow_bonus":"ONE_RARE_RELIC","is_prod":false,"is_daily":false,"chose_seed":false,"campfire_upgraded":5,"win_rate":0,"timestamp":1547541114,"path_taken":["M","?","?","M","M","E","R","?","T","R","?","?","$","M","R","BOSS","M","?","?","M","M","E","M","E","T","M","M","?","M","?","R","BOSS","M","?","?","?","M","R","M","R","T","E","M","E","?","?","R","BOSS"],"build_version":"2019-01-14","purchased_purges":2,"victory":true,"max_hp_per_floor":[75,75,75,75,75,75,75,75,75,75,75,75,75,75,75,75,75,75,75,75,75,75,75,75,75,75,75,75,75,75,75,75,75,75,75,75,75,75,75,75,75,75,75,75,75,75,75,75,75,75],"card_choices":[{"not_picked":["Stack","Stack"],"picked":"Conserve Battery","floor":1.0},{"not_picked":["Sweeping Beam","Conserve Battery"],"picked":"Rainbow","floor":4.0},{"not_picked":["Streamline","Consume"],"picked":"Consume","floor":5.0},{"not_picked":["Go for the Eyes","Fusion"],"picked":"Coolheaded","floor":6.0},{"not_picked":["Go for the Eyes","Go for the Eyes"],"picked":"Redo","floor":11.0},{"not_picked":["Rebound","Barrage"],"picked":"Darkness","floor":12.0},{"not_picked":["Undo","Darkness"],"picked":"Glacier","floor":14.0},{"not_picked":["Fission","Fission"],"picked":"Electrodynamics","floor":16.0},{"not_picked":["Ball Lightning","Storm","Streamline"],"picked":"SKIP","floor":18.0},{"not_picked":["Recycle","Ball Lightning","Hyperbeam"],"picked":"SKIP","floor":21.0},{"not_picked":["Ball Lightning","Rebound"],"picked":"Reprogram","floor":22.0},{"not_picked":["Stack","Doom and Gloom","Chill"],"picked":"SKIP","floor":23.0},{"not_picked":["Steam","Conserve Battery"],"picked":"Leap+1","floor":24},{"not_picked":["Aggregate","Chill+1"],"picked":"Double Energy","floor":25},{"not_picked":["Redo+1","Beam Cell"],"picked":"Fusion","floor":27},{"not_picked":["Rebound","Steam"],"picked":"Machine Learning","floor":28},{"not_picked":["Go for the Eyes","Darkness"],"picked":"Chaos+1","floor":29},{"not_picked":["Reprogram+1","Beam Cell","Barrage"],"picked":"SKIP","floor":30},{"not_picked":["Fission","Electrodynamics"],"picked":"Multi-Cast","floor":33},{"not_picked":["Sweeping Beam","Chaos+1"],"picked":"Redo","floor":34},{"not_picked":["Streamline+1","Streamline+1"],"picked":"Capacitor+1","floor":34},{"not_picked":["Double Energy","Turbo+1"],"picked":"Darkness","floor":34},{"not_picked":["Go for the Eyes","Compile Driver"],"picked":"Steam","floor":34},{"not_picked":["Barrage+1","Streamline"],"picked":"Rebound","floor":34},{"not_picked":["Tempest","Compile Driver"],"picked":"Hologram+1","floor":35},{"not_picked":["Aggregate","Ball Lightning+1"],"picked":"Undo+1","floor":38},{"not_picked":["Double Energy+1","Sweeping Beam+1"],"picked":"Loop","floor":39},{"not_picked":["Rip and Tear","Beam Cell","Cold Snap"],"picked":"SKIP","floor":41},{"not_picked":["Biased Cognition+1","Sweeping Beam+1"],"picked":"Echo Form+1","floor":44},{"not_picked":["Streamline+1","Beam Cell","Ball Lightning+1"],"picked":"SKIP","floor":45},{"not_picked":["Gash+1","Sunder"],"picked":"Coolheaded","floor":46}],"player_experience":506406,"relics_obtained":[{"floor":6.0,"key":"Potion Belt"},{"floor":9.0,"key":"Gremlin Horn"},{"floor":12.0,"key":"Odd Mushroom"},{"floor":23.0,"key":"FossilizedHelix"},{"floor":25,"key":"Bottled Tornado"},{"floor":26,"key":"Smiling Mask"},{"floor":43,"key":"Frozen Egg 2"},{"floor":44,"key":"Oddly Smooth Stone"},{"floor":46,"key":"War Paint"}],"event_choices":[{"damage_healed":0.0,"max_hp_gain":0.0,"max_hp_loss":0.0,"gold_gain":0.0,"event_name":"Scrap Ooze","player_choice":"Success","floor":2.0,"gold_loss":0.0,"damage_taken":3.0,"relics_obtained":["Meat on the Bone"]},{"damage_healed":0.0,"max_hp_gain":0.0,"max_hp_loss":0.0,"gold_gain":0.0,"event_name":"Golden Idol","player_choice":"Take Damage","floor":3.0,"gold_loss":0.0,"damage_taken":18.0,"relics_obtained":["Golden Idol"]},{"cards_removed":["Strike_B"],"damage_healed":0.0,"max_hp_gain":0.0,"max_hp_loss":0.0,"gold_gain":0.0,"event_name":"Golden Wing","player_choice":"Card Removal","floor":8.0,"gold_loss":0.0,"damage_taken":7.0},{"damage_healed":0.0,"max_hp_gain":0.0,"max_hp_loss":0.0,"gold_gain":0.0,"event_name":"Mushrooms","player_choice":"Fought Mushrooms","floor":12.0,"gold_loss":0.0,"damage_taken":0.0},{"damage_healed":0.0,"max_hp_gain":0.0,"max_hp_loss":0.0,"gold_gain":0.0,"event_name":"Accursed Blacksmith","player_choice":"Rummage","floor":19.0,"gold_loss":0.0,"damage_taken":0.0,"relics_obtained":["WarpedTongs"],"cards_obtained":["Pain"]},{"damage_healed":0,"gold_gain":0,"player_choice":"Gave Idol","damage_taken":0,"relics_obtained":["Bloody Idol"],"max_hp_gain":0,"max_hp_loss":0,"event_name":"Forgotten Altar","floor":31,"relics_lost":["Golden Idol"],"gold_loss":0},{"cards_removed":["Strike_B"],"damage_healed":0,"gold_gain":0,"player_choice":"Purged","damage_taken":0,"max_hp_gain":0,"max_hp_loss":0,"event_name":"Purifier","floor":36,"gold_loss":0},{"cards_removed":["Flash of Steel"],"damage_healed":0,"gold_gain":0,"player_choice":"Removed Attack","damage_taken":0,"max_hp_gain":0,"max_hp_loss":0,"event_name":"Falling","floor":47,"gold_loss":0},{"damage_healed":0,"gold_gain":0,"player_choice":"Ignored","damage_taken":0,"max_hp_gain":0,"max_hp_loss":0,"event_name":"SecretPortal","floor":48,"gold_loss":0}],"is_beta":true,"boss_relics":[{"not_picked":["Black Star","Ectoplasm"],"picked":"Runic Dome"},{"not_picked":["Empty Cage","Philosopher\u0027s Stone"],"picked":"Orrery"}],"items_purged_floors":[20,37],"is_endless":false,"potions_floor_spawned":[5,11,16,23,24,28,30,33,35,38,39,41],"ascension_level":9}