{"gold_per_floor":[114,20,95,95,110,140,140,155,155,170,200,215,215,230,230,330,330,345,1,1,1,31,31,46,46,46,46,76,76,106,121,121,221,221,236,236,1235,1250,281,281,281,306,356,398,173,173,173,203,203,203],"floor_reached":50,"playtime":18819,"items_purged":[],"score":662,"play_id":"1fdb79c1-20d7-48ee-8694-9be39a48e1a2","local_time":"20190130130047","daily_mods":["Chimera","Flight","DeadlyEvents"],"is_ascension_mode":false,"campfire_choices":[{"floor":7.0,"key":"REST"},{"floor":13.0,"key":"REST"},{"data":"Flex","floor":15.0,"key":"SMITH"},{"floor":23.0,"key":"REST"},{"floor":25.0,"key":"REST"},{"floor":27.0,"key":"REST"},{"floor":29.0,"key":"REST"},{"floor":32.0,"key":"REST"},{"floor":40,"key":"REST"},{"data":"Discovery","floor":41,"key":"SMITH"},{"floor":46,"key":"REST"},{"floor":49,"key":"REST"}],"neow_cost":"","seed_source_timestamp":0,"circlet_count":0,"master_deck":["Bash","Survivor","Zap","Strike_R","Strike_G","Strike_B","Defend_R","Defend_G","Defend_B","Flex","Good Instincts","Shockwave","Impervious","Rampage","Seeing Red","Shrug It Off","Flex+1","Inflame","Anger","Thunderclap","Double Tap","Flex","Jack Of All Trades","Flex","Writhe","Discovery+1","Purity","Swift Strike","Forethought","Inflame+1","Searing Blow","Warcry+1","Pommel Strike+1","True Grit","Exhume","Pommel Strike+1","Normality","Normality","Armaments+1","Deep Breath","Perfected Strike","Pommel Strike","Armaments","Dual Wield+1","Enlightenment","Shrug It Off+1","Enlightenment","Sword Boomerang+1","Heavy Blade"],"special_seed":17924,"relics":["Burning Blood","Self Forming Clay","Question Card","Paper Frog","Art of War","Runic Pyramid","Strange Spoon","Oddly Smooth Stone","Kunai","Bottled Lightning","Regal Pillow","PreservedInsect","Mark of Pain","HandDrill","Champion Belt","Dodecahedron","Lantern","MawBank","Dream Catcher","Orichalcum","Happy Flower"],"potions_floor_usage":[50,50],"damage_taken":[{"damage":1.0,"enemies":"Cultist","floor":1.0,"turns":3.0},{"damage":2.0,"enemies":"2 Louse","floor":5.0,"turns":3.0},{"damage":25.0,"enemies":"3 Sentries","floor":6.0,"turns":9.0},{"damage":0.0,"enemies":"Small Slimes","floor":8.0,"turns":4.0},{"damage":6.0,"enemies":"3 Louse","floor":10.0,"turns":6.0},{"damage":11.0,"enemies":"Lagavulin","floor":11.0,"turns":7.0},{"damage":20.0,"enemies":"Exordium Thugs","floor":12.0,"turns":5.0},{"damage":5.0,"enemies":"Lots of Slimes","floor":14.0,"turns":5.0},{"damage":62.0,"enemies":"The Guardian","floor":16.0,"turns":10.0},{"damage":4.0,"enemies":"3 Byrds","floor":18.0,"turns":6.0},{"damage":24.0,"enemies":"Book of Stabbing","floor":22.0,"turns":6.0},{"damage":7.0,"enemies":"Shell Parasite","floor":24.0,"turns":5.0},{"damage":32.0,"enemies":"Slavers","floor":28.0,"turns":6.0},{"damage":42.0,"enemies":"Book of Stabbing","floor":30.0,"turns":7.0},{"damage":18.0,"enemies":"Shelled Parasite and Fungi","floor":31.0,"turns":5.0},{"damage":44.0,"enemies":"Collector","floor":33.0,"turns":9.0},{"damage":17.0,"enemies":"3 Shapes","floor":35.0,"turns":7.0},{"damage":34,"enemies":"Orb Walker","floor":38,"turns":4},{"damage":48,"enemies":"Giant Head","floor":44,"turns":10},{"damage":26,"enemies":"Nemesis","floor":48,"turns":9},{"damage":88,"enemies":"Awakened One","floor":50,"turns":8}],"seed_played":"4127696918694319240","potions_obtained":[{"floor":6.0,"key":"Weak Potion"},{"floor":8.0,"key":"SpeedPotion"},{"floor":12.0,"key":"Dexterity Potion"},{"floor":14.0,"key":"Regen Potion"},{"floor":16.0,"key":"Energy Potion"},{"floor":22.0,"key":"PowerPotion"},{"floor":28.0,"key":"FairyPotion"},{"floor":33.0,"key":"Poison Potion"},{"floor":44,"key":"Swift Potion"},{"floor":48,"key":"SkillPotion"}],"is_trial":false,"path_per_floor":["M","$","T","?","M","E","R","M","T","M","E","M","R","M","R","B",null,"M","$","?","?","E","R","M","R","T","R","E","R","E","M","R","B",null,"M","?","?","M","$","R","R","T","T","E","$","R","?","E","R","B"],"character_chosen":"IRONCLAD","items_purchased":["Good Instincts","Strange Spoon","Jack Of All Trades","Flex","HandDrill","Champion Belt","Dodecahedron","Deep Breath","Perfected Strike","Pommel Strike","Armaments","Enlightenment","Orichalcum"],"campfire_rested":10,"item_purchase_floors":[2,19,19,19,39,39,39,39,39,39,39,45,45],"current_hp_per_floor":[80,80,80,80,80,61,80,80,80,80,75,61,80,80,80,34,80,80,80,80,40,22,46,45,69,69,80,54,80,44,32,71,33,80,69,69,69,41,41,76,76,76,76,34,34,71,71,51,76,0],"gold":203,"neow_bonus":"","is_prod":false,"is_daily":true,"chose_seed":false,"campfire_upgraded":2,"win_rate":0,"timestamp":1548853247,"path_taken":["M","?","?","?","?","E","R","M","T","?","?","?","R","M","R","BOSS","M","$","?","?","?","R","?","R","T","R","?","R","?","?","R","BOSS","M","?","?","?","$","R","R","?","T","?","?","R","?","?","R","BOSS"],"build_version":"2019-01-23","purchased_purges":0,"victory":false,"max_hp_per_floor":[80,80,80,80,80,80,80,80,80,80,80,80,80,80,80,80,80,80,80,80,80,80,80,80,80,80,80,80,80,80,80,80,80,80,80,76,76,76,76,76,76,76,76,76,76,76,76,76,76,76],"card_choices":[{"not_picked":["Iron Wave","Pommel Strike"],"picked":"Flex","floor":1.0},{"not_picked":["Perfected Strike","Warcry"],"picked":"Rampage","floor":5.0},{"not_picked":["Clothesline","Pummel"],"picked":"Seeing Red","floor":6.0},{"not_picked":["Wild Strike","Sentinel","Perfected Strike"],"picked":"Shrug It Off","floor":8.0},{"not_picked":["Clash","Headbutt","Uppercut"],"picked":"Flex","floor":10.0},{"not_picked":["Sword Boomerang","Fire Breathing","Battle Trance"],"picked":"Inflame","floor":11.0},{"not_picked":["Shrug It Off","Bloodletting","Infernal Blade"],"picked":"Anger","floor":12.0},{"not_picked":["Clash","Wild Strike","Armaments"],"picked":"Thunderclap","floor":14.0},{"not_picked":["Exhume","Fiend Fire","Reaper"],"picked":"Double Tap","floor":16.0},{"not_picked":["Havoc","Twin Strike","Shrug It Off"],"picked":"Flex","floor":18.0},{"not_picked":["Combust","Dark Embrace","Hemokinesis"],"picked":"Inflame+1","floor":22.0},{"not_picked":["Perfected Strike","Body Slam","Bloodletting"],"picked":"Searing Blow","floor":24.0},{"not_picked":["Flex","Bloodletting+1","Carnage"],"picked":"Warcry+1","floor":28.0},{"not_picked":["Heavy Blade","Impervious","Searing Blow"],"picked":"Pommel Strike+1","floor":30.0},{"not_picked":["Combust","Sever Soul","Clash"],"picked":"True Grit","floor":31.0},{"not_picked":["Double Tap","Berserk","Bludgeon"],"picked":"Exhume","floor":33.0},{"not_picked":["Body Slam+1","Havoc","Bloodletting+1"],"picked":"Pommel Strike+1","floor":35.0},{"not_picked":["Second Wind","Thunderclap+1","Berserk"],"picked":"Armaments+1","floor":38},{"not_picked":["True Grit+1","Anger","Havoc+1"],"picked":"Dual Wield+1","floor":44},{"not_picked":["Immolate","Pummel+1","Combust+1"],"picked":"Shrug It Off+1","floor":46},{"not_picked":["Twin Strike","Clash+1","Pummel+1"],"picked":"Sword Boomerang+1","floor":48},{"not_picked":["Cleave+1","Flame Barrier","Body Slam"],"picked":"Heavy Blade","floor":49}],"player_experience":60179,"relics_obtained":[{"floor":3.0,"key":"Self Forming Clay"},{"floor":6.0,"key":"Question Card"},{"floor":9.0,"key":"Paper Frog"},{"floor":11.0,"key":"Art of War"},{"floor":22.0,"key":"Kunai"},{"floor":26.0,"key":"Bottled Lightning"},{"floor":28.0,"key":"Regal Pillow"},{"floor":30.0,"key":"PreservedInsect"},{"floor":42,"key":"Lantern"},{"floor":43,"key":"MawBank"},{"floor":44,"key":"Dream Catcher"},{"floor":48,"key":"Happy Flower"}],"event_choices":[{"damage_healed":0.0,"max_hp_gain":0.0,"max_hp_loss":0.0,"gold_gain":0.0,"event_name":"Match and Keep!","player_choice":"2 cards matched","floor":4.0,"gold_loss":0.0,"damage_taken":0.0,"cards_obtained":["Shockwave","Impervious"]},{"damage_healed":0.0,"max_hp_gain":0.0,"max_hp_loss":0.0,"gold_gain":0.0,"event_name":"The Mausoleum","player_choice":"Opened","floor":20.0,"gold_loss":0.0,"damage_taken":0.0,"relics_obtained":["Oddly Smooth Stone"],"cards_obtained":["Writhe"]},{"damage_healed":0.0,"max_hp_gain":0.0,"max_hp_loss":0.0,"gold_gain":0.0,"event_name":"Knowing Skull","player_choice":"CARD CARD CARD CARD ","floor":21.0,"potions_obtained":[],"gold_loss":0.0,"damage_taken":40.0,"cards_obtained":["Discovery","Purity","Swift Strike","Forethought"]},{"damage_healed":0.0,"max_hp_gain":0.0,"max_hp_loss":4.0,"gold_gain":0.0,"event_name":"Winding Halls","player_choice":"Max HP","floor":36.0,"gold_loss":0.0,"damage_taken":0.0},{"damage_healed":0.0,"max_hp_gain":0.0,"max_hp_loss":0.0,"gold_gain":999.0,"event_name":"MindBloom","player_choice":"Gold","floor":37.0,"gold_loss":0.0,"damage_taken":0.0,"cards_obtained":["Normality","Normality"]},{"damage_healed":0,"gold_gain":0,"player_choice":"Copied","damage_taken":0,"max_hp_gain":0,"max_hp_loss":0,"event_name":"Duplicator","floor":47,"gold_loss":0,"cards_obtained":["Enlightenment"]}],"is_beta":false,"boss_relics":[{"not_picked":["Black Blood","Astrolabe"],"picked":"Runic Pyramid"},{"not_picked":["Runic Cube","Black Star"],"picked":"Mark of Pain"}],"items_purged_floors":[],"is_endless":false,"potions_floor_spawned":[6,8,12,14,16,22,28,33,44,48],"killed_by":"Awakened One","ascension_level":0}