{"gold_per_floor":[361,376,40,40,40,68,78,106,133,153,172,199,215,227,227,330,330,343,43,43,43,58,88,88,106,176,189,189,201,236,236,236,236],"floor_reached":33,"playtime":4886,"items_purged":["Strike_G","Strike_G"],"score":314,"play_id":"768dbe98-ab00-47e4-8671-67b4765c9b59","local_time":"20190201174956","is_ascension_mode":true,"campfire_choices":[{"floor":15,"key":"REST"},{"floor":24,"key":"REST"},{"floor":28,"key":"REST"},{"floor":32,"key":"REST"}],"neow_cost":"TEN_PERCENT_HP_LOSS","seed_source_timestamp":323614768157592,"circlet_count":0,"master_deck":["Defend_G","Defend_G","Defend_G","Defend_G","Defend_G","Strike_G+1","Survivor","Neutralize+1","Escape Plan","Flash of Steel","Envenom","Well Laid Plans","Bouncing Flask","Footwork","Poisoned Stab","Setup","Escape Plan","Envenom","Necronomicurse","RitualDagger","Blade Dance+1","Noxious Fumes","Escape Plan","Prepared+1","Envenom","Footwork"],"relics":["Ring of the Snake","Ninja Scroll","Blood Vial","Orichalcum","Dream Catcher","Centennial Puzzle","Empty Cage","TwistedFunnel","Necronomicon","Bag of Preparation","The Courier","Ancient Tea Set"],"potions_floor_usage":[13,13,22,23,25,30,33,33],"damage_taken":[{"damage":0,"enemies":"2 Louse","floor":1,"turns":3},{"damage":0,"enemies":"Cultist","floor":2,"turns":4},{"damage":17,"enemies":"Gremlin Nob","floor":6,"turns":5},{"damage":0,"enemies":"Jaw Worm","floor":7,"turns":4},{"damage":22,"enemies":"Lagavulin","floor":8,"turns":7},{"damage":0,"enemies":"Gremlin Gang","floor":10,"turns":4},{"damage":9,"enemies":"3 Louse","floor":11,"turns":4},{"damage":0,"enemies":"2 Fungi Beasts","floor":13,"turns":3},{"damage":13,"enemies":"Exordium Thugs","floor":14,"turns":4},{"damage":5,"enemies":"Hexaghost","floor":16,"turns":9},{"damage":5,"enemies":"Shell Parasite","floor":18,"turns":7},{"damage":16,"enemies":"Spheric Guardian","floor":22,"turns":6},{"damage":17,"enemies":"Gremlin Leader","floor":23,"turns":9},{"damage":7,"enemies":"Cultist and Chosen","floor":25,"turns":5},{"damage":7,"enemies":"Shelled Parasite and Fungi","floor":27,"turns":5},{"damage":8,"enemies":"Centurion and Healer","floor":29,"turns":8},{"damage":27,"enemies":"Book of Stabbing","floor":30,"turns":9},{"damage":33,"enemies":"Collector","floor":33,"turns":7}],"seed_played":"-8016984297012519206","potions_obtained":[{"floor":7,"key":"GamblersBrew"},{"floor":10,"key":"Regen Potion"},{"floor":11,"key":"Poison Potion"},{"floor":13,"key":"EssenceOfSteel"},{"floor":14,"key":"Poison Potion"},{"floor":22,"key":"Fire Potion"},{"floor":29,"key":"Weak Potion"},{"floor":30,"key":"SteroidPotion"}],"is_trial":false,"path_per_floor":["?","?","M","T","M","?","?","?"],"character_chosen":"THE_SILENT","items_purchased":["Ninja Scroll","TwistedFunnel"],"campfire_rested":4,"item_purchase_floors":[3,19],"current_hp_per_floor":[63,63,63,50,50,33,35,15,15,17,10,10,24,13,31,28,63,58,58,42,36,22,7,25,20,20,15,33,27,2,2,20,0],"gold":236,"neow_bonus":"TWO_FIFTY_GOLD","is_prod":false,"is_daily":false,"chose_seed":false,"campfire_upgraded":0,"win_rate":0,"timestamp":1549061396,"path_taken":["M","M","$","?","?","E","M","E","T","M","?","?","?","M","R","BOSS","M","$","?","?","M","E","R","M","T","M","R","M","E","?","R","BOSS"],"build_version":"2019-01-23","purchased_purges":2,"victory":false,"max_hp_per_floor":[63,63,63,63,63,63,63,63,63,63,63,63,63,63,63,63,63,63,63,63,63,63,63,63,63,63,63,63,63,63,60,60,60],"card_choices":[{"not_picked":["Slice","Underhanded Strike","Blade Dance"],"picked":"SKIP","floor":1},{"not_picked":["PiercingWail","Quick Slash"],"picked":"Escape Plan","floor":2},{"not_picked":["Flechettes","Outmaneuver","Slice"],"picked":"SKIP","floor":6},{"not_picked":["Expertise","Bane"],"picked":"Well Laid Plans","floor":7},{"not_picked":["Riddle With Holes","Dodge and Roll"],"picked":"Bouncing Flask","floor":8},{"not_picked":["Dagger Spray","Glass Knife","Acrobatics"],"picked":"SKIP","floor":10},{"not_picked":["PiercingWail","Blade Dance"],"picked":"Footwork","floor":11},{"not_picked":["Crippling Poison","Dagger Spray"],"picked":"Poisoned Stab","floor":13},{"not_picked":["Acrobatics","Dagger Throw"],"picked":"Setup","floor":14},{"not_picked":["Quick Slash","Deadly Poison"],"picked":"Escape Plan","floor":15},{"not_picked":["Grand Finale","Unload"],"picked":"Envenom","floor":16},{"not_picked":["Quick Slash","Bane","Acrobatics+1"],"picked":"SKIP","floor":18},{"not_picked":["PiercingWail","Leg Sweep","Riddle With Holes"],"picked":"SKIP","floor":22},{"not_picked":["Sucker Punch","Underhanded Strike","PiercingWail"],"picked":"SKIP","floor":23},{"not_picked":["Deflect+1","Skewer"],"picked":"Blade Dance+1","floor":24},{"not_picked":["Night Terror","Bane"],"picked":"Noxious Fumes","floor":25},{"not_picked":["Well Laid Plans","Blur"],"picked":"Escape Plan","floor":27},{"not_picked":["Underhanded Strike+1","Accuracy+1"],"picked":"Prepared+1","floor":29},{"not_picked":["Expertise+1","Dagger Spray"],"picked":"Envenom","floor":30},{"not_picked":["Flying Knee","Poisoned Stab"],"picked":"Footwork","floor":32}],"player_experience":131753,"relics_obtained":[{"floor":6,"key":"Blood Vial"},{"floor":8,"key":"Orichalcum"},{"floor":9,"key":"Dream Catcher"},{"floor":12,"key":"Centennial Puzzle"},{"floor":20,"key":"Necronomicon"},{"floor":23,"key":"Bag of Preparation"},{"floor":26,"key":"The Courier"},{"floor":30,"key":"Ancient Tea Set"}],"event_choices":[{"damage_healed":0,"gold_gain":0,"player_choice":"Entered Light","damage_taken":13,"max_hp_gain":0,"max_hp_loss":0,"event_name":"Shining Light","floor":4,"gold_loss":0,"cards_upgraded":["Neutralize","Strike_G"]},{"damage_healed":0,"gold_gain":0,"player_choice":"3 cards matched","damage_taken":0,"max_hp_gain":0,"max_hp_loss":0,"event_name":"Match and Keep!","floor":5,"gold_loss":0,"cards_obtained":["Flash of Steel","Envenom","Parasite"]},{"damage_healed":0,"gold_gain":0,"player_choice":"Obtained Book","damage_taken":16,"max_hp_gain":0,"max_hp_loss":0,"event_name":"Cursed Tome","floor":20,"gold_loss":0},{"damage_healed":0,"gold_gain":0,"player_choice":"Joined the Cult","damage_taken":6,"max_hp_gain":0,"max_hp_loss":0,"event_name":"Nest","floor":21,"gold_loss":0,"cards_obtained":["RitualDagger"]},{"cards_removed":["Parasite"],"damage_healed":0,"gold_gain":0,"player_choice":"Card Removal","damage_taken":0,"max_hp_gain":0,"max_hp_loss":0,"event_name":"Wheel of Change","floor":31,"gold_loss":0}],"is_beta":false,"boss_relics":[{"not_picked":["Tiny House","Coffee Dripper"],"picked":"Empty Cage"}],"items_purged_floors":[3,19],"is_endless":false,"potions_floor_spawned":[7,10,11,13,14,22,29,30],"killed_by":"Collector","ascension_level":1}