{"gold_per_floor":[114,189,364,364,161,186,13,13,37,47,67,67,37,66,66,66],"floor_reached":16,"playtime":334,"items_purged":[],"score":170,"play_id":"535b3549-0ba0-4e10-aea4-ace9872e0466","local_time":"20181017163650","is_ascension_mode":true,"campfire_choices":[{"floor":12,"key":"REST"},{"floor":15,"key":"REST"}],"neow_cost":"NONE","seed_source_timestamp":9300606283429,"circlet_count":0,"master_deck":["Defend_G","Defend_G","Defend_G","Defend_G","Defend_G","Strike_G","Strike_G","Strike_G","Strike_G+1","Strike_G","Survivor","Neutralize+1","AscendersBane","Caltrops","PiercingWail","Blade Dance","Backflip","Terror","Flying Knee","Heel Hook"],"relics":["Ring of the Snake","Omamori","Darkstone Periapt","Bag of Marbles","Potion Belt","Bag of Preparation","Ice Cream","Whetstone","Bottled Lightning"],"potions_floor_usage":[6,14],"damage_taken":[{"damage":4,"enemies":"Cultist","floor":1,"turns":4},{"damage":28,"enemies":"Gremlin Nob","floor":6,"turns":5},{"damage":4,"enemies":"Jaw Worm","floor":10,"turns":3},{"damage":2,"enemies":"Small Slimes","floor":11,"turns":3},{"damage":0,"enemies":"Looter","floor":13,"turns":4},{"damage":27,"enemies":"3 Sentries","floor":14,"turns":7},{"damage":0,"enemies":"Slime Boss","floor":16,"turns":1}],"seed_played":"38263119531308189","potions_obtained":[{"floor":6,"key":"AttackPotion"},{"floor":14,"key":"Poison Potion"}],"is_trial":false,"path_per_floor":["M","?","?","T","$","E","$","?","T","M","M","R","M","E","R"],"character_chosen":"THE_SILENT","items_purchased":["SteroidPotion","Bag of Marbles","Bag of Preparation","Blade Dance"],"campfire_rested":2,"item_purchase_floors":[5,5,7,7],"current_hp_per_floor":[59,48,48,48,48,20,20,13,13,9,7,28,28,1,22,22],"gold":66,"neow_bonus":"RANDOM_COMMON_RELIC","is_prod":false,"is_daily":false,"chose_seed":false,"campfire_upgraded":0,"win_rate":0,"timestamp":1539808610,"path_taken":["M","?","?","?","$","E","$","?","T","?","M","R","M","E","R","BOSS"],"build_version":"2018-10-17","purchased_purges":0,"victory":false,"max_hp_per_floor":[70,70,70,70,70,70,70,70,70,70,70,70,70,70,70,70],"card_choices":[{"not_picked":["Sucker Punch","Slice"],"picked":"Caltrops","floor":1},{"not_picked":["Outmaneuver","Bouncing Flask"],"picked":"PiercingWail","floor":6},{"not_picked":["Dagger Throw","Flying Knee"],"picked":"Backflip","floor":10},{"not_picked":["Crippling Poison","Sucker Punch"],"picked":"Terror","floor":11},{"not_picked":["Distraction","Sucker Punch"],"picked":"Flying Knee","floor":13},{"not_picked":["Dodge and Roll","Masterful Stab"],"picked":"Heel Hook","floor":14}],"player_experience":360385,"relics_obtained":[{"floor":4,"key":"Darkstone Periapt"},{"floor":6,"key":"Potion Belt"},{"floor":9,"key":"Whetstone"},{"floor":14,"key":"Bottled Lightning"}],"event_choices":[{"damage_healed":0,"gold_gain":75,"player_choice":"Gather Gold","damage_taken":11,"max_hp_gain":0,"max_hp_loss":0,"event_name":"World of Goop","floor":2,"gold_loss":0},{"damage_healed":0,"gold_gain":175,"player_choice":"AGREE","damage_taken":0,"max_hp_gain":0,"max_hp_loss":0,"event_name":"Liars Game","floor":3,"gold_loss":0,"cards_obtained":["Doubt"]},{"damage_healed":0,"gold_gain":0,"player_choice":"Success","damage_taken":7,"relics_obtained":["Ice Cream"],"max_hp_gain":0,"max_hp_loss":0,"event_name":"Scrap Ooze","floor":8,"gold_loss":0}],"is_beta":true,"boss_relics":[],"items_purged_floors":[],"is_endless":false,"potions_floor_spawned":[6,14],"killed_by":"Slime Boss","ascension_level":12}