{"gold_per_floor":[118,118,129,129,147,68,68,68,117,117,192,192,205,130,130,232,232,248,248,148,166,166],"floor_reached":22,"playtime":672,"items_purged":["Dualcast","Pain"],"score":172,"play_id":"e6552851-f389-4f50-b473-c8a1ef8ff6f3","local_time":"20190207120236","is_ascension_mode":false,"campfire_choices":[{"data":"Forethought","floor":8.0,"key":"SMITH"},{"data":"Madness","floor":10.0,"key":"SMITH"},{"data":"Capacitor","floor":12.0,"key":"SMITH"},{"data":"Coolheaded","floor":15.0,"key":"SMITH"}],"neow_cost":"TEN_PERCENT_HP_LOSS","seed_source_timestamp":408972873634310,"circlet_count":0,"master_deck":["Strike_B","Strike_B","Strike_B","Strike_B","Defend_B","Defend_B","Defend_B","Defend_B","Zap","Forethought+1","Madness+1","Sunder+1","Coolheaded+1","Capacitor+1","Coolheaded","Meteor Strike","Regret","Writhe","Turbo+1"],"special_seed":0,"relics":["Cracked Core","Anchor","Calling Bell","Dream Catcher","Darkstone Periapt","Gambling Chip","Cables"],"potions_floor_usage":[],"damage_taken":[{"damage":0.0,"enemies":"Small Slimes","floor":1.0,"turns":4.0},{"damage":8.0,"enemies":"Jaw Worm","floor":3.0,"turns":3.0},{"damage":0.0,"enemies":"Cultist","floor":5.0,"turns":3.0},{"damage":0.0,"enemies":"Looter","floor":13.0,"turns":3.0},{"damage":45.0,"enemies":"Hexaghost","floor":16.0,"turns":15.0},{"damage":15.0,"enemies":"Shell Parasite","floor":18.0,"turns":6.0},{"damage":14.0,"enemies":"Chosen","floor":21.0,"turns":5.0},{"damage":22,"enemies":"3 Cultists","floor":22,"turns":4}],"seed_played":"1316355801499492695","potions_obtained":[{"floor":3.0,"key":"EssenceOfSteel"},{"floor":16.0,"key":"SpeedPotion"},{"floor":18.0,"key":"Regen Potion"}],"is_trial":false,"path_per_floor":["M","?","M","?","M","$","$","R","T","R","?","R","M","$","R","B",null,"M","?","$","M","M"],"character_chosen":"DEFECT","items_purchased":["Capacitor"],"campfire_rested":0,"item_purchase_floors":[6],"current_hp_per_floor":[68,73,65,65,65,65,65,65,65,65,54,54,54,54,54,9,73,58,58,58,44,22],"gold":166,"neow_bonus":"RANDOM_COLORLESS_2","is_prod":false,"is_daily":false,"chose_seed":false,"campfire_upgraded":4,"win_rate":0,"timestamp":1549569756,"path_taken":["M","?","M","?","M","?","$","R","T","R","?","R","M","$","R","BOSS","M","?","$","M","M"],"build_version":"2019-01-23","purchased_purges":2,"victory":false,"max_hp_per_floor":[68,73,73,73,73,73,73,73,73,73,73,73,73,73,73,73,73,73,73,73,73,73],"card_choices":[{"not_picked":["Hologram","Leap"],"picked":"Sunder","floor":1.0},{"not_picked":["Double Energy","Stack","Steam"],"picked":"SKIP","floor":3.0},{"not_picked":["Undo","Go for the Eyes"],"picked":"Coolheaded","floor":5.0},{"not_picked":["Cold Snap","Gash"],"picked":"Coolheaded","floor":13.0},{"not_picked":["Reboot","Machine Learning"],"picked":"Meteor Strike","floor":16.0},{"not_picked":["Darkness","Steam"],"picked":"Turbo+1","floor":18.0},{"not_picked":["Turbo","Cold Snap","Blizzard"],"picked":"SKIP","floor":21.0}],"player_experience":366123,"relics_obtained":[{"floor":9.0,"key":"Anchor"},{"floor":17.0,"key":"Dream Catcher"},{"floor":17.0,"key":"Darkstone Periapt"},{"floor":17.0,"key":"Gambling Chip"}],"event_choices":[{"damage_healed":0.0,"max_hp_gain":5.0,"max_hp_loss":0.0,"gold_gain":0.0,"event_name":"Big Fish","player_choice":"Donut","floor":2.0,"gold_loss":0.0,"damage_taken":0.0},{"damage_healed":0.0,"max_hp_gain":0.0,"max_hp_loss":0.0,"gold_gain":0.0,"event_name":"Living Wall","player_choice":"Grow","floor":4.0,"gold_loss":0.0,"damage_taken":0.0,"cards_upgraded":["Sunder"]},{"damage_healed":0.0,"max_hp_gain":0.0,"max_hp_loss":0.0,"gold_gain":75.0,"event_name":"World of Goop","player_choice":"Gather Gold","floor":11.0,"gold_loss":0.0,"damage_taken":11.0},{"damage_healed":0.0,"max_hp_gain":0.0,"max_hp_loss":0.0,"gold_gain":0.0,"event_name":"The Mausoleum","player_choice":"Opened","floor":19.0,"gold_loss":0.0,"damage_taken":0.0,"relics_obtained":["Cables"]}],"is_beta":false,"boss_relics":[{"not_picked":["Pandora\u0027s Box","Busted Crown"],"picked":"Calling Bell"}],"items_purged_floors":[14,20],"is_endless":false,"potions_floor_spawned":[3,16,18],"killed_by":"3 Cultists","ascension_level":0}