{"gold_per_floor":[11,24,39,58,70,70,95,95,95,95,115,150,169,181,181,284,284,300,314,333,9,20,20],"floor_reached":23,"playtime":1222,"items_purged":[],"score":339,"play_id":"e7453dee-7e12-455c-99d2-42fb030ecd29","local_time":"20190329150524","is_ascension_mode":true,"campfire_choices":[{"data":"Static Discharge","floor":6,"key":"SMITH"},{"floor":8,"key":"REST"},{"floor":10,"key":"REST"},{"floor":15,"key":"REST"}],"neow_cost":"NO_GOLD","seed_source_timestamp":1179014173827819,"circlet_count":0,"master_deck":["AscendersBane","Strike_B","Strike_B","Strike_B","Strike_B","Defend_B","Defend_B","Defend_B","Defend_B","Zap","Dualcast","Go for the Eyes","Static Discharge+1","Cold Snap","Steam","BootSequence","Biased Cognition","Coolheaded","Coolheaded","Electrodynamics","Conserve Battery","Capacitor","Self Repair"],"relics":["Cracked Core","Smiling Mask","Singing Bowl","Matryoshka","Busted Crown","Gambling Chip"],"potions_floor_usage":[16,23,23],"damage_taken":[{"damage":1,"enemies":"Cultist","floor":1,"turns":4},{"damage":6,"enemies":"Small Slimes","floor":2,"turns":3},{"damage":7,"enemies":"Jaw Worm","floor":3,"turns":3},{"damage":27,"enemies":"Exordium Thugs","floor":4,"turns":4},{"damage":6,"enemies":"Blue Slaver","floor":5,"turns":3},{"damage":25,"enemies":"3 Sentries","floor":7,"turns":7},{"damage":13,"enemies":"Gremlin Gang","floor":11,"turns":4},{"damage":22,"enemies":"Gremlin Nob","floor":12,"turns":4},{"damage":1,"enemies":"Exordium Wildlife","floor":13,"turns":4},{"damage":0,"enemies":"2 Fungi Beasts","floor":14,"turns":5},{"damage":39,"enemies":"Slime Boss","floor":16,"turns":10},{"damage":22,"enemies":"Shell Parasite","floor":18,"turns":5},{"damage":5,"enemies":"Chosen","floor":19,"turns":4},{"damage":19,"enemies":"Centurion and Healer","floor":20,"turns":6},{"damage":10,"enemies":"Shelled Parasite and Fungi","floor":22,"turns":5},{"damage":26,"enemies":"Slavers","floor":23,"turns":2}],"seed_played":"-3760997100429445532","potions_obtained":[{"floor":3,"key":"Fire Potion"},{"floor":4,"key":"FocusPotion"},{"floor":11,"key":"LiquidBronze"},{"floor":16,"key":"Swift Potion"},{"floor":18,"key":"LiquidBronze"}],"is_trial":false,"path_per_floor":["M"],"character_chosen":"DEFECT","items_purchased":["Gambling Chip","Capacitor"],"campfire_rested":3,"item_purchase_floors":[21,21],"current_hp_per_floor":[81,75,68,41,35,35,10,36,36,62,49,27,26,28,55,16,72,50,47,30,30,20,0],"gold":20,"neow_bonus":"TWENTY_PERCENT_HP_BONUS","is_prod":false,"is_daily":false,"chose_seed":false,"campfire_upgraded":1,"win_rate":0,"timestamp":1553886324,"path_taken":["M","M","M","M","M","R","E","R","T","R","M","E","?","M","R","BOSS","M","M","M","$","M","E"],"build_version":"2019-01-23","purchased_purges":0,"victory":false,"max_hp_per_floor":[89,89,89,89,89,89,89,89,89,89,89,89,89,91,91,91,91,91,93,95,95,95,95],"card_choices":[{"not_picked":["Gash","Barrage"],"picked":"Go for the Eyes","floor":1},{"not_picked":["Force Field","Double Energy"],"picked":"Static Discharge","floor":2},{"not_picked":["Compile Driver","Blizzard"],"picked":"Cold Snap","floor":3},{"not_picked":["Rip and Tear","Gash"],"picked":"Steam","floor":4},{"not_picked":["Chaos","Hologram","Rebound"],"picked":"SKIP","floor":5},{"not_picked":["Lockon","Stack"],"picked":"BootSequence","floor":7},{"not_picked":["Hologram","Auto Shields"],"picked":"Biased Cognition","floor":11},{"not_picked":["Sweeping Beam","Leap"],"picked":"Coolheaded","floor":12},{"not_picked":["Hello World","Barrage"],"picked":"Coolheaded","floor":13},{"not_picked":["Reinforced Body","Amplify","Gash"],"picked":"Singing Bowl","floor":14},{"not_picked":["Amplify","Biased Cognition"],"picked":"Electrodynamics","floor":16},{"not_picked":[],"picked":"Conserve Battery","floor":18},{"not_picked":["Turbo"],"picked":"Singing Bowl","floor":19},{"not_picked":["Gash+1"],"picked":"Singing Bowl","floor":20},{"not_picked":[],"picked":"Self Repair","floor":22}],"player_experience":1207999,"relics_obtained":[{"floor":7,"key":"Smiling Mask"},{"floor":9,"key":"Singing Bowl"},{"floor":12,"key":"Matryoshka"}],"event_choices":[],"is_beta":false,"boss_relics":[{"not_picked":["Black Star","FrozenCore"],"picked":"Busted Crown"}],"items_purged_floors":[],"is_endless":false,"potions_floor_spawned":[3,4,11,12,16,18,22],"killed_by":"Slavers","ascension_level":10}