{"gold_per_floor":[113,129,140,140,90,90,9,9,9,27,27,51,74,99,99,99],"floor_reached":16,"playtime":1439,"items_purged":[],"score":108,"play_id":"57cd551e-3862-423f-af86-55f759b32183","local_time":"20190410212151","is_ascension_mode":true,"campfire_choices":[{"data":"Neutralize","floor":6,"key":"SMITH"},{"data":"Flechettes","floor":15,"key":"SMITH"}],"neow_cost":"TEN_PERCENT_HP_LOSS","seed_source_timestamp":36375443854700,"circlet_count":0,"master_deck":["Defend_G","Defend_G","Defend_G","Defend_G","Strike_G","Strike_G","Strike_G","Survivor","Neutralize+1","PiercingWail","PiercingWail","Blur","Flechettes+1","After Image"],"relics":["Ring of the Snake","The Specimen","Golden Idol"],"potions_floor_usage":[12,14],"damage_taken":[{"damage":0,"enemies":"2 Louse","floor":1,"turns":3},{"damage":5,"enemies":"Jaw Worm","floor":2,"turns":7},{"damage":0,"enemies":"Small Slimes","floor":3,"turns":5},{"damage":10,"enemies":"Exordium Wildlife","floor":10,"turns":9},{"damage":0,"enemies":"Blue Slaver","floor":12,"turns":4},{"damage":1,"enemies":"Red Slaver","floor":13,"turns":5},{"damage":0,"enemies":"Looter","floor":14,"turns":5},{"damage":64,"enemies":"Slime Boss","floor":16,"turns":15}],"seed_played":"1748108850619648592","potions_obtained":[{"floor":1,"key":"Strength Potion"},{"floor":13,"key":"GhostInAJar"}],"is_trial":false,"path_per_floor":["M","M","M","?","?","R","$","$","T","M","?","M","M","M","R","B"],"character_chosen":"THE_SILENT","items_purchased":["Blur"],"campfire_rested":0,"item_purchase_floors":[7],"current_hp_per_floor":[63,58,58,63,63,63,63,63,63,53,53,53,52,52,52,0],"gold":99,"neow_bonus":"REMOVE_TWO","is_prod":false,"is_daily":false,"chose_seed":false,"campfire_upgraded":2,"win_rate":0,"timestamp":1554945711,"path_taken":["M","M","M","?","?","R","?","$","T","M","?","M","M","?","R","BOSS"],"build_version":"2019-01-23","purchased_purges":0,"victory":false,"max_hp_per_floor":[63,63,63,68,68,68,68,68,68,68,63,63,63,63,63,63],"card_choices":[{"not_picked":["Heel Hook","Dodge and Roll","Flying Knee"],"picked":"SKIP","floor":1},{"not_picked":["Flying Knee","Deflect"],"picked":"PiercingWail","floor":2},{"not_picked":["Sucker Punch","Flying Knee"],"picked":"PiercingWail","floor":3},{"not_picked":["Quick Slash","Deadly Poison"],"picked":"Flechettes","floor":10},{"not_picked":["Masterful Stab","Riddle With Holes","Skewer"],"picked":"SKIP","floor":12},{"not_picked":["Endless Agony","Dagger Throw","Choke"],"picked":"SKIP","floor":13},{"not_picked":["Flying Knee","Predator"],"picked":"After Image","floor":14}],"player_experience":311664,"relics_obtained":[{"floor":9,"key":"The Specimen"}],"event_choices":[{"damage_healed":0,"gold_gain":0,"player_choice":"Donut","damage_taken":0,"max_hp_gain":5,"max_hp_loss":0,"event_name":"Big Fish","floor":4,"gold_loss":0},{"cards_removed":["Defend_G"],"damage_healed":0,"gold_gain":0,"player_choice":"Card Removal","damage_taken":0,"max_hp_gain":0,"max_hp_loss":0,"event_name":"The Cleric","floor":5,"gold_loss":50},{"damage_healed":0,"gold_gain":0,"player_choice":"Lose Max HP","damage_taken":0,"relics_obtained":["Golden Idol"],"max_hp_gain":0,"max_hp_loss":5,"event_name":"Golden Idol","floor":11,"gold_loss":0}],"is_beta":false,"boss_relics":[],"items_purged_floors":[],"is_endless":false,"potions_floor_spawned":[1,13],"killed_by":"Slime Boss","ascension_level":3}