{"gold_per_floor":[117,130,130,130,130,158,158,188,188,188,263,25,25,35,35,113,113,132,57,57,73,89,89,15,15,38,63,74,102,102,132,132,207,207,224,29,79,93,108,136,136,187,187,187,215,226,243,278,278,278,278,278,278,13,38,38],"floor_reached":57,"playtime":2376,"items_purged":["Strike_R","Strike_R"],"score":2858,"play_id":"686d8bdf-fa33-43f3-b7b0-d9170b3d9f77","local_time":"20190411001221","is_ascension_mode":true,"campfire_choices":[{"floor":7.0,"key":"REST"},{"floor":10.0,"key":"REST"},{"data":"Fiend Fire","floor":13.0,"key":"SMITH"},{"data":"Inflame","floor":15.0,"key":"SMITH"},{"data":"Feed","floor":23.0,"key":"SMITH"},{"data":"Feel No Pain","floor":25.0,"key":"SMITH"},{"data":"Armaments","floor":30.0,"key":"SMITH"},{"data":"Limit Break","floor":32.0,"key":"SMITH"},{"data":"Disarm","floor":41.0,"key":"SMITH"},{"floor":44.0,"key":"RECALL"},{"data":"Battle Trance","floor":49.0,"key":"SMITH"},{"floor":53.0,"key":"REST"}],"neow_cost":"NONE","seed_source_timestamp":0,"circlet_count":0,"master_deck":["AscendersBane","Strike_R","Defend_R","Defend_R","Defend_R","Defend_R","Bash+1","Impatience","Battle Trance+1","Clothesline+1","Reaper","Cleave","Fiend Fire+1","Inflame+1","Offering+1","Battle Trance","Disarm+1","Feed+1","Feel No Pain+1","Armaments+1","Twin Strike+1","Headbutt","Limit Break+1","Immolate","Dark Shackles+1","Headbutt","Heavy Blade+1","Ghostly Armor","Pummel","Twin Strike+1","Flame Barrier","Impervious"],"special_seed":0,"relics":["Burning Blood","Oddly Smooth Stone","Vajra","Anchor","Shuriken","Lantern","Velvet Choker","MutagenicStrength","Ancient Tea Set","Mango","Pen Nib","Dream Catcher","Runic Dome","Du-Vu Doll","Gambling Chip","Regal Pillow","Bag of Preparation","Ornamental Fan","War Paint"],"potions_floor_usage":[56,56],"damage_taken":[{"damage":3.0,"enemies":"2 Louse","floor":1.0,"turns":4.0},{"damage":7.0,"enemies":"Jaw Worm","floor":2.0,"turns":3.0},{"damage":41.0,"enemies":"Lagavulin","floor":6.0,"turns":9.0},{"damage":24.0,"enemies":"Gremlin Nob","floor":8.0,"turns":4.0},{"damage":0.0,"enemies":"Small Slimes","floor":14.0,"turns":2.0},{"damage":42.0,"enemies":"Hexaghost","floor":16.0,"turns":8.0},{"damage":6.0,"enemies":"Chosen","floor":18.0,"turns":2.0},{"damage":27.0,"enemies":"3 Byrds","floor":21.0,"turns":4.0},{"damage":13.0,"enemies":"Snecko","floor":22.0,"turns":3.0},{"damage":25.0,"enemies":"Book of Stabbing","floor":27.0,"turns":4.0},{"damage":10.0,"enemies":"3 Cultists","floor":28.0,"turns":4.0},{"damage":7.0,"enemies":"Gremlin Leader","floor":29.0,"turns":3.0},{"damage":21.0,"enemies":"Book of Stabbing","floor":31.0,"turns":3.0},{"damage":31.0,"enemies":"Automaton","floor":33.0,"turns":6.0},{"damage":0.0,"enemies":"3 Darklings","floor":35.0,"turns":2.0},{"damage":6.0,"enemies":"Orb Walker","floor":38.0,"turns":3.0},{"damage":0.0,"enemies":"Writhing Mass","floor":39.0,"turns":2.0},{"damage":5.0,"enemies":"Reptomancer","floor":40.0,"turns":4.0},{"damage":32.0,"enemies":"2 Orb Walkers","floor":42.0,"turns":4.0},{"damage":27.0,"enemies":"Nemesis","floor":45.0,"turns":5.0},{"damage":32.0,"enemies":"Maw","floor":46.0,"turns":6.0},{"damage":30.0,"enemies":"Spire Growth","floor":47.0,"turns":3.0},{"damage":28.0,"enemies":"Reptomancer","floor":48.0,"turns":4.0},{"damage":91.0,"enemies":"Awakened One","floor":50.0,"turns":10.0},{"damage":30.0,"enemies":"Time Eater","floor":51.0,"turns":4.0},{"damage":21.0,"enemies":"Shield and Spear","floor":55.0,"turns":6.0},{"damage":92,"enemies":"The Heart","floor":56,"turns":8}],"seed_played":"-1999785685727057538","potions_obtained":[{"floor":6.0,"key":"FearPotion"},{"floor":8.0,"key":"BloodPotion"},{"floor":16.0,"key":"GamblersBrew"},{"floor":18.0,"key":"LiquidBronze"},{"floor":28.0,"key":"Regen Potion"},{"floor":33.0,"key":"Poison Potion"},{"floor":35.0,"key":"Block Potion"},{"floor":38.0,"key":"Swift Potion"}],"is_trial":false,"path_per_floor":["M","M","?","?","T","E","R","E","T","R","?","$","R","M","R","B",null,"M","?","?","M","M","R","$","R","T","E","M","E","R","E","R","B",null,"M","$","?","M","M","E","R","?","T","R","E","M","M","E","R","B","B",null,"R","$","E","B",null],"character_chosen":"IRONCLAD","items_purchased":["Lantern","Feel No Pain","Dark Shackles","Ornamental Fan"],"campfire_rested":3,"item_purchase_floors":[12,24,36,54],"current_hp_per_floor":[71,70,70,47,47,12,34,16,16,38,27,27,27,35,35,7,58,63,63,63,54,59,59,59,59,59,66,93,97,97,82,82,57,87,93,93,84,100,101,105,105,103,103,103,88,94,74,105,105,46,59,109,125,125,110,86],"gold":38,"neow_bonus":"RANDOM_COLORLESS","is_prod":false,"is_daily":false,"chose_seed":false,"campfire_upgraded":8,"win_rate":0,"timestamp":1554955941,"path_taken":["M","M","?","?","?","E","R","E","T","R","?","?","R","M","R","BOSS","M","?","?","M","M","R","$","R","T","E","M","E","R","E","R","BOSS","M","$","?","?","M","E","R","?","T","R","E","M","M","E","R","BOSS","BOSS","R","$","E","BOSS"],"build_version":"2019-04-04","purchased_purges":2,"victory":true,"max_hp_per_floor":[75,75,75,75,75,75,75,75,75,75,75,75,75,75,75,75,75,75,75,75,75,75,75,75,75,75,89,93,97,97,97,97,97,97,97,97,97,101,101,105,105,105,105,105,109,113,117,121,121,125,125,125,125,125,125,125],"card_choices":[{"not_picked":["Pommel Strike","Cleave"],"picked":"Battle Trance","floor":1.0},{"not_picked":["Reckless Charge","Clash"],"picked":"Clothesline","floor":2.0},{"not_picked":["Reckless Charge","Perfected Strike"],"picked":"Cleave","floor":6.0},{"not_picked":["Blood for Blood","Warcry"],"picked":"Fiend Fire","floor":8.0},{"not_picked":["Anger","Clash"],"picked":"Inflame","floor":14.0},{"not_picked":["Berserk","Juggernaut"],"picked":"Offering","floor":16.0},{"not_picked":["Intimidate","Sword Boomerang"],"picked":"Battle Trance","floor":18.0},{"not_picked":["Armaments","Flex"],"picked":"Disarm","floor":21.0},{"not_picked":["Cleave","Iron Wave"],"picked":"Feed","floor":22.0},{"not_picked":["Clash","Sever Soul"],"picked":"Armaments","floor":27.0},{"not_picked":["Second Wind","Sentinel"],"picked":"Twin Strike+1","floor":28.0},{"not_picked":["Cleave","Bludgeon"],"picked":"Headbutt","floor":29.0},{"not_picked":["Thunderclap","Intimidate"],"picked":"Limit Break","floor":31.0},{"not_picked":["Bludgeon","Juggernaut"],"picked":"Immolate","floor":33.0},{"not_picked":["Rage+1","Spot Weakness","Flex+1"],"picked":"SKIP","floor":35.0},{"not_picked":["Sever Soul+1","Thunderclap"],"picked":"Headbutt","floor":38.0},{"not_picked":["Clothesline+1","Corruption+1","Power Through"],"picked":"SKIP","floor":39.0},{"not_picked":["Sentinel","Clothesline","Combust"],"picked":"SKIP","floor":40.0},{"not_picked":["Armaments","Battle Trance"],"picked":"Heavy Blade+1","floor":42.0},{"not_picked":["Inflame","Pommel Strike"],"picked":"Ghostly Armor","floor":45.0},{"not_picked":["Sentinel","Fire Breathing"],"picked":"Pummel","floor":46.0},{"not_picked":["Corruption+1","Anger","Double Tap"],"picked":"SKIP","floor":47.0},{"not_picked":["Battle Trance","Perfected Strike+1"],"picked":"Twin Strike+1","floor":48.0},{"not_picked":["Warcry","Body Slam+1"],"picked":"Flame Barrier","floor":53.0},{"not_picked":["Anger+1","Dropkick"],"picked":"Impervious","floor":55.0}],"player_experience":1510702,"relics_obtained":[{"floor":5.0,"key":"Oddly Smooth Stone"},{"floor":6.0,"key":"Vajra"},{"floor":8.0,"key":"Anchor"},{"floor":9.0,"key":"Shuriken"},{"floor":26.0,"key":"Ancient Tea Set"},{"floor":27.0,"key":"Mango"},{"floor":29.0,"key":"Pen Nib"},{"floor":31.0,"key":"Dream Catcher"},{"floor":40.0,"key":"Du-Vu Doll"},{"floor":42.0,"key":"Gambling Chip"},{"floor":45.0,"key":"Regal Pillow"},{"floor":48.0,"key":"Bag of Preparation"},{"floor":55.0,"key":"War Paint"}],"event_choices":[{"damage_healed":0.0,"max_hp_gain":0.0,"max_hp_loss":0.0,"gold_gain":0.0,"cards_transformed":["Strike_R"],"event_name":"Living Wall","player_choice":"Change","floor":3.0,"gold_loss":0.0,"damage_taken":0.0,"cards_obtained":["Reaper"]},{"damage_healed":0.0,"max_hp_gain":0.0,"max_hp_loss":0.0,"gold_gain":0.0,"event_name":"Shining Light","player_choice":"Entered Light","floor":4.0,"gold_loss":0.0,"damage_taken":23.0,"cards_upgraded":["Clothesline","Bash"]},{"damage_healed":0.0,"max_hp_gain":0.0,"max_hp_loss":0.0,"gold_gain":75.0,"event_name":"World of Goop","player_choice":"Gather Gold","floor":11.0,"gold_loss":0.0,"damage_taken":11.0},{"cards_removed":["Strike_R"],"damage_healed":0.0,"max_hp_gain":0.0,"max_hp_loss":0.0,"gold_gain":0.0,"event_name":"Beggar","player_choice":"Gave Gold","floor":19.0,"gold_loss":75.0,"damage_taken":0.0},{"damage_healed":0.0,"max_hp_gain":0.0,"max_hp_loss":0.0,"gold_gain":0.0,"event_name":"Drug Dealer","player_choice":"Inject Mutagens","floor":20.0,"gold_loss":0.0,"damage_taken":0.0,"relics_obtained":["MutagenicStrength"]},{"damage_healed":0.0,"max_hp_gain":0.0,"max_hp_loss":0.0,"gold_gain":50.0,"event_name":"FaceTrader","player_choice":"Touch","floor":37.0,"gold_loss":0.0,"damage_taken":9.0},{"damage_healed":0.0,"max_hp_gain":0.0,"max_hp_loss":0.0,"gold_gain":0.0,"event_name":"Mysterious Sphere","player_choice":"Fight","floor":42.0,"gold_loss":0.0,"damage_taken":0.0}],"is_beta":true,"boss_relics":[{"not_picked":["Tiny House","Ectoplasm"],"picked":"Velvet Choker"},{"not_picked":["Eternal Feather","Mark of Pain"],"picked":"Runic Dome"}],"items_purged_floors":[12,36],"is_endless":false,"potions_floor_spawned":[6,8,16,18,21,28,33,35,38,40,48],"ascension_level":20}