{"gold_per_floor":[211,211,222,222,235,266,266,286,337,95,125,139,139,164,164,260,260,272,272,272,272,3,3,20,30,30,30,41,71,83,43,43,43],"floor_reached":33,"playtime":1559,"items_purged":[],"score":438,"play_id":"b8dbdde2-bb02-466b-9df5-5e0fb195607a","local_time":"20181016080255","is_ascension_mode":true,"campfire_choices":[{"data":"Venomology","floor":7,"key":"SMITH"},{"floor":13,"key":"REST"},{"data":"Discovery","floor":15,"key":"SMITH"},{"data":"Cloak And Dagger","floor":23,"key":"SMITH"},{"data":"Cloak And Dagger","floor":27,"key":"SMITH"},{"data":"Cloak And Dagger","floor":32,"key":"SMITH"}],"neow_cost":"NONE","seed_source_timestamp":4191663606709,"circlet_count":0,"master_deck":["Defend_G","Defend_G","Defend_G","Defend_G","Defend_G","Strike_G","Strike_G","Strike_G+1","Strike_G","Strike_G+1","Survivor","Neutralize+1","AscendersBane","Flechettes+1","Cloak And Dagger+1","Venomology+1","PiercingWail","Discovery+1","Unload","Escape Plan","Backflip","After Image","Cloak And Dagger+1","Cloak And Dagger+1","Cloak And Dagger+1","Concentrate","PiercingWail","Regret","Backflip","Distraction+1","Unload"],"relics":["Ring of the Snake","Whetstone","Regal Pillow","Ancient Tea Set","Vajra","Dream Catcher","Boot","Cursed Key","Pantograph","Blue Candle","Bottled Flame"],"potions_floor_usage":[6,6,11,11,11,16,16,20,20,25,28,29,29,29,29,33,33,33],"damage_taken":[{"damage":4,"enemies":"Jaw Worm","floor":1,"turns":5},{"damage":1,"enemies":"Cultist","floor":3,"turns":4},{"damage":2,"enemies":"2 Louse","floor":5,"turns":3},{"damage":14,"enemies":"3 Sentries","floor":6,"turns":8},{"damage":9,"enemies":"Looter","floor":8,"turns":5},{"damage":5,"enemies":"Lagavulin","floor":11,"turns":4},{"damage":8,"enemies":"3 Louse","floor":12,"turns":2},{"damage":40,"enemies":"Hexaghost","floor":16,"turns":16},{"damage":3,"enemies":"Chosen","floor":18,"turns":6},{"damage":0,"enemies":"Colosseum Slavers","floor":20,"turns":1},{"damage":0,"enemies":"2 Thieves","floor":24,"turns":4},{"damage":3,"enemies":"Centurion and Healer","floor":25,"turns":7},{"damage":12,"enemies":"Snecko","floor":28,"turns":5},{"damage":11,"enemies":"Gremlin Leader","floor":29,"turns":10},{"damage":2,"enemies":"Snake Plant","floor":30,"turns":7},{"damage":55,"enemies":"Champ","floor":33,"turns":12}],"seed_played":"3094730820030785584","potions_obtained":[{"floor":1,"key":"Weak Potion"},{"floor":2,"key":"Dexterity Potion"},{"floor":2,"key":"SkillPotion"},{"floor":2,"key":"Block Potion"},{"floor":3,"key":"FearPotion"},{"floor":11,"key":"Explosive Potion"},{"floor":16,"key":"SkillPotion"},{"floor":25,"key":"SteroidPotion"},{"floor":30,"key":"Energy Potion"}],"is_trial":false,"path_per_floor":["M","?","M","T","M","E","R","M","T","$","E","M","R","T","R","B",null,"M","?","?","?","$","R","M","M","T","R","M","E","M","?","R"],"character_chosen":"THE_SILENT","items_purchased":["Vajra","Discovery","Cloak And Dagger","Pantograph"],"campfire_rested":1,"item_purchase_floors":[10,10,22,22],"current_hp_per_floor":[59,59,58,58,56,42,42,33,33,33,28,20,56,56,56,16,57,54,54,54,54,54,54,54,51,51,51,39,28,26,26,26,0],"gold":43,"neow_bonus":"HUNDRED_GOLD","is_prod":false,"is_daily":false,"chose_seed":false,"campfire_upgraded":5,"win_rate":0,"timestamp":1539691375,"path_taken":["M","?","?","?","M","E","R","M","T","$","E","?","R","?","R","BOSS","M","?","?","?","$","R","M","M","T","R","M","E","?","?","R","BOSS"],"build_version":"2018-10-15v2","purchased_purges":0,"victory":false,"max_hp_per_floor":[70,70,70,70,70,70,70,70,70,70,70,70,70,70,70,70,70,70,70,70,70,70,70,70,70,70,70,70,70,70,70,70,70],"card_choices":[{"not_picked":["Leg Sweep","Deflect"],"picked":"Flechettes","floor":1},{"not_picked":["Bane","Prepared","Catalyst"],"picked":"SKIP","floor":3},{"not_picked":["Dagger Spray","Bane"],"picked":"Cloak And Dagger","floor":5},{"not_picked":["Concentrate","Tactician"],"picked":"Venomology","floor":6},{"not_picked":["Bane","Slice"],"picked":"PiercingWail","floor":8},{"not_picked":["Dagger Throw","Quick Slash"],"picked":"Unload","floor":11},{"not_picked":["Bouncing Flask","Sucker Punch"],"picked":"Escape Plan","floor":12},{"not_picked":["Deadly Poison","All Out Attack"],"picked":"Backflip","floor":13},{"not_picked":["Glass Knife","Malaise"],"picked":"After Image","floor":16},{"not_picked":["Masterful Stab","Deadly Poison"],"picked":"Cloak And Dagger+1","floor":18},{"not_picked":["Dagger Throw","Quick Slash"],"picked":"Concentrate","floor":24},{"not_picked":["Slice","Underhanded Strike"],"picked":"PiercingWail","floor":25},{"not_picked":["Catalyst","Sucker Punch"],"picked":"Backflip","floor":28},{"not_picked":["Endless Agony","Escape Plan"],"picked":"Distraction+1","floor":29},{"not_picked":["Bouncing Flask","Poisoned Stab"],"picked":"Unload","floor":30}],"player_experience":346720,"relics_obtained":[{"floor":4,"key":"Whetstone"},{"floor":6,"key":"Regal Pillow"},{"floor":9,"key":"Ancient Tea Set"},{"floor":11,"key":"Dream Catcher"},{"floor":14,"key":"Boot"},{"floor":26,"key":"Blue Candle"},{"floor":29,"key":"Bottled Flame"}],"event_choices":[{"event_name":"The Lab","player_choice":"Got Potions","floor":2,"damage_taken":0},{"event_name":"The Library","player_choice":"Read","floor":19,"damage_taken":0},{"event_name":"Colosseum","player_choice":"Fight","floor":20,"damage_taken":0},{"event_name":"Colosseum","player_choice":"Fled From Nobs","floor":20,"damage_taken":0},{"event_name":"Beggar","player_choice":"Ignored","floor":21,"damage_taken":0},{"event_name":"Designer","player_choice":"Upgrade 2 Random Cards","floor":31,"damage_taken":0}],"is_beta":true,"boss_relics":[{"not_picked":["Orrery","Eternal Feather"],"picked":"Cursed Key"}],"items_purged_floors":[],"is_endless":false,"potions_floor_spawned":[1,3,11,16,25,28,30],"killed_by":"Champ","ascension_level":10}