{"gold_per_floor":[15,28,48,68,243,243,262,275,300,319,347,347,379,67,67,164,164,175,175,12,79,37,37,37,113,137,157,157,174,174],"floor_reached":30,"playtime":10651,"items_purged":[],"score":315,"play_id":"a2c01669-9ec4-429a-8204-591c639e1d6d","local_time":"20190101135440","is_ascension_mode":true,"campfire_choices":[{"data":"Sucker Punch","floor":6,"key":"SMITH"},{"floor":12,"key":"REST"},{"floor":15,"key":"REST"},{"floor":23,"key":"REST"},{"floor":28,"key":"REST"}],"neow_cost":"NO_GOLD","seed_source_timestamp":1093474729169897,"circlet_count":0,"master_deck":["Defend_G","Defend_G","Defend_G","Defend_G","Strike_G","Strike_G","Strike_G","Survivor","Neutralize","Dodge and Roll","Sucker Punch+1","Terror","Footwork","Doubt","Blade Dance","Flying Knee","Prepared","Blur","Dodge and Roll","Infinite Blades","Storm of Steel","Venomology+1","Cloak And Dagger+1","Outmaneuver+1","Cloak And Dagger","Unload","Cloak And Dagger","Deflect","Slice","Flying Knee+1","PiercingWail+1","Poisoned Stab"],"relics":["Ring of the Snake","Art of War","PreservedInsect","Bottled Lightning","Astrolabe","SsserpentHead","Red Mask","Bronze Scales"],"potions_floor_usage":[11,11,16,25,25,25,25],"damage_taken":[{"damage":3,"enemies":"2 Louse","floor":1,"turns":4},{"damage":1,"enemies":"Jaw Worm","floor":2,"turns":5},{"damage":1,"enemies":"Small Slimes","floor":3,"turns":3},{"damage":8,"enemies":"Red Slaver","floor":4,"turns":5},{"damage":4,"enemies":"2 Fungi Beasts","floor":7,"turns":6},{"damage":2,"enemies":"3 Louse","floor":8,"turns":4},{"damage":1,"enemies":"Blue Slaver","floor":10,"turns":6},{"damage":25,"enemies":"3 Sentries","floor":11,"turns":13},{"damage":8,"enemies":"Lagavulin","floor":13,"turns":7},{"damage":43,"enemies":"Slime Boss","floor":16,"turns":17},{"damage":4,"enemies":"Shell Parasite","floor":18,"turns":7},{"damage":16,"enemies":"Chosen","floor":21,"turns":5},{"damage":39,"enemies":"Masked Bandits","floor":25,"turns":9},{"damage":26,"enemies":"Snake Plant","floor":27,"turns":5},{"damage":27,"enemies":"Sentry and Sphere","floor":29,"turns":7},{"damage":11,"enemies":"Snecko","floor":30,"turns":5}],"seed_played":"3725861931736525301","potions_obtained":[{"floor":2,"key":"Fire Potion"},{"floor":3,"key":"Energy Potion"},{"floor":10,"key":"Poison Potion"},{"floor":11,"key":"Energy Potion"},{"floor":13,"key":"AttackPotion"},{"floor":27,"key":"Ancient Potion"}],"is_trial":false,"path_per_floor":["M","M","M","M","?","R","M","M","T","M","E","R","E","$","R","B",null,"M","?","$","M","$","R","$","?","T","M","R","M","M"],"character_chosen":"THE_SILENT","items_purchased":["Bottled Lightning","Infinite Blades","Unload","Deflect","Slice"],"campfire_rested":4,"item_purchase_floors":[14,14,20,22,22],"current_hp_per_floor":[74,73,72,64,64,64,60,58,58,57,32,57,49,49,74,31,71,67,67,67,51,51,76,76,37,37,11,36,9,0],"gold":174,"neow_bonus":"TWENTY_PERCENT_HP_BONUS","is_prod":false,"is_daily":false,"chose_seed":false,"campfire_upgraded":1,"win_rate":0,"timestamp":1546376080,"path_taken":["M","M","M","M","?","R","M","M","T","M","E","R","E","?","R","BOSS","M","?","$","?","?","R","$","?","T","M","R","M","M"],"build_version":"2018-12-20","purchased_purges":0,"victory":false,"max_hp_per_floor":[84,84,84,84,84,84,84,84,84,84,84,84,84,84,84,84,84,84,84,84,84,84,84,84,84,84,84,84,84,84],"card_choices":[{"not_picked":["Predator","Finisher"],"picked":"Dodge and Roll","floor":1},{"not_picked":["Backstab","Backflip"],"picked":"Sucker Punch","floor":2},{"not_picked":["Catalyst","Wraith Form v2"],"picked":"Terror","floor":3},{"not_picked":["Outmaneuver","Prepared"],"picked":"Footwork","floor":4},{"not_picked":["Prepared","Tools of the Trade"],"picked":"Blade Dance","floor":7},{"not_picked":["Footwork","Bane"],"picked":"Flying Knee","floor":8},{"not_picked":["Distraction","Underhanded Strike"],"picked":"Prepared","floor":10},{"not_picked":["PiercingWail","Dagger Spray"],"picked":"Blur","floor":11},{"not_picked":["Skewer","Crippling Poison"],"picked":"Dodge and Roll","floor":13},{"not_picked":["Wraith Form v2","Phantasmal Killer"],"picked":"Storm of Steel","floor":16},{"not_picked":["Sucker Punch","Reflex"],"picked":"Cloak And Dagger","floor":18},{"not_picked":["Backstab","PiercingWail+1"],"picked":"Cloak And Dagger","floor":21},{"not_picked":["Acrobatics","Poisoned Stab"],"picked":"Flying Knee+1","floor":25},{"not_picked":["Eviscerate","All Out Attack"],"picked":"PiercingWail+1","floor":27},{"not_picked":["Dagger Throw","Infinite Blades"],"picked":"Poisoned Stab","floor":29}],"player_experience":1220561,"relics_obtained":[{"floor":11,"key":"Art of War"},{"floor":13,"key":"PreservedInsect"},{"floor":25,"key":"Red Mask"},{"floor":26,"key":"Bronze Scales"}],"event_choices":[{"damage_healed":0,"gold_gain":175,"player_choice":"AGREE","damage_taken":0,"max_hp_gain":0,"max_hp_loss":0,"event_name":"Liars Game","floor":5,"gold_loss":0,"cards_obtained":["Doubt"]},{"damage_healed":0,"gold_gain":0,"player_choice":"Trade","damage_taken":0,"relics_obtained":["SsserpentHead"],"max_hp_gain":0,"max_hp_loss":0,"event_name":"FaceTrader","floor":19,"gold_loss":0},{"damage_healed":0,"gold_gain":0,"player_choice":"Fought Bandits","damage_taken":0,"max_hp_gain":0,"max_hp_loss":0,"event_name":"Masked Bandits","floor":25,"gold_loss":0}],"is_beta":false,"boss_relics":[{"not_picked":["Fusion Hammer","Philosopher\u0027s Stone"],"picked":"Astrolabe"}],"items_purged_floors":[],"is_endless":false,"potions_floor_spawned":[2,3,10,11,13,21,27],"killed_by":"Snecko","ascension_level":6}