{"gold_per_floor":[109,109,109,128,53,53,68,68,68,93,108,8,8,33,33,131,131,146,175,192,192,206,240,240,260,317,328,359,274,199,216,216,216],"floor_reached":33,"playtime":1538,"items_purged":["Regret","Defend_R"],"score":295,"play_id":"2589e088-9cf6-448f-a461-6b951b54da64","local_time":"20190314154119","is_ascension_mode":false,"campfire_choices":[{"data":"Headbutt","floor":6,"key":"SMITH"},{"data":"Defend_R","floor":8,"key":"SMITH"},{"data":"Cleave","floor":13,"key":"SMITH"},{"data":"Iron Wave","floor":15,"key":"SMITH"},{"floor":24,"key":"REST"},{"floor":32,"key":"REST"}],"neow_cost":"NONE","seed_source_timestamp":98552002972292,"circlet_count":0,"master_deck":["Strike_R+1","Strike_R+1","Strike_R+1","Strike_R+1","Defend_R+1","Defend_R+1","Defend_R+1","Bash+1","Headbutt+1","Cleave+1","Iron Wave+1","Cleave+1","Anger+1","Headbutt+1"],"relics":["Burning Blood","NeowsBlessing","Sundial","Dodecahedron","Bottled Lightning","Omamori","Lizard Tail","Red Mask","Mercury Hourglass","Tiny Chest","Strawberry","Self Forming Clay"],"potions_floor_usage":[10,16,16,16,16,19,19,28,28,33],"damage_taken":[{"damage":0,"enemies":"2 Louse","floor":1,"turns":1},{"damage":0,"enemies":"Jaw Worm","floor":4,"turns":1},{"damage":0,"enemies":"Small Slimes","floor":7,"turns":1},{"damage":28,"enemies":"Gremlin Nob","floor":10,"turns":4},{"damage":8,"enemies":"Exordium Wildlife","floor":11,"turns":3},{"damage":18,"enemies":"3 Sentries","floor":14,"turns":5},{"damage":40,"enemies":"Hexaghost","floor":16,"turns":9},{"damage":19,"enemies":"Spheric Guardian","floor":18,"turns":4},{"damage":2,"enemies":"Masked Bandits","floor":19,"turns":2},{"damage":0,"enemies":"Chosen","floor":20,"turns":4},{"damage":38,"enemies":"Sentry and Sphere","floor":22,"turns":6},{"damage":28,"enemies":"Gremlin Leader","floor":23,"turns":7},{"damage":16,"enemies":"Centurion and Healer","floor":25,"turns":4},{"damage":15,"enemies":"Snecko","floor":27,"turns":3},{"damage":32,"enemies":"Book of Stabbing","floor":28,"turns":4},{"damage":3,"enemies":"Cultist and Chosen","floor":31,"turns":4},{"damage":108,"enemies":"Champ","floor":33,"turns":14}],"seed_played":"-2215793933444207659","potions_obtained":[{"floor":1,"key":"Fruit Juice"},{"floor":10,"key":"EntropicBrew"},{"floor":11,"key":"Swift Potion"},{"floor":18,"key":"Fire Potion"},{"floor":25,"key":"Poison Potion"},{"floor":27,"key":"Energy Potion"},{"floor":31,"key":"EssenceOfSteel"}],"is_trial":false,"path_per_floor":["?","?","M","?","?","?","?","M"],"character_chosen":"IRONCLAD","items_purchased":[],"campfire_rested":2,"item_purchase_floors":[],"current_hp_per_floor":[80,64,64,70,70,70,76,76,76,59,57,57,57,45,45,11,85,72,76,82,82,50,28,53,43,43,34,15,15,15,18,45,0],"gold":216,"neow_bonus":"THREE_ENEMY_KILL","is_prod":false,"is_daily":false,"chose_seed":false,"campfire_upgraded":4,"win_rate":0,"timestamp":1552592479,"path_taken":["M","?","?","M","$","R","?","R","T","E","M","$","R","E","R","BOSS","M","?","M","?","M","E","R","M","T","M","E","?","?","?","R","BOSS"],"build_version":"2019-01-23","purchased_purges":2,"victory":false,"max_hp_per_floor":[80,80,80,80,80,80,80,80,80,85,85,85,85,85,85,85,85,85,85,85,85,85,85,85,85,85,85,92,92,92,92,92,92],"card_choices":[{"not_picked":["Rage","Anger"],"picked":"Headbutt","floor":1},{"not_picked":["Sever Soul","Rage","Body Slam"],"picked":"SKIP","floor":4},{"not_picked":["Hemokinesis","Spot Weakness","Wild Strike"],"picked":"SKIP","floor":7},{"not_picked":["Searing Blow","Clash"],"picked":"Cleave","floor":10},{"not_picked":["True Grit","Infernal Blade","Rage"],"picked":"SKIP","floor":11},{"not_picked":["Power Through","Clothesline"],"picked":"Iron Wave","floor":14},{"not_picked":["Rupture","Carnage","Thunderclap"],"picked":"SKIP","floor":18},{"not_picked":["Blood for Blood","Power Through","Rage+1"],"picked":"SKIP","floor":20},{"not_picked":["Heavy Blade","Wild Strike"],"picked":"Cleave+1","floor":22},{"not_picked":["Flex+1","Shrug It Off"],"picked":"Anger+1","floor":23},{"not_picked":["True Grit","Thunderclap","Flex+1"],"picked":"SKIP","floor":25},{"not_picked":["Pommel Strike","Sword Boomerang+1"],"picked":"Headbutt+1","floor":27},{"not_picked":["Perfected Strike","Clothesline","Sword Boomerang"],"picked":"SKIP","floor":28},{"not_picked":["Dropkick+1","Armaments+1","Bloodletting+1"],"picked":"SKIP","floor":31}],"player_experience":635304,"relics_obtained":[{"floor":9,"key":"Dodecahedron"},{"floor":10,"key":"Bottled Lightning"},{"floor":14,"key":"Omamori"},{"floor":19,"key":"Red Mask"},{"floor":23,"key":"Mercury Hourglass"},{"floor":26,"key":"Tiny Chest"},{"floor":28,"key":"Strawberry"}],"event_choices":[{"damage_healed":0,"gold_gain":0,"player_choice":"Entered Light","damage_taken":16,"max_hp_gain":0,"max_hp_loss":0,"event_name":"Shining Light","floor":2,"gold_loss":0,"cards_upgraded":["Bash","Strike_R"]},{"damage_healed":0,"gold_gain":0,"player_choice":"Box","damage_taken":0,"relics_obtained":["Sundial"],"max_hp_gain":0,"max_hp_loss":0,"event_name":"Big Fish","floor":3,"gold_loss":0,"cards_obtained":["Regret"]},{"damage_healed":0,"gold_gain":0,"player_choice":"Fought Bandits","damage_taken":0,"max_hp_gain":0,"max_hp_loss":0,"event_name":"Masked Bandits","floor":19,"gold_loss":0},{"damage_healed":0,"gold_gain":0,"player_choice":"Simplicity","damage_taken":0,"max_hp_gain":0,"max_hp_loss":0,"event_name":"Back to Basics","floor":21,"gold_loss":0,"cards_upgraded":["Strike_R","Strike_R","Strike_R","Strike_R","Defend_R","Defend_R"]},{"damage_healed":0,"gold_gain":0,"player_choice":"Obtained Relic","damage_taken":0,"relics_obtained":["Self Forming Clay"],"max_hp_gain":0,"max_hp_loss":0,"event_name":"Addict","floor":29,"gold_loss":85},{"cards_removed":["Strike_R"],"damage_healed":0,"gold_gain":0,"player_choice":"Gave Gold","damage_taken":0,"max_hp_gain":0,"max_hp_loss":0,"event_name":"Beggar","floor":30,"gold_loss":75}],"is_beta":false,"boss_relics":[{"not_picked":["Orrery","Runic Cube"],"picked":"Lizard Tail"}],"items_purged_floors":[5,12],"is_endless":false,"potions_floor_spawned":[1,10,11,18,25,27,31],"killed_by":"Champ","ascension_level":0}