{"gold_per_floor":[115,133,83,83,59,89,89,106,130,146,146,68,68,78,78,175,175,190,105,35,50,50,50,82,82,82,82,6,19,19,19],"floor_reached":31,"playtime":1120,"items_purged":[],"score":400,"play_id":"8c0fef5c-c85a-4999-baad-226e44860cf7","local_time":"20190202192611","is_ascension_mode":true,"campfire_choices":[{"data":"Footwork","floor":7,"key":"SMITH"},{"data":"Cloak And Dagger","floor":11,"key":"SMITH"},{"data":"After Image","floor":15,"key":"SMITH"},{"data":"Crippling Poison","floor":23,"key":"SMITH"},{"floor":25,"key":"REST"},{"data":"Noxious Fumes","floor":27,"key":"SMITH"}],"neow_cost":"NONE","seed_source_timestamp":3169096863801,"circlet_count":0,"master_deck":["Defend_G","Defend_G","Defend_G","Strike_G","Strike_G","Strike_G","Strike_G","Strike_G","Survivor","Neutralize","Cloak And Dagger+1","Dodge and Roll","Footwork+1","Noxious Fumes+1","After Image+1","Noxious Fumes","Night Terror","Backflip","Crippling Poison+1","PiercingWail+1","Dodge and Roll","Dash+1"],"relics":["Ring of the Snake","NeowsBlessing","Anchor","Happy Flower","Snecko Eye","Paper Crane","Boot","Molten Egg 2"],"potions_floor_usage":[21],"damage_taken":[{"damage":0,"enemies":"Jaw Worm","floor":1,"turns":1},{"damage":0,"enemies":"Small Slimes","floor":2,"turns":1},{"damage":0,"enemies":"Lagavulin","floor":6,"turns":1},{"damage":0,"enemies":"2 Louse","floor":8,"turns":4},{"damage":1,"enemies":"Blue Slaver","floor":10,"turns":4},{"damage":0,"enemies":"Looter","floor":14,"turns":4},{"damage":22,"enemies":"Hexaghost","floor":16,"turns":13},{"damage":10,"enemies":"Chosen","floor":18,"turns":6},{"damage":2,"enemies":"3 Byrds","floor":21,"turns":5},{"damage":42,"enemies":"Book of Stabbing","floor":24,"turns":9},{"damage":0,"enemies":"Snecko","floor":29,"turns":5},{"damage":16,"enemies":"Chosen and Byrds","floor":31,"turns":6}],"seed_played":"7171756624540096192","potions_obtained":[{"floor":1,"key":"SteroidPotion"},{"floor":6,"key":"Strength Potion"},{"floor":8,"key":"Explosive Potion"},{"floor":29,"key":"SpeedPotion"}],"is_trial":false,"path_per_floor":["M","M","?","?","$","E","R","M","T","M","R","$","?","M","R","B",null,"M","?","$","M","?","R","E","R","T","R","$","M","?","M"],"character_chosen":"THE_SILENT","items_purchased":["Dodge and Roll","After Image","Crippling Poison","Dash+1"],"campfire_rested":1,"item_purchase_floors":[5,12,20,28],"current_hp_per_floor":[63,63,63,56,56,56,56,56,56,55,55,55,55,55,55,33,61,51,51,51,49,49,49,7,28,28,28,28,28,15,0],"gold":19,"neow_bonus":"THREE_ENEMY_KILL","is_prod":false,"is_daily":false,"chose_seed":false,"campfire_upgraded":5,"win_rate":0,"timestamp":1549164371,"path_taken":["M","M","?","?","?","E","R","M","T","M","R","$","?","M","R","BOSS","M","?","$","M","?","R","E","R","T","R","?","M","?","?"],"build_version":"2019-01-23","purchased_purges":0,"victory":false,"max_hp_per_floor":[70,70,70,70,70,70,70,70,70,70,70,70,70,70,70,70,70,70,70,70,70,70,70,70,70,70,70,70,70,75,75],"card_choices":[{"not_picked":["Slice","Riddle With Holes"],"picked":"Cloak And Dagger","floor":1},{"not_picked":["Bane","Cloak And Dagger","Dagger Spray"],"picked":"SKIP","floor":2},{"not_picked":["Backflip","Heel Hook"],"picked":"Footwork","floor":6},{"not_picked":["Flying Knee","Finisher"],"picked":"Noxious Fumes","floor":8},{"not_picked":["Prepared","Dagger Spray","Riddle With Holes"],"picked":"SKIP","floor":10},{"not_picked":["Infinite Blades","Quick Slash"],"picked":"Noxious Fumes","floor":14},{"not_picked":["Storm of Steel","Phantasmal Killer"],"picked":"Night Terror","floor":16},{"not_picked":["Blade Dance","Bane+1"],"picked":"Backflip","floor":18},{"not_picked":["Backstab","Flying Knee+1"],"picked":"PiercingWail+1","floor":21},{"not_picked":["Riddle With Holes","Endless Agony"],"picked":"Dodge and Roll","floor":24},{"not_picked":["Tactician","Deadly Poison+1","Choke+1"],"picked":"SKIP","floor":29}],"player_experience":349305,"relics_obtained":[{"floor":6,"key":"Anchor"},{"floor":9,"key":"Happy Flower"},{"floor":24,"key":"Boot"},{"floor":26,"key":"Molten Egg 2"}],"event_choices":[{"cards_removed":["Defend_G"],"damage_healed":0,"gold_gain":0,"player_choice":"Card Removal","damage_taken":0,"max_hp_gain":0,"max_hp_loss":0,"event_name":"The Cleric","floor":3,"gold_loss":50},{"cards_removed":["Defend_G"],"damage_healed":0,"gold_gain":0,"player_choice":"Card Removal","damage_taken":7,"max_hp_gain":0,"max_hp_loss":0,"event_name":"Golden Wing","floor":4,"gold_loss":0},{"damage_healed":0,"gold_gain":0,"player_choice":"Ignored","damage_taken":0,"max_hp_gain":0,"max_hp_loss":0,"event_name":"Liars Game","floor":13,"gold_loss":0},{"damage_healed":0,"gold_gain":0,"player_choice":"Obtained Relic","damage_taken":0,"relics_obtained":["Paper Crane"],"max_hp_gain":0,"max_hp_loss":0,"event_name":"Addict","floor":19,"gold_loss":85},{"damage_healed":0,"gold_gain":0,"player_choice":"Ignored","damage_taken":0,"max_hp_gain":0,"max_hp_loss":0,"event_name":"Vampires","floor":22,"gold_loss":0},{"damage_healed":0,"gold_gain":0,"player_choice":"Shed Blood","damage_taken":18,"max_hp_gain":5,"max_hp_loss":0,"event_name":"Forgotten Altar","floor":30,"gold_loss":0}],"is_beta":false,"boss_relics":[{"not_picked":["Fusion Hammer","Philosopher\u0027s Stone"],"picked":"Snecko Eye"}],"items_purged_floors":[],"is_endless":false,"potions_floor_spawned":[1,6,8,16,29],"killed_by":"Chosen and Byrds","ascension_level":9}