{"gold_per_floor":[111,111,128,209,224,224,149,183,208,132,132,166,166,178,178,252,252,271,255,305,230,242,242,276,21,21,39,51,51,51,69,69,143,143,157,171,189,189,189,189,199,199,199,199,9,9,35,35,35,35],"floor_reached":50,"playtime":2827,"items_purged":["Strike_G","Dash"],"score":966,"play_id":"d4ff989d-df79-4dcb-a05f-14a92b7a36d3","local_time":"20190331142100","is_ascension_mode":true,"campfire_choices":[{"floor":6.0,"key":"REST"},{"floor":11.0,"key":"REST"},{"floor":13.0,"key":"REST"},{"data":"Footwork","floor":15.0,"key":"SMITH"},{"data":"Glass Knife","floor":23.0,"key":"SMITH"},{"data":"Catalyst","floor":29.0,"key":"SMITH"},{"floor":32.0,"key":"REST"},{"data":"Bullet Time","floor":40.0,"key":"SMITH"},{"data":"Bouncing Flask","floor":42.0,"key":"SMITH"},{"data":"Night Terror","floor":44.0,"key":"SMITH"},{"data":"Footwork","floor":46.0,"key":"SMITH"},{"floor":49.0,"key":"RECALL"}],"neow_cost":"PERCENT_DAMAGE","seed_source_timestamp":121442829012200,"circlet_count":0,"master_deck":["AscendersBane","Defend_G+1","Defend_G+1","Defend_G+1","Defend_G+1","Defend_G+1","Survivor+1","Neutralize+1","Noxious Fumes+1","Escape Plan+1","Bouncing Flask+1","Backflip+1","Footwork+1","Glass Knife+1","Well Laid Plans+1","Bullet Time+1","Calculated Gamble+1","Catalyst+1","Footwork+1","Bite+1","Bite+1","Bite+1","Bite+1","Bite+1","Night Terror+1","Acrobatics+1","Predator+1","Blur+1","Backflip+1","Footwork+1"],"special_seed":0,"relics":["Ring of the Snake","Thread and Needle","Blue Candle","Juzu Bracelet","Art of War","Lizard Tail","Potion Belt","PreservedInsect","Tingsha","Eternal Feather","Unceasing Top","Oddly Smooth Stone","Mark of the Bloom"],"potions_floor_usage":[],"damage_taken":[{"damage":0.0,"enemies":"Cultist","floor":1.0,"turns":4.0},{"damage":0.0,"enemies":"Jaw Worm","floor":3.0,"turns":7.0},{"damage":2.0,"enemies":"Small Slimes","floor":5.0,"turns":5.0},{"damage":17.0,"enemies":"Lagavulin","floor":8.0,"turns":6.0},{"damage":32.0,"enemies":"Gremlin Nob","floor":12.0,"turns":5.0},{"damage":0.0,"enemies":"3 Louse","floor":14.0,"turns":5.0},{"damage":9.0,"enemies":"Slime Boss","floor":16.0,"turns":10.0},{"damage":0.0,"enemies":"Chosen","floor":18.0,"turns":5.0},{"damage":7.0,"enemies":"2 Thieves","floor":19.0,"turns":4.0},{"damage":21.0,"enemies":"Snecko","floor":22.0,"turns":7.0},{"damage":56.0,"enemies":"Gremlin Leader","floor":24.0,"turns":8.0},{"damage":1.0,"enemies":"Centurion and Healer","floor":27.0,"turns":8.0},{"damage":1.0,"enemies":"Shelled Parasite and Fungi","floor":28.0,"turns":6.0},{"damage":26.0,"enemies":"Snake Plant","floor":31.0,"turns":5.0},{"damage":29.0,"enemies":"Champ","floor":33.0,"turns":14.0},{"damage":82.0,"enemies":"3 Darklings","floor":35.0,"turns":20.0},{"damage":0.0,"enemies":"3 Shapes","floor":36.0,"turns":9.0},{"damage":19.0,"enemies":"Writhing Mass","floor":37.0,"turns":10.0},{"damage":53.0,"enemies":"Jaw Worm Horde","floor":41.0,"turns":8.0},{"damage":25.0,"enemies":"Giant Head","floor":47.0,"turns":8.0},{"damage":34,"enemies":"Awakened One","floor":50,"turns":3}],"seed_played":"-6861315488657242758","potions_obtained":[{"floor":1.0,"key":"Strength Potion"},{"floor":5.0,"key":"SteroidPotion"},{"floor":8.0,"key":"PowerPotion"},{"floor":18.0,"key":"LiquidBronze"},{"floor":27.0,"key":"AttackPotion"},{"floor":33.0,"key":"Poison Potion"},{"floor":35.0,"key":"Strength Potion"},{"floor":37.0,"key":"Weak Potion"},{"floor":41.0,"key":"GhostInAJar"}],"is_trial":false,"path_per_floor":["M","?","M","T","M","R","$","E","T","$","R","E","R","M","R","B",null,"M","M","?","?","M","R","E","$","T","M","M","R","?","M","R","B",null,"M","M","M","?","?","R","M","R","T","R","$","R","E","?","R","B"],"character_chosen":"THE_SILENT","items_purchased":["Footwork","Footwork","PreservedInsect","Footwork"],"campfire_rested":4,"item_purchase_floors":[10,25,25,45],"current_hp_per_floor":[44,18,18,18,16,35,35,18,18,18,37,5,24,26,26,19,54,56,51,51,51,32,32,15,15,15,16,17,17,17,3,22,25,56,26,34,25,25,52,52,11,29,29,47,47,52,29,29,29,0],"gold":35,"neow_bonus":"ONE_RARE_RELIC","is_prod":false,"is_daily":false,"chose_seed":false,"campfire_upgraded":7,"win_rate":0,"timestamp":1554067260,"path_taken":["M","?","M","?","M","R","$","E","T","$","R","E","R","M","R","BOSS","M","M","?","?","M","R","E","$","T","M","M","R","?","M","R","BOSS","M","M","M","?","?","R","M","R","T","R","$","R","E","?","R","BOSS"],"build_version":"2019-01-23","purchased_purges":2,"victory":false,"max_hp_per_floor":[66,66,66,66,66,66,66,66,66,66,66,66,66,66,66,66,66,66,66,66,66,66,66,66,66,66,66,66,66,66,66,66,66,66,66,66,66,63,52,52,52,52,52,52,52,52,52,52,52,52],"card_choices":[{"not_picked":["Slice","Terror"],"picked":"Noxious Fumes","floor":1.0},{"not_picked":["Reflex","Endless Agony"],"picked":"Escape Plan","floor":3.0},{"not_picked":["Flechettes","Dagger Spray"],"picked":"Bouncing Flask","floor":5.0},{"not_picked":["Dagger Throw","Sucker Punch"],"picked":"Backflip","floor":8.0},{"not_picked":["Slice","Blade Dance"],"picked":"Glass Knife","floor":12.0},{"not_picked":["Poisoned Stab","Terror"],"picked":"Well Laid Plans","floor":14.0},{"not_picked":["A Thousand Cuts","Wraith Form v2"],"picked":"Bullet Time","floor":16.0},{"not_picked":["Deadly Poison+1","Quick Slash","Dagger Throw"],"picked":"SKIP","floor":18.0},{"not_picked":["Eviscerate","Quick Slash"],"picked":"Calculated Gamble","floor":19.0},{"not_picked":["Expertise","Underhanded Strike","Grand Finale"],"picked":"SKIP","floor":22.0},{"not_picked":["Setup","Tactician"],"picked":"Catalyst","floor":24.0},{"not_picked":["Quick Slash","Eviscerate","Deflect"],"picked":"SKIP","floor":27.0},{"not_picked":["Expertise","Deflect","Dagger Throw"],"picked":"SKIP","floor":28.0},{"not_picked":["Outmaneuver","Tactician"],"picked":"Dash","floor":31.0},{"not_picked":["Doppelganger","Grand Finale"],"picked":"Night Terror","floor":33.0},{"not_picked":["Sucker Punch+1","Endless Agony"],"picked":"Acrobatics+1","floor":35.0},{"not_picked":["Calculated Gamble","Dodge and Roll"],"picked":"Predator","floor":36.0},{"not_picked":["Poisoned Stab","Prepared"],"picked":"Blur","floor":37.0},{"not_picked":["Outmaneuver+1","Venomology"],"picked":"Backflip","floor":41.0},{"not_picked":["Dash","Bane","Flechettes"],"picked":"SKIP","floor":47.0}],"player_experience":458560,"relics_obtained":[{"floor":8.0,"key":"Juzu Bracelet"},{"floor":9.0,"key":"Art of War"},{"floor":12.0,"key":"Blood Vial"},{"floor":24.0,"key":"Potion Belt"},{"floor":26.0,"key":"Tingsha"},{"floor":43.0,"key":"Unceasing Top"},{"floor":47.0,"key":"Oddly Smooth Stone"}],"event_choices":[{"damage_healed":0.0,"max_hp_gain":0.0,"max_hp_loss":0.0,"gold_gain":0.0,"event_name":"Scrap Ooze","player_choice":"Success","floor":2.0,"gold_loss":0.0,"damage_taken":26.0,"relics_obtained":["Blue Candle"]},{"damage_healed":0.0,"max_hp_gain":0.0,"max_hp_loss":0.0,"gold_gain":100.0,"event_name":"The Joust","player_choice":"Bet on Murderer","floor":20.0,"gold_loss":50.0,"damage_taken":0.0},{"cards_removed":["Strike_G"],"damage_healed":0.0,"max_hp_gain":0.0,"max_hp_loss":0.0,"gold_gain":0.0,"event_name":"Beggar","player_choice":"Gave Gold","floor":21.0,"gold_loss":75.0,"damage_taken":0.0},{"damage_healed":0.0,"max_hp_gain":0.0,"max_hp_loss":0.0,"gold_gain":0.0,"event_name":"Vampires","player_choice":"Became a vampire (Vial)","floor":30.0,"relics_lost":["Blood Vial"],"gold_loss":0.0,"damage_taken":0.0,"cards_obtained":["Bite","Bite","Bite","Bite","Bite"]},{"damage_healed":0.0,"max_hp_gain":0.0,"max_hp_loss":3.0,"gold_gain":0.0,"event_name":"Winding Halls","player_choice":"Max HP","floor":38.0,"gold_loss":0.0,"damage_taken":0.0},{"damage_healed":52.0,"max_hp_gain":0.0,"max_hp_loss":11.0,"gold_gain":0.0,"event_name":"The Moai Head","player_choice":"Heal","floor":39.0,"gold_loss":0.0,"damage_taken":0.0},{"damage_healed":0.0,"max_hp_gain":0.0,"max_hp_loss":0.0,"gold_gain":0.0,"event_name":"MindBloom","player_choice":"Upgrade","floor":48.0,"gold_loss":0.0,"damage_taken":0.0,"cards_upgraded":["Defend_G","Defend_G","Defend_G","Defend_G","Defend_G","Survivor","Neutralize","Noxious Fumes","Escape Plan","Backflip","Well Laid Plans","Calculated Gamble","Bite","Bite","Bite","Bite","Bite","Predator","Blur","Backflip","Footwork"],"relics_obtained":["Mark of the Bloom"]}],"is_beta":false,"boss_relics":[{"not_picked":["Busted Crown","Velvet Choker"],"picked":"Lizard Tail"},{"not_picked":["Philosopher\u0027s Stone","Runic Dome"],"picked":"Eternal Feather"}],"items_purged_floors":[7,45],"is_endless":false,"potions_floor_spawned":[1,5,8,18,27,33,35,37,41],"killed_by":"Awakened One","ascension_level":16}