{"gold_per_floor":[118,135,149,149,167,167,180,200,268,268,285,304,304,318,318,423,423,437,253,269,269,55,89,89,107,133,149,163,89,21,41,41,140,140,152,152,172,172],"floor_reached":38,"playtime":1777,"items_purged":[],"score":469,"play_id":"64755e41-52d8-4abf-b2d3-9f747ddfc396","local_time":"20190215111901","is_ascension_mode":false,"campfire_choices":[{"data":"White Noise","floor":6.0,"key":"SMITH"},{"data":"Zap","floor":10.0,"key":"SMITH"},{"floor":15.0,"key":"REST"},{"data":"Loop","floor":24.0,"key":"SMITH"},{"floor":32,"key":"REST"}],"neow_cost":"NONE","seed_source_timestamp":229042964635734,"circlet_count":0,"master_deck":["Strike_B","Strike_B","Strike_B","Defend_B","Defend_B","Defend_B","Defend_B","Zap+1","Dualcast","Hologram","Compile Driver","BootSequence","White Noise+1","Beam Cell","Chill","Cold Snap","Rip and Tear","Ball Lightning","Reboot","Steam","Self Repair","Rip and Tear","Leap","Cold Snap+1","Redo","Loop+1","BootSequence","Rainbow","Melter","Steam","Cold Snap","Hologram","Redo","Core Surge","Redo+1","Stack+1"],"special_seed":0,"relics":["Cracked Core"],"potions_floor_usage":[],"damage_taken":[{"damage":2.0,"enemies":"Small Slimes","floor":1.0,"turns":3.0},{"damage":1.0,"enemies":"Cultist","floor":2.0,"turns":3.0},{"damage":6.0,"enemies":"Jaw Worm","floor":3.0,"turns":3.0},{"damage":13.0,"enemies":"Exordium Wildlife","floor":5.0,"turns":4.0},{"damage":8.0,"enemies":"Lots of Slimes","floor":7.0,"turns":3.0},{"damage":0.0,"enemies":"2 Fungi Beasts","floor":8.0,"turns":3.0},{"damage":0.0,"enemies":"Gremlin Gang","floor":11.0,"turns":4.0},{"damage":0.0,"enemies":"Looter","floor":12.0,"turns":2.0},{"damage":1.0,"enemies":"2 Fungi Beasts","floor":14.0,"turns":2.0},{"damage":0.0,"enemies":"Slime Boss","floor":16.0,"turns":6.0},{"damage":0.0,"enemies":"Spheric Guardian","floor":18.0,"turns":3.0},{"damage":10.0,"enemies":"Shell Parasite","floor":20.0,"turns":4.0},{"damage":21.0,"enemies":"Slavers","floor":23.0,"turns":8.0},{"damage":12.0,"enemies":"Shelled Parasite and Fungi","floor":25.0,"turns":5.0},{"damage":16.0,"enemies":"Snake Plant","floor":27.0,"turns":5.0},{"damage":34.0,"enemies":"Centurion and Healer","floor":28.0,"turns":11.0},{"damage":0,"enemies":"Cultist and Chosen","floor":31,"turns":8},{"damage":45,"enemies":"Champ","floor":33,"turns":17},{"damage":5,"enemies":"3 Shapes","floor":35,"turns":7},{"damage":42,"enemies":"3 Darklings","floor":37,"turns":8},{"damage":55,"enemies":"Writhing Mass","floor":38,"turns":7}],"seed_played":"49910125758053605","potions_obtained":[{"floor":1.0,"key":"FocusPotion"},{"floor":2.0,"key":"Swift Potion"},{"floor":3.0,"key":"Strength Potion"},{"floor":5.0,"key":"FairyPotion"},{"floor":16.0,"key":"SkillPotion"},{"floor":20.0,"key":"Swift Potion"},{"floor":25.0,"key":"AttackPotion"}],"is_trial":false,"path_per_floor":["M","M","M","?","M","R","M","M","T","R","M","M","?","M","R","B",null,"M","$","M","?","$","E","R","M","T","M","M","$","$","M","R","B",null,"M","?","M","M"],"character_chosen":"DEFECT","items_purchased":["Self Repair","Rip and Tear","Leap","Redo","Loop","BootSequence","Cold Snap","Hologram","Lockon"],"campfire_rested":2,"item_purchase_floors":[19,19,19,22,22,22,29,29,30],"current_hp_per_floor":[80,79,73,73,60,60,52,52,52,52,52,52,52,51,75,75,82,82,82,79,79,79,58,58,53,53,37,10,10,10,17,41,15,82,82,82,47,0],"gold":172,"neow_bonus":"TEN_PERCENT_HP_BONUS","is_prod":false,"is_daily":false,"chose_seed":false,"campfire_upgraded":3,"win_rate":0,"timestamp":1550254741,"path_taken":["M","M","M","?","M","R","M","M","T","R","?","M","?","M","R","BOSS","M","$","M","?","$","E","R","M","T","?","M","?","$","M","R","BOSS","M","?","?","?"],"build_version":"2019-01-23","purchased_purges":0,"victory":false,"max_hp_per_floor":[82,82,82,82,82,82,82,82,82,82,82,82,82,82,82,82,82,82,82,82,82,82,82,82,82,82,82,82,82,82,82,82,82,82,82,82,82,82],"card_choices":[{"not_picked":["Melter","Consume"],"picked":"Hologram","floor":1.0},{"not_picked":["Streamline","FTL"],"picked":"Compile Driver","floor":2.0},{"not_picked":["Rip and Tear","Streamline"],"picked":"BootSequence","floor":3.0},{"not_picked":["Rebound","Auto Shields"],"picked":"White Noise","floor":5.0},{"not_picked":["Rebound","Aggregate"],"picked":"Beam Cell","floor":7.0},{"not_picked":["Hello World","Storm"],"picked":"Chill","floor":8.0},{"not_picked":["Auto Shields","Go for the Eyes"],"picked":"Cold Snap","floor":11.0},{"not_picked":["Steam Power","Streamline"],"picked":"Rip and Tear","floor":12.0},{"not_picked":["Hyperbeam","Coolheaded"],"picked":"Ball Lightning","floor":14.0},{"not_picked":["Creative AI","Hyperbeam"],"picked":"Reboot","floor":16.0},{"not_picked":["Undo+1","Reinforced Body+1"],"picked":"Steam","floor":18.0},{"not_picked":["Glacier","Stack"],"picked":"Cold Snap+1","floor":20.0},{"not_picked":["Self Repair+1","Reprogram"],"picked":"Rainbow","floor":23.0},{"not_picked":["Streamline","Reinforced Body","Gash"],"picked":"SKIP","floor":25.0},{"not_picked":["Tempest","Consume"],"picked":"Melter","floor":27.0},{"not_picked":["Sunder","Streamline"],"picked":"Steam","floor":28.0},{"not_picked":["Turbo+1","Hologram"],"picked":"Redo","floor":31},{"not_picked":["Machine Learning","All For One"],"picked":"Core Surge","floor":33},{"not_picked":["Double Energy","Sweeping Beam+1"],"picked":"Redo+1","floor":35},{"not_picked":["Storm+1","Genetic Algorithm+1"],"picked":"Stack+1","floor":37}],"player_experience":1489235,"relics_obtained":[],"event_choices":[{"cards_removed":["Strike_B"],"damage_healed":0.0,"max_hp_gain":0.0,"max_hp_loss":0.0,"gold_gain":0.0,"event_name":"Purifier","player_choice":"Purged","floor":4.0,"gold_loss":0.0,"damage_taken":0.0},{"damage_healed":0.0,"max_hp_gain":0.0,"max_hp_loss":0.0,"gold_gain":0.0,"event_name":"Golden Idol","player_choice":"Ignored","floor":13.0,"gold_loss":0.0,"damage_taken":0.0},{"damage_healed":0.0,"max_hp_gain":0.0,"max_hp_loss":0.0,"gold_gain":0.0,"event_name":"Wheel of Change","player_choice":"Relic","floor":21.0,"gold_loss":0.0,"damage_taken":0.0},{"cards_removed":["Lockon"],"damage_healed":0,"gold_gain":0,"player_choice":"Offered Uncommon","damage_taken":0,"max_hp_gain":0,"max_hp_loss":0,"event_name":"Bonfire Elementals","floor":36,"gold_loss":0}],"is_beta":false,"boss_relics":[{"not_picked":["Coffee Dripper","Calling Bell","Velvet Choker"]},{"not_picked":["Orrery","Snecko Eye","White Beast Statue"]}],"items_purged_floors":[],"is_endless":false,"potions_floor_spawned":[1,2,3,5,16,20,25],"killed_by":"Writhing Mass","ascension_level":0}