{"gold_per_floor":[218,218,235,247,266,292,292,326,380,408,434,462,508,535,547,559],"floor_reached":16,"playtime":774,"items_purged":[],"score":214,"play_id":"25daec60-2c38-4419-b1f4-055556ac3549","local_time":"20190401211329","is_ascension_mode":true,"campfire_choices":[{"data":"Clothesline","floor":7,"key":"SMITH"},{"data":"Clothesline","floor":15,"key":"SMITH"}],"neow_cost":"NONE","seed_source_timestamp":1460748012197256,"circlet_count":0,"master_deck":["AscendersBane","Strike_R","Strike_R","Strike_R","Strike_R","Strike_R","Defend_R","Defend_R","Defend_R","Defend_R","Bash+1","Headbutt","Reckless Charge","Ghostly Armor","Dropkick","Clothesline+1","Offering","Clothesline+1","Thunderclap","Impervious","Anger","Dropkick"],"relics":["Burning Blood","Paper Frog","Mercury Hourglass","MawBank","Happy Flower"],"potions_floor_usage":[16],"damage_taken":[{"damage":1,"enemies":"Cultist","floor":1,"turns":3},{"damage":0,"enemies":"2 Louse","floor":3,"turns":3},{"damage":10,"enemies":"Small Slimes","floor":4,"turns":3},{"damage":0,"enemies":"2 Fungi Beasts","floor":5,"turns":4},{"damage":18,"enemies":"Gremlin Nob","floor":6,"turns":4},{"damage":47,"enemies":"Lagavulin","floor":8,"turns":9},{"damage":1,"enemies":"Looter","floor":10,"turns":2},{"damage":0,"enemies":"Large Slime","floor":11,"turns":4},{"damage":1,"enemies":"2 Fungi Beasts","floor":12,"turns":2},{"damage":11,"enemies":"3 Sentries","floor":13,"turns":5},{"damage":10,"enemies":"Red Slaver","floor":14,"turns":2},{"damage":29,"enemies":"The Guardian","floor":16,"turns":7}],"seed_played":"-3227353023492967316","potions_obtained":[{"floor":3,"key":"Ancient Potion"},{"floor":8,"key":"AttackPotion"}],"is_trial":false,"path_per_floor":["?"],"character_chosen":"IRONCLAD","items_purchased":[],"campfire_rested":0,"item_purchase_floors":[],"current_hp_per_floor":[73,73,75,71,75,63,63,22,22,27,33,38,33,29,29,0],"gold":559,"neow_bonus":"HUNDRED_GOLD","is_prod":false,"is_daily":false,"chose_seed":false,"campfire_upgraded":2,"win_rate":0,"timestamp":1554167609,"path_taken":["M","?","M","M","M","E","R","E","T","M","M","M","E","M","R","BOSS"],"build_version":"2019-01-23","purchased_purges":0,"victory":false,"max_hp_per_floor":[75,75,75,75,75,75,75,75,75,75,75,75,75,75,75,75],"card_choices":[{"not_picked":["Thunderclap","Flex"],"picked":"Headbutt","floor":1},{"not_picked":["Sword Boomerang","Shrug It Off"],"picked":"Reckless Charge","floor":3},{"not_picked":["Shockwave","Dual Wield"],"picked":"Ghostly Armor","floor":4},{"not_picked":["Wild Strike","Rage"],"picked":"Dropkick","floor":5},{"not_picked":["Burning Pact","Heavy Blade"],"picked":"Clothesline","floor":6},{"not_picked":["Uppercut","Clash"],"picked":"Offering","floor":8},{"not_picked":["Bloodletting","Pommel Strike"],"picked":"Clothesline","floor":10},{"not_picked":["Armaments","Seeing Red"],"picked":"Thunderclap","floor":11},{"not_picked":["Clothesline","Sentinel"],"picked":"Impervious","floor":12},{"not_picked":["Perfected Strike","Heavy Blade"],"picked":"Anger","floor":13},{"not_picked":["Twin Strike","Combust"],"picked":"Dropkick","floor":14}],"player_experience":1386748,"relics_obtained":[{"floor":6,"key":"Paper Frog"},{"floor":8,"key":"Mercury Hourglass"},{"floor":9,"key":"MawBank"},{"floor":13,"key":"Happy Flower"}],"event_choices":[{"damage_healed":0,"gold_gain":0,"player_choice":"Grow","damage_taken":0,"max_hp_gain":0,"max_hp_loss":0,"event_name":"Living Wall","floor":2,"gold_loss":0,"cards_upgraded":["Bash"]}],"is_beta":false,"boss_relics":[],"items_purged_floors":[],"is_endless":false,"potions_floor_spawned":[3,8,10,13,14],"killed_by":"The Guardian","ascension_level":14}