{"gold_per_floor":[109,109,125,125,169,169,203,60,83,83,98,17,32,53,53,184,184,204,27,27,27,51,87,111,125,200,200,200],"floor_reached":28,"playtime":1093,"items_purged":["Strike_G","Strike_G"],"score":372,"play_id":"ecdded44-bcdc-4dea-b976-113d2145d86c","local_time":"20190212201732","is_ascension_mode":true,"campfire_choices":[{"data":"Glass Knife","floor":6.0,"key":"SMITH"},{"floor":10.0,"key":"REST"},{"data":"Leg Sweep","floor":15.0,"key":"SMITH"},{"floor":27,"key":"REST"}],"neow_cost":"NONE","seed_source_timestamp":869978396841442,"circlet_count":0,"master_deck":["AscendersBane","Defend_G","Defend_G","Defend_G","Defend_G","Defend_G","Strike_G","Survivor","Neutralize","Bouncing Flask","Dagger Throw","Glass Knife+1","Jack Of All Trades","Crippling Poison","Poisoned Stab","Leg Sweep+1","Noxious Fumes","Noxious Fumes","Malaise","PiercingWail+1","Catalyst","Writhe","Dodge and Roll","Envenom+1","Dagger Spray+1"],"special_seed":0,"relics":["Ring of the Snake","Golden Idol","Pen Nib","Centennial Puzzle","Empty Cage","Frozen Egg 2","Matryoshka","Vajra","Molten Egg 2","Letter Opener"],"potions_floor_usage":[23,24,25],"damage_taken":[{"damage":3.0,"enemies":"Jaw Worm","floor":1.0,"turns":7.0},{"damage":1.0,"enemies":"2 Louse","floor":3.0,"turns":4.0},{"damage":5.0,"enemies":"Cultist","floor":5.0,"turns":4.0},{"damage":37.0,"enemies":"3 Sentries","floor":7.0,"turns":9.0},{"damage":0.0,"enemies":"Looter","floor":11.0,"turns":4.0},{"damage":5.0,"enemies":"Exordium Thugs","floor":13.0,"turns":4.0},{"damage":13.0,"enemies":"Lots of Slimes","floor":14.0,"turns":3.0},{"damage":4.0,"enemies":"Hexaghost","floor":16.0,"turns":9.0},{"damage":3.0,"enemies":"Spheric Guardian","floor":18.0,"turns":5.0},{"damage":16.0,"enemies":"Shell Parasite","floor":22.0,"turns":7.0},{"damage":26,"enemies":"Gremlin Leader","floor":23,"turns":9},{"damage":4,"enemies":"Cultist and Chosen","floor":24,"turns":9},{"damage":8,"enemies":"Snake Plant","floor":25,"turns":4},{"damage":26,"enemies":"Shelled Parasite and Fungi","floor":28,"turns":4}],"seed_played":"-3824839575741141038","potions_obtained":[{"floor":1.0,"key":"SmokeBomb"},{"floor":5.0,"key":"Weak Potion"},{"floor":16.0,"key":"PowerPotion"},{"floor":23,"key":"Explosive Potion"},{"floor":24,"key":"Weak Potion"},{"floor":25,"key":"EssenceOfSteel"}],"is_trial":false,"path_per_floor":["M","?","M","?","M","R","E","$","T","R","M","$","M","M","R","B",null,"M","$","?","T","M","E","M","M","T","R","M"],"character_chosen":"THE_SILENT","items_purchased":["Leg Sweep","Noxious Fumes","Catalyst"],"campfire_rested":2,"item_purchase_floors":[8,12,19],"current_hp_per_floor":[67,48,47,47,42,42,5,5,5,28,28,28,23,10,10,6,59,56,56,56,56,40,14,10,2,2,25,0],"gold":200,"neow_bonus":"TEN_PERCENT_HP_BONUS","is_prod":false,"is_daily":false,"chose_seed":false,"campfire_upgraded":2,"win_rate":0,"timestamp":1550031452,"path_taken":["M","?","M","?","M","R","E","$","T","R","M","$","?","M","R","BOSS","M","$","?","?","M","E","M","M","T","R","M"],"build_version":"2019-01-23","purchased_purges":2,"victory":false,"max_hp_per_floor":[77,77,77,77,77,77,77,77,77,77,77,77,77,77,77,77,77,77,77,77,77,77,77,77,77,77,77,77],"card_choices":[{"not_picked":["Finisher","Expertise"],"picked":"Bouncing Flask","floor":1.0},{"not_picked":["Heel Hook","Blade Dance"],"picked":"Dagger Throw","floor":3.0},{"not_picked":["Dodge and Roll","All Out Attack"],"picked":"Crippling Poison","floor":5.0},{"not_picked":["Infinite Blades","All Out Attack"],"picked":"Poisoned Stab","floor":7.0},{"not_picked":["Quick Slash","Bane","Flying Knee"],"picked":"SKIP","floor":11.0},{"not_picked":["Crippling Poison","Quick Slash"],"picked":"Noxious Fumes","floor":13.0},{"not_picked":["Expertise","Poisoned Stab","Prepared"],"picked":"SKIP","floor":14.0},{"not_picked":["Grand Finale","Envenom"],"picked":"Malaise","floor":16.0},{"not_picked":["Leg Sweep","Crippling Poison+1"],"picked":"PiercingWail+1","floor":18.0},{"not_picked":["Deadly Poison","Tactician"],"picked":"Dodge and Roll","floor":22.0},{"not_picked":["Accuracy+1","Dagger Spray"],"picked":"Envenom+1","floor":23},{"not_picked":["Noxious Fumes+1","Reflex","Setup"],"picked":"SKIP","floor":24},{"not_picked":["Dash","Dodge and Roll"],"picked":"Dagger Spray+1","floor":25}],"player_experience":386639,"relics_obtained":[{"floor":7.0,"key":"Pen Nib"},{"floor":9.0,"key":"Centennial Puzzle"},{"floor":21.0,"key":"Matryoshka"},{"floor":23,"key":"Vajra"},{"floor":26,"key":"Molten Egg 2"},{"floor":26,"key":"Letter Opener"}],"event_choices":[{"damage_healed":0.0,"max_hp_gain":0.0,"max_hp_loss":0.0,"gold_gain":0.0,"event_name":"Golden Idol","player_choice":"Take Damage","floor":2.0,"gold_loss":0.0,"damage_taken":19.0,"relics_obtained":["Golden Idol"]},{"damage_healed":0.0,"max_hp_gain":0.0,"max_hp_loss":0.0,"gold_gain":0.0,"event_name":"Match and Keep!","player_choice":"2 cards matched","floor":4.0,"gold_loss":0.0,"damage_taken":0.0,"cards_obtained":["Glass Knife","Jack Of All Trades"]},{"damage_healed":0.0,"max_hp_gain":0.0,"max_hp_loss":0.0,"gold_gain":0.0,"event_name":"The Mausoleum","player_choice":"Opened","floor":20.0,"gold_loss":0.0,"damage_taken":0.0,"relics_obtained":["Frozen Egg 2"],"cards_obtained":["Writhe"]}],"is_beta":false,"boss_relics":[{"not_picked":["Lizard Tail","Tiny House"],"picked":"Empty Cage"}],"items_purged_floors":[8,19],"is_endless":false,"potions_floor_spawned":[1,5,14,16,23,24,25],"killed_by":"Shelled Parasite and Fungi","ascension_level":11}