{"gold_per_floor":[114,129,129,144,144,144,187,187,212,212,212],"floor_reached":11,"playtime":476,"items_purged":[],"score":121,"play_id":"dfac0272-e053-4e59-bac7-74891dc7c3f8","local_time":"20190403190510","is_ascension_mode":true,"campfire_choices":[{"data":"Bash","floor":6,"key":"SMITH"},{"floor":8,"key":"REST"}],"neow_cost":"TEN_PERCENT_HP_LOSS","seed_source_timestamp":1626147162258299,"circlet_count":0,"master_deck":["AscendersBane","Strike_R","Strike_R","Strike_R","Strike_R","Strike_R","Defend_R","Defend_R","Defend_R","Defend_R","Bash+1","Demon Form","Heavy Blade","Anger","Metallicize","Twin Strike"],"relics":["Burning Blood","Golden Idol","Pen Nib","PreservedInsect","Thread and Needle"],"potions_floor_usage":[],"damage_taken":[{"damage":15,"enemies":"Cultist","floor":1,"turns":5},{"damage":0,"enemies":"2 Louse","floor":2,"turns":4},{"damage":5,"enemies":"Small Slimes","floor":4,"turns":4},{"damage":47,"enemies":"Gremlin Nob","floor":7,"turns":5},{"damage":23,"enemies":"Lagavulin","floor":11,"turns":5}],"seed_played":"-3314147527479377047","potions_obtained":[],"is_trial":false,"path_per_floor":["?","?","?"],"character_chosen":"IRONCLAD","items_purchased":[],"campfire_rested":1,"item_purchase_floors":[],"current_hp_per_floor":[59,65,48,49,54,54,13,34,34,22,0],"gold":212,"neow_bonus":"THREE_RARE_CARDS","is_prod":false,"is_daily":false,"chose_seed":false,"campfire_upgraded":1,"win_rate":0,"timestamp":1554332710,"path_taken":["M","M","?","M","?","R","E","R","T","?","E"],"build_version":"2019-01-23","purchased_purges":0,"victory":false,"max_hp_per_floor":[68,68,68,68,73,73,73,73,73,73,73],"card_choices":[{"not_picked":["Impervious","Offering"],"picked":"Demon Form","floor":0},{"not_picked":["Pommel Strike","Wild Strike"],"picked":"Heavy Blade","floor":1},{"not_picked":["Havoc","Twin Strike"],"picked":"Anger","floor":2},{"not_picked":["Power Through","Warcry"],"picked":"Metallicize","floor":4},{"not_picked":["Infernal Blade","Sever Soul"],"picked":"Twin Strike","floor":7}],"player_experience":1435266,"relics_obtained":[{"floor":7,"key":"Pen Nib"},{"floor":9,"key":"PreservedInsect"}],"event_choices":[{"damage_healed":0,"gold_gain":0,"player_choice":"Take Damage","damage_taken":17,"relics_obtained":["Golden Idol"],"max_hp_gain":0,"max_hp_loss":0,"event_name":"Golden Idol","floor":3,"gold_loss":0},{"damage_healed":0,"gold_gain":0,"player_choice":"Donut","damage_taken":0,"max_hp_gain":5,"max_hp_loss":0,"event_name":"Big Fish","floor":5,"gold_loss":0},{"damage_healed":0,"gold_gain":0,"player_choice":"Success","damage_taken":12,"relics_obtained":["Thread and Needle"],"max_hp_gain":0,"max_hp_loss":0,"event_name":"Scrap Ooze","floor":10,"gold_loss":0}],"is_beta":false,"boss_relics":[],"items_purged_floors":[],"is_endless":false,"potions_floor_spawned":[],"killed_by":"Lagavulin","ascension_level":14}