{"gold_per_floor":[12,12,29,40,57,57,82,82,82,105,105,105,144,169,169,292,292,315,340,360,360,384,384,415,439,439,462,483,483,483,501,501,630,630],"floor_reached":34,"playtime":11865,"items_purged":[],"score":409,"play_id":"9f1bbba1-3528-450f-8328-bdc3761fddfa","local_time":"20190315160232","is_ascension_mode":false,"campfire_choices":[{"data":"Metallicize","floor":6,"key":"SMITH"},{"data":"Cleave","floor":8,"key":"SMITH"},{"floor":15,"key":"REST"},{"data":"True Grit","floor":23,"key":"SMITH"},{"data":"Intimidate","floor":30,"key":"SMITH"},{"data":"Disarm","floor":32,"key":"SMITH"}],"neow_cost":"NO_GOLD","seed_source_timestamp":175658730568127,"circlet_count":0,"master_deck":["Strike_R","Strike_R+1","Defend_R+1","Bash","Headbutt","Cleave+1","Metallicize+1","True Grit+1","Feed+1","Headbutt+1","Intimidate+1","Disarm+1","Burning Pact+1","Juggernaut+1","Headbutt+1","Cleave+1","Bloodletting+1"],"relics":["Burning Blood","Frozen Egg 2","Dead Branch","Omamori","Golden Idol","Charon\u0027s Ashes","Strawberry","Coffee Dripper","Blood Vial","Ornamental Fan","Astrolabe"],"potions_floor_usage":[16,22],"damage_taken":[{"damage":9,"enemies":"2 Louse","floor":1,"turns":2},{"damage":0,"enemies":"Jaw Worm","floor":3,"turns":3},{"damage":0,"enemies":"Small Slimes","floor":4,"turns":3},{"damage":0,"enemies":"Exordium Thugs","floor":5,"turns":3},{"damage":19,"enemies":"Gremlin Nob","floor":7,"turns":4},{"damage":25,"enemies":"3 Sentries","floor":13,"turns":5},{"damage":36,"enemies":"The Guardian","floor":16,"turns":14},{"damage":27,"enemies":"Shell Parasite","floor":18,"turns":6},{"damage":5,"enemies":"Spheric Guardian","floor":19,"turns":3},{"damage":15,"enemies":"3 Cultists","floor":20,"turns":4},{"damage":8,"enemies":"Chosen and Byrds","floor":22,"turns":4},{"damage":9,"enemies":"Gremlin Leader","floor":24,"turns":6},{"damage":14,"enemies":"Shelled Parasite and Fungi","floor":25,"turns":6},{"damage":0,"enemies":"Centurion and Healer","floor":27,"turns":8},{"damage":0,"enemies":"Cultist and Chosen","floor":28,"turns":5},{"damage":0,"enemies":"3 Cultists","floor":31,"turns":3},{"damage":48,"enemies":"Champ","floor":33,"turns":15}],"seed_played":"907208230667768545","potions_obtained":[{"floor":3,"key":"Fire Potion"},{"floor":7,"key":"SteroidPotion"},{"floor":13,"key":"FearPotion"},{"floor":18,"key":"FairyPotion"},{"floor":22,"key":"SpeedPotion"},{"floor":27,"key":"Block Potion"}],"is_trial":false,"path_per_floor":["?","T","?","?","T","?","M","?"],"character_chosen":"IRONCLAD","items_purchased":[],"campfire_rested":1,"item_purchase_floors":[],"current_hp_per_floor":[77,61,67,73,79,79,66,66,66,66,46,46,27,34,60,30,87,66,70,64,64,66,66,63,61,61,73,85,85,85,93,93,53,109],"gold":630,"neow_bonus":"REMOVE_TWO","is_prod":false,"is_daily":false,"chose_seed":false,"campfire_upgraded":5,"win_rate":0,"timestamp":1552680152,"path_taken":["M","?","M","M","M","R","E","R","T","?","?","?","E","?","R","BOSS","M","M","M","?","?","R","E","M","T","M","M","?","R","M","R","BOSS"],"build_version":"2019-01-23","purchased_purges":0,"victory":false,"max_hp_per_floor":[80,80,80,80,80,80,80,80,80,80,80,80,80,87,87,87,87,87,90,93,93,97,97,97,101,101,105,109,109,109,109,109,109,109],"card_choices":[{"not_picked":["Sentinel","Fire Breathing"],"picked":"Headbutt","floor":1},{"not_picked":["Thunderclap","Spot Weakness","Clash"],"picked":"SKIP","floor":3},{"not_picked":["Clothesline","Intimidate"],"picked":"Cleave","floor":4},{"not_picked":["Burning Pact","Flame Barrier"],"picked":"Metallicize","floor":5},{"not_picked":["Whirlwind","Dark Embrace","Sentinel"],"picked":"SKIP","floor":7},{"not_picked":["Fire Breathing+1","Bloodletting"],"picked":"True Grit","floor":13},{"not_picked":["Offering","Impervious"],"picked":"Feed","floor":16},{"not_picked":["True Grit","Perfected Strike+1"],"picked":"Headbutt+1","floor":18},{"not_picked":["Rage","Whirlwind","Pummel"],"picked":"SKIP","floor":19},{"not_picked":["Perfected Strike","Cleave","Searing Blow"],"picked":"SKIP","floor":20},{"not_picked":["Rage+1","Sword Boomerang","Warcry"],"picked":"SKIP","floor":22},{"not_picked":["Flex","Armaments","Heavy Blade"],"picked":"SKIP","floor":24},{"not_picked":["Clothesline","Double Tap","Flex"],"picked":"SKIP","floor":25},{"not_picked":["Clash","Headbutt"],"picked":"Intimidate","floor":27},{"not_picked":["Reckless Charge+1","Shrug It Off+1"],"picked":"Disarm","floor":28},{"not_picked":["Heavy Blade","Headbutt"],"picked":"Burning Pact+1","floor":31},{"not_picked":["Brutality+1","Demon Form+1"],"picked":"Juggernaut+1","floor":33}],"player_experience":641173,"relics_obtained":[{"floor":7,"key":"Frozen Egg 2"},{"floor":9,"key":"Dead Branch"},{"floor":10,"key":"Omamori"},{"floor":13,"key":"Charon\u0027s Ashes"},{"floor":14,"key":"Strawberry"},{"floor":24,"key":"Blood Vial"},{"floor":26,"key":"Ornamental Fan"}],"event_choices":[{"damage_healed":0,"gold_gain":0,"player_choice":"Entered Light","damage_taken":16,"max_hp_gain":0,"max_hp_loss":0,"event_name":"Shining Light","floor":2,"gold_loss":0,"cards_upgraded":["Strike_R","Defend_R"]},{"damage_healed":0,"gold_gain":0,"player_choice":"Take Damage","damage_taken":20,"relics_obtained":["Golden Idol"],"max_hp_gain":0,"max_hp_loss":0,"event_name":"Golden Idol","floor":11,"gold_loss":0},{"damage_healed":0,"gold_gain":0,"player_choice":"Ignored","damage_taken":0,"max_hp_gain":0,"max_hp_loss":0,"event_name":"Liars Game","floor":12,"gold_loss":0},{"damage_healed":0,"gold_gain":0,"player_choice":"Upgraded","damage_taken":0,"max_hp_gain":0,"max_hp_loss":0,"event_name":"Upgrade Shrine","floor":21,"gold_loss":0,"cards_upgraded":["Feed"]},{"cards_removed":["Defend_R"],"damage_healed":0,"gold_gain":0,"player_choice":"Elegance","damage_taken":0,"max_hp_gain":0,"max_hp_loss":0,"event_name":"Back to Basics","floor":29,"gold_loss":0}],"is_beta":false,"boss_relics":[{"not_picked":["Orrery","Runic Pyramid"],"picked":"Coffee Dripper"},{"not_picked":["Cursed Key","Velvet Choker"],"picked":"Astrolabe"}],"items_purged_floors":[],"is_endless":false,"potions_floor_spawned":[3,7,13,18,20,22,27,28],"ascension_level":0}