{"gold_per_floor":[113,63,63,79,4,4,40,40,66,97,120,120,160,184,184,313,313,327,352,371,396,396],"floor_reached":22,"playtime":891,"items_purged":["Defend_B"],"score":323,"play_id":"2a2cc949-57c7-4801-9d6f-6ea2c5c415db","local_time":"20190102080705","is_ascension_mode":true,"campfire_choices":[{"data":"Consume","floor":6.0,"key":"SMITH"},{"data":"Zap","floor":8.0,"key":"SMITH"},{"data":"Hologram","floor":12.0,"key":"SMITH"},{"floor":15.0,"key":"REST"}],"neow_cost":"NONE","seed_source_timestamp":0,"circlet_count":0,"master_deck":["Strike_B","Strike_B","Strike_B","Defend_B","Defend_B","Defend_B","Zap+1","Dualcast","Consume+1","Cold Snap","Turbo","Ball Lightning","Hologram+1","BootSequence","Hologram","Fission","Doubt","Redo+1","Hologram+1","Capacitor","Conserve Battery","Coolheaded+1","Defragment+1","Capacitor","Blizzard"],"special_seed":0,"relics":["Cracked Core","NeowsBlessing","Golden Idol","The Courier","Strawberry","Smiling Mask","Omamori","Calling Bell","Centennial Puzzle","Cables","Prayer Wheel"],"potions_floor_usage":[16,21],"damage_taken":[{"damage":0.0,"enemies":"Small Slimes","floor":1.0,"turns":1.0},{"damage":0.0,"enemies":"Cultist","floor":4.0,"turns":1.0},{"damage":0.0,"enemies":"Gremlin Nob","floor":7.0,"turns":1.0},{"damage":12.0,"enemies":"Lagavulin","floor":10.0,"turns":7.0},{"damage":7.0,"enemies":"Jaw Worm","floor":11.0,"turns":3.0},{"damage":30.0,"enemies":"Gremlin Nob","floor":13.0,"turns":5.0},{"damage":0.0,"enemies":"Large Slime","floor":14.0,"turns":5.0},{"damage":23,"enemies":"Hexaghost","floor":16,"turns":9},{"damage":9,"enemies":"Shell Parasite","floor":18,"turns":4},{"damage":0,"enemies":"Chosen","floor":19,"turns":4},{"damage":8,"enemies":"Centurion and Healer","floor":20,"turns":9},{"damage":16,"enemies":"Snecko","floor":21,"turns":6},{"damage":38,"enemies":"3 Cultists","floor":22,"turns":4}],"seed_played":"-2720598145166280622","potions_obtained":[{"floor":1.0,"key":"SteroidPotion"},{"floor":4.0,"key":"Energy Potion"},{"floor":10.0,"key":"GamblersBrew"},{"floor":13.0,"key":"Strength Potion"},{"floor":20,"key":"Explosive Potion"},{"floor":21,"key":"Ancient Potion"}],"is_trial":false,"path_per_floor":["M","?","?","M","$","R","E","R","T","E","M","R","E","M","R","B",null,"M","M","M","M","M"],"character_chosen":"DEFECT","items_purchased":[],"campfire_rested":1,"item_purchase_floors":[],"current_hp_per_floor":[68,68,50,50,50,50,50,50,57,45,38,38,8,8,32,9,64,55,55,47,31,0],"gold":396,"neow_bonus":"THREE_ENEMY_KILL","is_prod":false,"is_daily":false,"chose_seed":false,"campfire_upgraded":3,"win_rate":0,"timestamp":1546434425,"path_taken":["M","?","?","M","$","R","E","R","T","E","M","R","E","M","R","BOSS","M","M","M","M","M"],"build_version":"2019-01-01v2","purchased_purges":1,"victory":false,"max_hp_per_floor":[75,75,75,75,75,75,75,75,82,82,82,82,82,82,82,82,82,82,82,82,82,82],"card_choices":[{"not_picked":["Steam Power","Loop"],"picked":"Consume","floor":1.0},{"not_picked":["Ball Lightning","Conserve Battery"],"picked":"Cold Snap","floor":4.0},{"not_picked":["Steam","Steam Power"],"picked":"Turbo","floor":7.0},{"not_picked":["Rip and Tear","Hologram"],"picked":"Ball Lightning","floor":10.0},{"not_picked":["Sweeping Beam","Ball Lightning"],"picked":"Hologram","floor":11.0},{"not_picked":["Gash","Streamline"],"picked":"BootSequence","floor":13.0},{"not_picked":["Meteor Strike","Skim"],"picked":"Hologram","floor":14.0},{"not_picked":["Amplify","Thunder Strike"],"picked":"Fission","floor":16},{"not_picked":["Sweeping Beam+1","Ball Lightning"],"picked":"Redo+1","floor":18},{"not_picked":["Turbo","Streamline"],"picked":"Hologram+1","floor":18},{"not_picked":["BootSequence+1","Gash"],"picked":"Capacitor","floor":19},{"not_picked":["Ball Lightning","Storm"],"picked":"Conserve Battery","floor":19},{"not_picked":["FTL","Amplify"],"picked":"Coolheaded+1","floor":20},{"not_picked":["Beam Cell","Redo+1"],"picked":"Defragment+1","floor":20},{"not_picked":["Hello World","Stack"],"picked":"Capacitor","floor":21},{"not_picked":["Coolheaded","Auto Shields"],"picked":"Blizzard","floor":21}],"player_experience":493326,"relics_obtained":[{"floor":7.0,"key":"The Courier"},{"floor":9.0,"key":"Strawberry"},{"floor":10.0,"key":"Smiling Mask"},{"floor":13.0,"key":"Omamori"},{"floor":17,"key":"Centennial Puzzle"},{"floor":17,"key":"Cables"},{"floor":17,"key":"Prayer Wheel"}],"event_choices":[{"cards_removed":["Strike_B"],"damage_healed":0.0,"max_hp_gain":0.0,"max_hp_loss":0.0,"gold_gain":0.0,"event_name":"The Cleric","player_choice":"Card Removal","floor":2.0,"gold_loss":50.0,"damage_taken":0.0},{"damage_healed":0.0,"max_hp_gain":0.0,"max_hp_loss":0.0,"gold_gain":0.0,"event_name":"Golden Idol","player_choice":"Take Damage","floor":3.0,"gold_loss":0.0,"damage_taken":18.0,"relics_obtained":["Golden Idol"]}],"is_beta":true,"boss_relics":[{"not_picked":["Astrolabe","FrozenCore"],"picked":"Calling Bell"}],"items_purged_floors":[5],"is_endless":false,"potions_floor_spawned":[1,4,10,13,20,21],"killed_by":"3 Cultists","ascension_level":8}