{"gold_per_floor":[112,132,151,151,161,161,188,188,188,85,85,101,101,117,117,117],"floor_reached":16,"playtime":553,"items_purged":[],"score":168,"play_id":"de7bab09-be8a-4984-a1ee-42fa19b1e43d","local_time":"20190130183958","is_ascension_mode":true,"campfire_choices":[{"data":"Dark Embrace","floor":6,"key":"SMITH"},{"data":"True Grit","floor":13,"key":"SMITH"},{"data":"Intimidate","floor":15,"key":"SMITH"}],"neow_cost":"NONE","seed_source_timestamp":109482454291150,"circlet_count":0,"master_deck":["AscendersBane","Strike_R","Strike_R","Strike_R+1","Strike_R","Strike_R+1","Defend_R","Defend_R","Defend_R","Defend_R","Bash","Dark Embrace+1","Anger","Intimidate+1","Ghostly Armor","Perfected Strike","Twin Strike","Shrug It Off+1","Perfected Strike","True Grit+1","Perfected Strike"],"relics":["Burning Blood","Blue Candle","Matryoshka"],"potions_floor_usage":[16],"damage_taken":[{"damage":5,"enemies":"2 Louse","floor":1,"turns":3},{"damage":9,"enemies":"Jaw Worm","floor":2,"turns":3},{"damage":0,"enemies":"Small Slimes","floor":3,"turns":3},{"damage":10,"enemies":"Looter","floor":5,"turns":4},{"damage":40,"enemies":"Lagavulin","floor":7,"turns":6},{"damage":11,"enemies":"Large Slime","floor":12,"turns":6},{"damage":3,"enemies":"Blue Slaver","floor":14,"turns":4},{"damage":65,"enemies":"Slime Boss","floor":16,"turns":11}],"seed_played":"-8628972843191328579","potions_obtained":[{"floor":2,"key":"GamblersBrew"},{"floor":7,"key":"Ancient Potion"},{"floor":14,"key":"BloodPotion"}],"is_trial":false,"path_per_floor":["M","M","M","?","M","R","E","?","T","$","?","M","R","M","R","B"],"character_chosen":"IRONCLAD","items_purchased":["Shrug It Off","Perfected Strike"],"campfire_rested":0,"item_purchase_floors":[10,10],"current_hp_per_floor":[73,70,76,60,56,56,22,48,48,48,48,43,43,46,46,0],"gold":117,"neow_bonus":"ONE_RANDOM_RARE_CARD","is_prod":false,"is_daily":false,"chose_seed":false,"campfire_upgraded":3,"win_rate":0,"timestamp":1548898798,"path_taken":["M","M","M","?","M","R","E","?","T","$","?","M","R","M","R","BOSS"],"build_version":"2019-01-23","purchased_purges":0,"victory":false,"max_hp_per_floor":[80,80,80,80,80,80,80,80,80,80,80,80,80,80,80,80],"card_choices":[{"not_picked":["Warcry","Clash"],"picked":"Anger","floor":1},{"not_picked":["Heavy Blade","Body Slam"],"picked":"Intimidate","floor":2},{"not_picked":["Pommel Strike","Armaments"],"picked":"Ghostly Armor","floor":3},{"not_picked":["Havoc","Combust"],"picked":"Perfected Strike","floor":5},{"not_picked":["Armaments","Burning Pact"],"picked":"Twin Strike","floor":7},{"not_picked":["Uppercut","Shockwave"],"picked":"True Grit","floor":12},{"not_picked":["Intimidate","Shrug It Off"],"picked":"Perfected Strike","floor":14}],"player_experience":1344579,"relics_obtained":[{"floor":7,"key":"Blue Candle"},{"floor":9,"key":"Matryoshka"}],"event_choices":[{"damage_healed":0,"gold_gain":0,"player_choice":"Entered Light","damage_taken":16,"max_hp_gain":0,"max_hp_loss":0,"event_name":"Shining Light","floor":4,"gold_loss":0,"cards_upgraded":["Strike_R","Strike_R"]},{"damage_healed":26,"gold_gain":0,"player_choice":"Banana","damage_taken":0,"max_hp_gain":0,"max_hp_loss":0,"event_name":"Big Fish","floor":8,"gold_loss":0},{"damage_healed":0,"gold_gain":0,"player_choice":"Grow","damage_taken":0,"max_hp_gain":0,"max_hp_loss":0,"event_name":"Living Wall","floor":11,"gold_loss":0,"cards_upgraded":["Shrug It Off"]}],"is_beta":false,"boss_relics":[],"items_purged_floors":[],"is_endless":false,"potions_floor_spawned":[2,7,14],"killed_by":"Slime Boss","ascension_level":13}