{"gold_per_floor":[109,124,139,139,24,24,51,16,42,82,94,118,130,153,165,254,266,296,327,353,365,302,314,344,368,380,392,434,459,471,513,525,613,625,650,679,691,720,750,762],"floor_reached":40,"playtime":3411,"items_purged":["Strike_G"],"score":814,"play_id":"4b572e42-4131-46af-9d10-d8715525ef88","local_time":"20190406202315","is_ascension_mode":true,"campfire_choices":[{"data":"Dagger Spray","floor":6,"key":"SMITH"},{"data":"Predator","floor":11,"key":"SMITH"},{"data":"Leg Sweep","floor":15,"key":"SMITH"},{"data":"Cloak And Dagger","floor":23,"key":"SMITH"},{"floor":27,"key":"REST"},{"floor":30,"key":"REST"},{"floor":32,"key":"REST"}],"neow_cost":"NONE","seed_source_timestamp":1887096847989063,"circlet_count":0,"master_deck":["AscendersBane","Defend_G","Defend_G","Defend_G","Defend_G","Defend_G","Strike_G","Strike_G","Strike_G","Survivor","Neutralize+1","Leg Sweep+1","Dagger Spray+1","Infinite Blades","Caltrops","Dash","Predator+1","Leg Sweep","Infinite Blades","Envenom","Dodge and Roll+1","Cloak And Dagger+1","Finisher+1","PiercingWail","Envenom","Crippling Poison+1","Parasite","Footwork+1","Footwork"],"relics":["Ring of the Snake","Boot","Happy Flower","MawBank","Bag of Marbles","Velvet Choker","Letter Opener","Tingsha","Runic Pyramid"],"potions_floor_usage":[10,29,36,36],"damage_taken":[{"damage":7,"enemies":"Jaw Worm","floor":1,"turns":6},{"damage":1,"enemies":"2 Louse","floor":2,"turns":4},{"damage":1,"enemies":"Small Slimes","floor":3,"turns":4},{"damage":10,"enemies":"Lagavulin","floor":7,"turns":9},{"damage":19,"enemies":"Gremlin Nob","floor":10,"turns":6},{"damage":0,"enemies":"Blue Slaver","floor":12,"turns":3},{"damage":1,"enemies":"Large Slime","floor":14,"turns":4},{"damage":6,"enemies":"The Guardian","floor":16,"turns":13},{"damage":1,"enemies":"Shell Parasite","floor":18,"turns":7},{"damage":14,"enemies":"Spheric Guardian","floor":19,"turns":5},{"damage":19,"enemies":"Snake Plant","floor":20,"turns":5},{"damage":4,"enemies":"Snecko","floor":24,"turns":5},{"damage":2,"enemies":"Centurion and Healer","floor":25,"turns":7},{"damage":24,"enemies":"Gremlin Leader","floor":28,"turns":7},{"damage":2,"enemies":"Chosen and Byrds","floor":29,"turns":6},{"damage":9,"enemies":"Book of Stabbing","floor":31,"turns":7},{"damage":44,"enemies":"Automaton","floor":33,"turns":12},{"damage":18,"enemies":"Orb Walker","floor":35,"turns":5},{"damage":17,"enemies":"3 Shapes","floor":36,"turns":14},{"damage":24,"enemies":"Writhing Mass","floor":38,"turns":8},{"damage":2,"enemies":"Maw","floor":39,"turns":8},{"damage":48,"enemies":"Giant Head","floor":40,"turns":7}],"seed_played":"-900251886758930359","potions_obtained":[{"floor":1,"key":"SpeedPotion"},{"floor":3,"key":"Explosive Potion"},{"floor":12,"key":"SpeedPotion"},{"floor":16,"key":"SteroidPotion"},{"floor":20,"key":"GhostInAJar"},{"floor":29,"key":"GamblersBrew"},{"floor":39,"key":"GamblersBrew"}],"is_trial":false,"path_per_floor":["?","?","?","?","?","?"],"character_chosen":"THE_SILENT","items_purchased":["Caltrops"],"campfire_rested":3,"item_purchase_floors":[5],"current_hp_per_floor":[52,51,50,50,50,50,40,56,56,37,37,37,59,58,58,52,63,62,48,29,29,29,29,25,23,23,42,18,16,35,26,45,1,50,32,15,54,30,28,0],"gold":762,"neow_bonus":"RANDOM_COMMON_RELIC","is_prod":false,"is_daily":false,"chose_seed":false,"campfire_upgraded":4,"win_rate":0,"timestamp":1554596595,"path_taken":["M","M","M","?","$","R","E","?","T","E","R","M","?","M","R","BOSS","M","M","M","?","?","R","M","M","T","R","E","M","R","E","R","BOSS","M","M","?","M","M","E"],"build_version":"2019-01-23","purchased_purges":1,"victory":false,"max_hp_per_floor":[66,66,66,66,66,66,66,66,66,66,66,66,66,66,66,66,66,66,66,66,66,66,66,66,66,66,66,66,66,66,66,66,66,66,66,66,54,54,54,54],"card_choices":[{"not_picked":["Masterful Stab","Escape Plan"],"picked":"Leg Sweep","floor":1},{"not_picked":["Acrobatics","Dodge and Roll"],"picked":"Dagger Spray","floor":2},{"not_picked":["Masterful Stab","PiercingWail"],"picked":"Infinite Blades","floor":3},{"not_picked":["Riddle With Holes","Choke"],"picked":"Dash","floor":7},{"not_picked":["Masterful Stab","Deflect"],"picked":"Predator","floor":10},{"not_picked":["Outmaneuver","Concentrate"],"picked":"Leg Sweep","floor":12},{"not_picked":["Underhanded Strike","All Out Attack"],"picked":"Infinite Blades","floor":14},{"not_picked":["Venomology","Night Terror"],"picked":"Envenom","floor":16},{"not_picked":["Acrobatics","Deflect"],"picked":"Dodge and Roll+1","floor":18},{"not_picked":["Poisoned Stab","Dagger Throw","Dash"],"picked":"SKIP","floor":19},{"not_picked":["Choke","Bullet Time","Blade Dance"],"picked":"SKIP","floor":20},{"not_picked":["Dagger Throw","Flying Knee","Bane+1"],"picked":"SKIP","floor":24},{"not_picked":["Dash","Bane"],"picked":"Finisher+1","floor":25},{"not_picked":["Masterful Stab","Acrobatics"],"picked":"PiercingWail","floor":28},{"not_picked":["PiercingWail","Concentrate+1","Outmaneuver"],"picked":"SKIP","floor":29},{"not_picked":["Endless Agony","Bane","Night Terror"],"picked":"SKIP","floor":31},{"not_picked":["Storm of Steel","Adrenaline"],"picked":"Envenom","floor":33},{"not_picked":["Flying Knee","Slice","Bane+1"],"picked":"SKIP","floor":35},{"not_picked":["Predator","Deadly Poison+1"],"picked":"Crippling Poison+1","floor":36},{"not_picked":["Outmaneuver","Backstab"],"picked":"Footwork+1","floor":38},{"not_picked":["PiercingWail+1","Accuracy+1"],"picked":"Footwork","floor":39}],"player_experience":1573087,"relics_obtained":[{"floor":7,"key":"Happy Flower"},{"floor":9,"key":"MawBank"},{"floor":10,"key":"Bag of Marbles"},{"floor":28,"key":"Letter Opener"},{"floor":31,"key":"Tingsha"}],"event_choices":[{"damage_healed":0,"gold_gain":0,"player_choice":"Grow","damage_taken":0,"max_hp_gain":0,"max_hp_loss":0,"event_name":"Living Wall","floor":4,"gold_loss":0,"cards_upgraded":["Neutralize"]},{"damage_healed":16,"gold_gain":0,"player_choice":"Healed","damage_taken":0,"max_hp_gain":0,"max_hp_loss":0,"event_name":"The Cleric","floor":8,"gold_loss":35},{"damage_healed":22,"gold_gain":0,"player_choice":"Banana","damage_taken":0,"max_hp_gain":0,"max_hp_loss":0,"event_name":"Big Fish","floor":13,"gold_loss":0},{"damage_healed":0,"gold_gain":0,"player_choice":"Read","damage_taken":0,"max_hp_gain":0,"max_hp_loss":0,"event_name":"The Library","floor":21,"gold_loss":0,"cards_obtained":["Cloak And Dagger"]},{"cards_removed":["Strike_G"],"damage_healed":0,"gold_gain":0,"player_choice":"Gave Gold","damage_taken":0,"max_hp_gain":0,"max_hp_loss":0,"event_name":"Beggar","floor":22,"gold_loss":75},{"damage_healed":54,"gold_gain":0,"player_choice":"Heal","damage_taken":0,"max_hp_gain":0,"max_hp_loss":12,"event_name":"The Moai Head","floor":37,"gold_loss":0}],"is_beta":false,"boss_relics":[{"not_picked":["Calling Bell","Lizard Tail"],"picked":"Velvet Choker"},{"not_picked":["Sozu","Philosopher\u0027s Stone"],"picked":"Runic Pyramid"}],"items_purged_floors":[5],"is_endless":false,"potions_floor_spawned":[1,3,12,16,19,20,24,29,31,39],"killed_by":"Giant Head","ascension_level":17}