{"gold_per_floor":[115,115,115,115,115,115,129,154,205,70,70,89,124,140,140,140],"floor_reached":16,"playtime":469,"items_purged":[],"score":130,"play_id":"2473cfa5-b28b-4829-aedc-6b7857d0c755","local_time":"20190124202617","is_ascension_mode":true,"campfire_choices":[{"data":"Zap","floor":6,"key":"SMITH"},{"floor":15,"key":"REST"}],"neow_cost":"NONE","seed_source_timestamp":283617683021547,"circlet_count":0,"master_deck":["Strike_B","Strike_B","Strike_B+1","Strike_B","Defend_B","Defend_B","Defend_B+1","Defend_B","Zap+1","Dualcast","Madness+1","Coolheaded","Beam Cell","Steam","Gash","Melter","Redo","Chaos","Buffer","Compile Driver"],"relics":["Cracked Core","Golden Idol","Juzu Bracelet","Potion Belt","Blood Vial"],"potions_floor_usage":[14],"damage_taken":[{"damage":1,"enemies":"Cultist","floor":1,"turns":3},{"damage":7,"enemies":"Jaw Worm","floor":7,"turns":3},{"damage":1,"enemies":"2 Louse","floor":8,"turns":3},{"damage":7,"enemies":"Red Slaver","floor":12,"turns":2},{"damage":15,"enemies":"3 Sentries","floor":13,"turns":9},{"damage":2,"enemies":"Looter","floor":14,"turns":3},{"damage":53,"enemies":"Hexaghost","floor":16,"turns":12}],"seed_played":"1368536485183753896","potions_obtained":[{"floor":12,"key":"Energy Potion"},{"floor":13,"key":"Weak Potion"}],"is_trial":false,"path_per_floor":["M","?","?","?","?","R","M","M","T","$","?","M","E","M","R","B"],"character_chosen":"DEFECT","items_purchased":["Gash","Melter","Redo"],"campfire_rested":1,"item_purchase_floors":[10,10,10],"current_hp_per_floor":[67,67,67,67,67,67,60,59,59,59,44,37,22,22,44,0],"gold":140,"neow_bonus":"RANDOM_COLORLESS","is_prod":false,"is_daily":false,"chose_seed":false,"campfire_upgraded":1,"win_rate":0,"timestamp":1548386777,"path_taken":["M","?","?","?","?","R","M","M","T","$","?","M","E","M","R","BOSS"],"build_version":"2019-01-23","purchased_purges":0,"victory":false,"max_hp_per_floor":[75,75,75,75,75,75,75,75,75,75,75,75,75,75,75,75],"card_choices":[{"not_picked":["Stack","Sweeping Beam"],"picked":"Coolheaded","floor":1},{"not_picked":["Rebound","Double Energy"],"picked":"Beam Cell","floor":7},{"not_picked":["Blizzard","Tempest"],"picked":"Steam","floor":8},{"not_picked":["Consume","Doom and Gloom"],"picked":"Chaos","floor":12},{"not_picked":["Static Discharge","Barrage"],"picked":"Buffer","floor":13},{"not_picked":["Rebound","Sweeping Beam"],"picked":"Compile Driver","floor":14}],"player_experience":1297774,"relics_obtained":[{"floor":9,"key":"Potion Belt"},{"floor":13,"key":"Blood Vial"}],"event_choices":[{"damage_healed":0,"gold_gain":0,"player_choice":"Grow","damage_taken":0,"max_hp_gain":0,"max_hp_loss":0,"event_name":"Living Wall","floor":2,"gold_loss":0,"cards_upgraded":["Madness"]},{"damage_healed":0,"gold_gain":0,"player_choice":"Take Wound","damage_taken":0,"relics_obtained":["Golden Idol"],"max_hp_gain":0,"max_hp_loss":0,"event_name":"Golden Idol","floor":3,"gold_loss":0,"cards_obtained":["Injury"]},{"damage_healed":0,"gold_gain":0,"player_choice":"Box","damage_taken":0,"relics_obtained":["Juzu Bracelet"],"max_hp_gain":0,"max_hp_loss":0,"event_name":"Big Fish","floor":4,"gold_loss":0,"cards_obtained":["Regret"]},{"cards_removed":["Regret","Injury"],"damage_healed":0,"gold_gain":0,"player_choice":"Removed Curses","damage_taken":0,"max_hp_gain":0,"max_hp_loss":0,"event_name":"Fountain of Cleansing","floor":5,"gold_loss":0},{"damage_healed":0,"gold_gain":0,"player_choice":"Entered Light","damage_taken":15,"max_hp_gain":0,"max_hp_loss":0,"event_name":"Shining Light","floor":11,"gold_loss":0,"cards_upgraded":["Strike_B","Defend_B"]}],"is_beta":false,"boss_relics":[],"items_purged_floors":[],"is_endless":false,"potions_floor_spawned":[12,13],"killed_by":"Hexaghost","ascension_level":6}