{"gold_per_floor":[362,377,17,17,32,32,63,63,63,11,51,76,76,7,7,135,135,148,108,207,225,263,263,296,296,319,334,377,377,377,400,400,550,550,569,569,583,38,63,102,23,23,76,76,91,424,454,473,473,473],"floor_reached":51,"playtime":2489,"items_purged":["Injury"],"score":901,"play_id":"3b8997ed-5b1e-466f-8589-c1db0078e852","local_time":"20181030040208","is_ascension_mode":false,"campfire_choices":[{"data":"Magnetism","floor":6,"key":"SMITH"},{"data":"Echo Form","floor":13,"key":"SMITH"},{"floor":15,"key":"REST"},{"floor":23,"key":"REST"},{"data":"Self Repair","floor":25,"key":"SMITH"},{"floor":29,"key":"REST"},{"data":"White Noise","floor":32,"key":"SMITH"},{"data":"Storm","floor":44,"key":"SMITH"},{"data":"Defragment","floor":49,"key":"SMITH"}],"neow_cost":"CURSE","seed_source_timestamp":16131129950114,"circlet_count":0,"master_deck":["Strike_B","Strike_B","Strike_B","Strike_B","Defend_B","Defend_B","Defend_B","Defend_B","Zap","Dualcast","White Noise+1","Tempest","Magnetism+1","Self Repair+1","Force Field","Defragment+1","Heatsinks","Echo Form+1","Conserve Battery+1","Auto Shields","Seek+1","Ball Lightning","Coolheaded","Chill+1","Capacitor","Electrodynamics","Double Energy+1","White Noise+1","Redo+1","Capacitor","Conserve Battery+1","Buffer","Storm+1","Coolheaded+1","Capacitor"],"relics":["Cracked Core","Letter Opener","FaceOfCleric","Bottled Flame","Mercury Hourglass","Inserter","Red Mask","StoneCalendar","Omamori","Toxic Egg 2","Gremlin Horn","Runic Dome","Mummified Hand","Lee\u0027s Waffle","Mango","Dream Catcher","Bottled Tornado"],"potions_floor_usage":[7,11,16,22,24,33,33,50,50],"damage_taken":[{"damage":7,"enemies":"Small Slimes","floor":1,"turns":2},{"damage":0,"enemies":"Jaw Worm","floor":2,"turns":2},{"damage":0,"enemies":"2 Louse","floor":5,"turns":2},{"damage":16,"enemies":"Gremlin Nob","floor":7,"turns":4},{"damage":18,"enemies":"Lagavulin","floor":11,"turns":8},{"damage":3,"enemies":"Red Slaver","floor":12,"turns":4},{"damage":20,"enemies":"The Guardian","floor":16,"turns":11},{"damage":15,"enemies":"Shell Parasite","floor":18,"turns":7},{"damage":9,"enemies":"Spheric Guardian","floor":21,"turns":5},{"damage":35,"enemies":"Masked Bandits","floor":22,"turns":5},{"damage":25,"enemies":"Gremlin Leader","floor":24,"turns":6},{"damage":27,"enemies":"Cultist and Chosen","floor":27,"turns":7},{"damage":21,"enemies":"Book of Stabbing","floor":28,"turns":8},{"damage":8,"enemies":"Snake Plant","floor":31,"turns":6},{"damage":42,"enemies":"Collector","floor":33,"turns":12},{"damage":0,"enemies":"3 Shapes","floor":35,"turns":3},{"damage":10,"enemies":"3 Darklings","floor":37,"turns":4},{"damage":5,"enemies":"Jaw Worm Horde","floor":39,"turns":3},{"damage":31,"enemies":"Reptomancer","floor":40,"turns":6},{"damage":18,"enemies":"Writhing Mass","floor":45,"turns":4},{"damage":0,"enemies":"Giant Head","floor":47,"turns":7},{"damage":0,"enemies":"Maw","floor":48,"turns":5},{"damage":69,"enemies":"Time Eater","floor":50,"turns":8}],"seed_played":"-360618531008920346","potions_obtained":[{"floor":2,"key":"Poison Potion"},{"floor":11,"key":"Explosive Potion"},{"floor":16,"key":"Strength Potion"},{"floor":18,"key":"PowerPotion"},{"floor":21,"key":"Fire Potion"},{"floor":22,"key":"GamblersBrew"},{"floor":31,"key":"Regen Potion"},{"floor":35,"key":"GamblersBrew"},{"floor":37,"key":"Dexterity Potion"},{"floor":48,"key":"LiquidBronze"}],"is_trial":false,"path_per_floor":["M","M","$","?","M","R","E","?","T","$","E","M","R","$","R","B",null,"M","?","?","M","?","R","E","R","T","M","E","R","T","M","R","B",null,"M","?","M","$","M","E","$","?","T","R","M","?","E","M","R","B"],"character_chosen":"DEFECT","items_purchased":["Magnetism","Self Repair","Force Field","PowerPotion","Auto Shields","Mummified Hand","Capacitor","Lee\u0027s Waffle","Conserve Battery+1","Storm"],"campfire_rested":3,"item_purchase_floors":[3,3,3,10,14,38,38,38,38,41],"current_hp_per_floor":[68,68,68,50,50,50,41,41,41,41,31,36,36,36,59,47,78,71,71,71,63,36,60,36,36,36,30,20,45,45,58,58,42,86,87,87,88,95,91,85,85,85,85,85,78,78,89,100,100,32],"gold":473,"neow_bonus":"TWO_FIFTY_GOLD","is_prod":false,"is_daily":false,"chose_seed":false,"campfire_upgraded":6,"win_rate":0,"timestamp":1540886528,"path_taken":["M","M","$","?","M","R","E","?","T","$","E","M","R","?","R","BOSS","M","?","?","?","?","R","E","R","T","M","E","R","?","?","R","BOSS","M","?","M","$","M","E","$","?","T","R","M","?","E","M","R","BOSS"],"build_version":"2018-10-29v2","purchased_purges":1,"victory":true,"max_hp_per_floor":[75,75,75,75,75,75,75,75,75,75,76,77,77,77,77,78,78,79,79,79,80,81,81,82,82,82,83,84,84,84,85,85,86,86,87,87,88,95,96,111,111,111,111,111,112,112,113,114,114,115],"card_choices":[{"not_picked":["Steam Power","Stack"],"picked":"White Noise","floor":1},{"not_picked":["Sweeping Beam","Steam"],"picked":"Tempest","floor":2},{"not_picked":["Reprogram","Conserve Battery"],"picked":"Defragment","floor":5},{"not_picked":["Hello World","Steam"],"picked":"Heatsinks","floor":7},{"not_picked":["Redo","Consume"],"picked":"Echo Form","floor":11},{"not_picked":["Aggregate","Reinforced Body"],"picked":"Conserve Battery","floor":12},{"not_picked":["Biased Cognition","Thunder Strike"],"picked":"Seek","floor":16},{"not_picked":["Ball Lightning+1","Recycle+1"],"picked":"Cold Snap","floor":18},{"not_picked":["Sweeping Beam","Lockon"],"picked":"Ball Lightning","floor":21},{"not_picked":["Hello World","All For One","Auto Shields"],"picked":"SKIP","floor":24},{"not_picked":["Sweeping Beam","Ball Lightning"],"picked":"Coolheaded","floor":27},{"not_picked":["Gash","Stack"],"picked":"Chill","floor":28},{"not_picked":["Chill+1","Beam Cell"],"picked":"Capacitor","floor":31},{"not_picked":["Reboot+1","Core Surge"],"picked":"Electrodynamics","floor":33},{"not_picked":["Darkness+1","Stack+1"],"picked":"Double Energy+1","floor":35},{"not_picked":["Streamline+1","Gash+1"],"picked":"Redo+1","floor":37},{"not_picked":["Compile Driver","Static Discharge+1"],"picked":"Buffer","floor":39},{"not_picked":["Streamline+1","Melter+1","Thunder Strike"],"picked":"SKIP","floor":40},{"not_picked":["Scrape+1","Gash","Double Energy+1"],"picked":"SKIP","floor":45},{"not_picked":["Sweeping Beam+1","Cold Snap+1"],"picked":"Coolheaded+1","floor":47},{"not_picked":["Redo+1","Hologram+1"],"picked":"Capacitor","floor":48}],"player_experience":424903,"relics_obtained":[{"floor":7,"key":"Letter Opener"},{"floor":9,"key":"Bottled Flame"},{"floor":11,"key":"Mercury Hourglass"},{"floor":22,"key":"Red Mask"},{"floor":24,"key":"StoneCalendar"},{"floor":26,"key":"Omamori"},{"floor":28,"key":"Toxic Egg 2"},{"floor":30,"key":"Gremlin Horn"},{"floor":40,"key":"Mango"},{"floor":43,"key":"Dream Catcher"},{"floor":47,"key":"Bottled Tornado"}],"event_choices":[{"damage_healed":0,"gold_gain":0,"player_choice":"Take Damage","damage_taken":18,"relics_obtained":["Golden Idol"],"max_hp_gain":0,"max_hp_loss":0,"event_name":"Golden Idol","floor":4,"gold_loss":0},{"damage_healed":0,"gold_gain":0,"player_choice":"Trade","damage_taken":0,"relics_obtained":["FaceOfCleric"],"max_hp_gain":0,"max_hp_loss":0,"event_name":"FaceTrader","floor":8,"gold_loss":0},{"damage_healed":0,"gold_gain":0,"player_choice":"Upgraded Two","damage_taken":0,"max_hp_gain":0,"max_hp_loss":0,"event_name":"Designer","floor":19,"gold_loss":40,"cards_upgraded":["Seek","Conserve Battery"]},{"damage_healed":0,"gold_gain":99,"player_choice":"Stole From Cult","damage_taken":0,"max_hp_gain":0,"max_hp_loss":0,"event_name":"Nest","floor":20,"gold_loss":0},{"damage_healed":0,"gold_gain":0,"player_choice":"Fought Bandits","damage_taken":0,"max_hp_gain":0,"max_hp_loss":0,"event_name":"Masked Bandits","floor":22,"gold_loss":0},{"damage_healed":0,"gold_gain":0,"player_choice":"Copied","damage_taken":0,"max_hp_gain":0,"max_hp_loss":0,"event_name":"Duplicator","floor":36,"gold_loss":0,"cards_obtained":["White Noise"]},{"cards_removed":["Cold Snap"],"damage_healed":0,"gold_gain":0,"player_choice":"Removed Attack","damage_taken":0,"max_hp_gain":0,"max_hp_loss":0,"event_name":"Falling","floor":42,"gold_loss":0},{"damage_healed":0,"gold_gain":333,"player_choice":"Gave Idol","damage_taken":0,"max_hp_gain":0,"max_hp_loss":0,"event_name":"The Moai Head","floor":46,"relics_lost":["Golden Idol"],"gold_loss":0}],"is_beta":true,"boss_relics":[{"not_picked":["Eternal Feather","Philosopher\u0027s Stone"],"picked":"Inserter"},{"not_picked":["Pandora\u0027s Box","Empty Cage"],"picked":"Runic Dome"}],"items_purged_floors":[3],"is_endless":false,"potions_floor_spawned":[2,11,16,18,21,22,31,35,37,47,48],"ascension_level":0}