{"gold_per_floor":[110,110,110,128,128,128,140,140,140,140,159,159,9,84,84,179,179,198,212,262,278,294,306,306,318,318,0,20,20,20],"floor_reached":30,"playtime":5125,"items_purged":["Strike_G"],"score":305,"play_id":"ecf77e70-3812-49b0-8d34-9639e1ac7f04","local_time":"20190408223758","is_ascension_mode":true,"campfire_choices":[{"data":"Neutralize","floor":6.0,"key":"SMITH"},{"data":"Well Laid Plans","floor":8.0,"key":"SMITH"},{"floor":15.0,"key":"REST"},{"data":"Footwork","floor":24.0,"key":"SMITH"}],"neow_cost":"NONE","seed_source_timestamp":0,"circlet_count":0,"master_deck":["Defend_G","Defend_G","Survivor","Neutralize+1","PiercingWail+1","Well Laid Plans+1","Footwork+1","A Thousand Cuts","Well Laid Plans+1","PiercingWail+1","Endless Agony+1","PiercingWail+1","Infinite Blades","Footwork","PiercingWail","Bite","Bite","Bite","Bite","Bite"],"special_seed":0,"relics":["Ring of the Snake","Peace Pipe","Astrolabe"],"potions_floor_usage":[],"damage_taken":[{"damage":0.0,"enemies":"Small Slimes","floor":1.0,"turns":4.0},{"damage":0.0,"enemies":"2 Louse","floor":4.0,"turns":4.0},{"damage":2.0,"enemies":"Cultist","floor":7.0,"turns":4.0},{"damage":0.0,"enemies":"Looter","floor":11.0,"turns":3.0},{"damage":5.0,"enemies":"The Guardian","floor":16.0,"turns":34.0},{"damage":3.0,"enemies":"Shell Parasite","floor":18.0,"turns":8.0},{"damage":0.0,"enemies":"Chosen","floor":19.0,"turns":8.0},{"damage":14.0,"enemies":"Snecko","floor":21.0,"turns":10.0},{"damage":6.0,"enemies":"Shelled Parasite and Fungi","floor":22.0,"turns":7.0},{"damage":3.0,"enemies":"Snake Plant","floor":23.0,"turns":8.0},{"damage":25.0,"enemies":"Snecko","floor":25.0,"turns":7.0},{"damage":5,"enemies":"3 Cultists","floor":28,"turns":6},{"damage":24,"enemies":"Cultist and Chosen","floor":30,"turns":5}],"seed_played":"-7811371573618880352","potions_obtained":[{"floor":16.0,"key":"SteroidPotion"},{"floor":18.0,"key":"Weak Potion"},{"floor":19.0,"key":"GamblersBrew"},{"floor":21.0,"key":"Explosive Potion"}],"is_trial":false,"path_per_floor":["M","?","?","M","?","R","M","R","T","?","M","?","$","?","R","B",null,"M","M","?","M","M","M","R","M","T","?","M","?","M"],"character_chosen":"THE_SILENT","items_purchased":["Footwork"],"campfire_rested":1,"item_purchase_floors":[13],"current_hp_per_floor":[70,75,60,60,60,60,58,58,58,58,58,58,58,47,69,64,75,72,72,72,58,52,49,49,24,24,24,19,19,0],"gold":20,"neow_bonus":"REMOVE_CARD","is_prod":false,"is_daily":false,"chose_seed":false,"campfire_upgraded":3,"win_rate":0,"timestamp":1554777478,"path_taken":["M","?","?","M","?","R","?","R","T","?","M","?","$","?","R","BOSS","M","M","?","M","?","M","R","M","T","?","M","?","M"],"build_version":"2019-01-23","purchased_purges":1,"victory":false,"max_hp_per_floor":[70,75,75,75,75,75,75,75,75,75,75,75,75,75,75,75,75,75,75,75,75,75,75,75,75,75,75,75,52,52],"card_choices":[{"not_picked":["Flying Knee","Underhanded Strike"],"picked":"PiercingWail","floor":1.0},{"not_picked":["Bouncing Flask","Finisher","Flying Knee"],"picked":"SKIP","floor":4.0},{"not_picked":["Dagger Throw","PiercingWail"],"picked":"Well Laid Plans","floor":7.0},{"not_picked":["Unload","Bane","Bouncing Flask"],"picked":"SKIP","floor":11.0},{"not_picked":["Bullet Time","Burst"],"picked":"A Thousand Cuts","floor":16.0},{"not_picked":["Finisher+1","Poisoned Stab"],"picked":"PiercingWail+1","floor":18.0},{"not_picked":["Bane","Crippling Poison","Accuracy"],"picked":"SKIP","floor":19.0},{"not_picked":["Underhanded Strike","Crippling Poison"],"picked":"Infinite Blades","floor":21.0},{"not_picked":["Backstab","Distraction"],"picked":"Footwork","floor":22.0},{"not_picked":["Endless Agony","Acrobatics","Setup"],"picked":"SKIP","floor":23.0},{"not_picked":["Acrobatics","Sucker Punch+1"],"picked":"PiercingWail","floor":25.0},{"not_picked":["Poisoned Stab","Calculated Gamble","Deadly Poison+1"],"picked":"SKIP","floor":28}],"player_experience":274871,"relics_obtained":[{"floor":9.0,"key":"Peace Pipe"}],"event_choices":[{"damage_healed":0.0,"max_hp_gain":5.0,"max_hp_loss":0.0,"gold_gain":0.0,"event_name":"Big Fish","player_choice":"Donut","floor":2.0,"gold_loss":0.0,"damage_taken":0.0},{"damage_healed":0.0,"max_hp_gain":0.0,"max_hp_loss":0.0,"gold_gain":0.0,"event_name":"Shining Light","player_choice":"Entered Light","floor":3.0,"gold_loss":0.0,"damage_taken":15.0,"cards_upgraded":["PiercingWail","Strike_G"]},{"cards_removed":["Strike_G"],"damage_healed":0.0,"max_hp_gain":0.0,"max_hp_loss":0.0,"gold_gain":0.0,"event_name":"Bonfire Elementals","player_choice":"Offered Basic","floor":5.0,"gold_loss":0.0,"damage_taken":0.0},{"damage_healed":0.0,"max_hp_gain":0.0,"max_hp_loss":0.0,"gold_gain":0.0,"event_name":"Liars Game","player_choice":"Ignored","floor":10.0,"gold_loss":0.0,"damage_taken":0.0},{"cards_removed":["Strike_G"],"damage_healed":0.0,"max_hp_gain":0.0,"max_hp_loss":0.0,"gold_gain":0.0,"event_name":"Living Wall","player_choice":"Forget","floor":12.0,"gold_loss":0.0,"damage_taken":0.0},{"damage_healed":0.0,"max_hp_gain":0.0,"max_hp_loss":0.0,"gold_gain":75.0,"event_name":"World of Goop","player_choice":"Gather Gold","floor":14.0,"gold_loss":0.0,"damage_taken":11.0},{"damage_healed":0.0,"max_hp_gain":0.0,"max_hp_loss":0.0,"gold_gain":100.0,"event_name":"The Joust","player_choice":"Bet on Murderer","floor":20.0,"gold_loss":50.0,"damage_taken":0.0},{"damage_healed":0,"gold_gain":0,"player_choice":"Paid Fearfully","damage_taken":0,"max_hp_gain":0,"max_hp_loss":0,"event_name":"Masked Bandits","floor":27,"gold_loss":318},{"damage_healed":0,"gold_gain":0,"player_choice":"Became a vampire","damage_taken":0,"max_hp_gain":0,"max_hp_loss":23,"event_name":"Vampires","floor":29,"gold_loss":0,"cards_obtained":["Bite","Bite","Bite","Bite","Bite"]}],"is_beta":false,"boss_relics":[{"not_picked":["HoveringKite","Empty Cage"],"picked":"Astrolabe"}],"items_purged_floors":[13],"is_endless":false,"potions_floor_spawned":[16,18,19,21],"killed_by":"Cultist and Chosen","ascension_level":3}