{"gold_per_floor":[114,126,143,143,143,143,14,32,32,32,207,207,207,78,78,183,183,195,181,47,47,65,65,84,84,84,84,95,110,127,127,127,127],"floor_reached":33,"playtime":1208,"items_purged":["Doubt"],"score":237,"play_id":"6a413611-d34d-472d-8dcc-0145941df5ca","local_time":"20190214172038","is_ascension_mode":false,"campfire_choices":[{"data":"Genetic Algorithm","floor":6,"key":"SMITH"},{"data":"Buffer","floor":10,"key":"SMITH"},{"data":"Dualcast","floor":13,"key":"SMITH"},{"data":"Redo","floor":15,"key":"SMITH"},{"floor":23,"key":"REST"},{"floor":32,"key":"REST"}],"neow_cost":"NONE","seed_source_timestamp":164931415298012,"circlet_count":0,"master_deck":["Strike_B","Strike_B","Strike_B","Defend_B","Defend_B","Defend_B","Defend_B","Zap+1","Dualcast+1","Genetic Algorithm+1","Ball Lightning","Hologram","Steam","Buffer+1","Steam","Redo+1","All For One","Cold Snap+1","Hologram+1","Beam Cell","Finesse","Static Discharge","Hologram+1","Leap","Leap+1","Static Discharge"],"relics":["Cracked Core"],"potions_floor_usage":[22,30,33],"damage_taken":[{"damage":4,"enemies":"2 Louse","floor":1,"turns":2},{"damage":0,"enemies":"Small Slimes","floor":2,"turns":3},{"damage":3,"enemies":"Cultist","floor":3,"turns":3},{"damage":2,"enemies":"Blue Slaver","floor":8,"turns":3},{"damage":47,"enemies":"Hexaghost","floor":16,"turns":11},{"damage":14,"enemies":"3 Byrds","floor":18,"turns":5},{"damage":7,"enemies":"2 Thieves","floor":19,"turns":4},{"damage":0,"enemies":"Colosseum Slavers","floor":21,"turns":4},{"damage":13,"enemies":"3 Cultists","floor":22,"turns":7},{"damage":6,"enemies":"Snake Plant","floor":24,"turns":5},{"damage":3,"enemies":"Centurion and Healer","floor":28,"turns":9},{"damage":8,"enemies":"Snecko","floor":29,"turns":5},{"damage":13,"enemies":"3 Cultists","floor":30,"turns":6},{"damage":66,"enemies":"Automaton","floor":33,"turns":12}],"seed_played":"-3493368056329174331","potions_obtained":[{"floor":18,"key":"SpeedPotion"},{"floor":19,"key":"FearPotion"},{"floor":22,"key":"GamblersBrew"},{"floor":29,"key":"Block Potion"}],"is_trial":false,"path_per_floor":["M","M","M","?","?","R","$","M","T","R","?","?","R","$","R","B",null,"M","M","$","?","M","R","M","?","T","?","M","M","M","?","R","B"],"character_chosen":"DEFECT","items_purchased":["Steam","Buffer","Redo","Beam Cell","Finesse"],"campfire_rested":2,"item_purchase_floors":[7,7,14,20,20],"current_hp_per_floor":[71,71,68,68,73,73,73,71,71,71,71,71,71,71,71,24,80,66,59,59,59,46,70,64,49,49,49,46,38,25,25,50,0],"gold":127,"neow_bonus":"UPGRADE_CARD","is_prod":false,"is_daily":false,"chose_seed":false,"campfire_upgraded":4,"win_rate":0,"timestamp":1550190038,"path_taken":["M","M","M","?","?","R","$","M","T","R","?","?","R","$","R","BOSS","M","M","$","?","M","R","M","?","T","?","?","M","M","?","R","BOSS"],"build_version":"2019-01-23","purchased_purges":1,"victory":false,"max_hp_per_floor":[75,75,75,75,80,80,80,80,80,80,80,80,80,80,80,80,80,80,80,80,80,80,80,80,85,85,85,85,85,85,85,85,85],"card_choices":[{"not_picked":["Streamline","Beam Cell"],"picked":"Genetic Algorithm","floor":1},{"not_picked":["Turbo","Sweeping Beam"],"picked":"Ball Lightning","floor":2},{"not_picked":["Reinforced Body","Ball Lightning"],"picked":"Hologram","floor":3},{"not_picked":["Compile Driver","Recycle"],"picked":"Steam","floor":8},{"not_picked":["Creative AI","Biased Cognition"],"picked":"All For One","floor":16},{"not_picked":["Consume+1","Conserve Battery"],"picked":"Cold Snap+1","floor":18},{"not_picked":["Aggregate","Cold Snap"],"picked":"Hologram+1","floor":19},{"not_picked":["Heatsinks","Compile Driver"],"picked":"Static Discharge","floor":22},{"not_picked":["Force Field","Stack"],"picked":"Hologram+1","floor":24},{"not_picked":["Genetic Algorithm","Steam"],"picked":"Leap","floor":28},{"not_picked":["Sweeping Beam","Storm"],"picked":"Leap+1","floor":29},{"not_picked":["Recycle","Consume"],"picked":"Static Discharge","floor":30}],"player_experience":1476954,"relics_obtained":[],"event_choices":[{"damage_healed":0,"gold_gain":0,"player_choice":"Fled","damage_taken":0,"max_hp_gain":0,"max_hp_loss":0,"event_name":"Scrap Ooze","floor":4,"gold_loss":0},{"damage_healed":0,"gold_gain":0,"player_choice":"Donut","damage_taken":0,"max_hp_gain":5,"max_hp_loss":0,"event_name":"Big Fish","floor":5,"gold_loss":0},{"damage_healed":0,"gold_gain":175,"player_choice":"AGREE","damage_taken":0,"max_hp_gain":0,"max_hp_loss":0,"event_name":"Liars Game","floor":11,"gold_loss":0,"cards_obtained":["Doubt"]},{"damage_healed":0,"gold_gain":0,"player_choice":"Searched \u00270\u0027 times","damage_taken":0,"max_hp_gain":0,"max_hp_loss":0,"event_name":"Dead Adventurer","floor":12,"gold_loss":0},{"damage_healed":0,"gold_gain":0,"player_choice":"Fight","damage_taken":0,"max_hp_gain":0,"max_hp_loss":0,"event_name":"Colosseum","floor":21,"gold_loss":0},{"damage_healed":0,"gold_gain":0,"player_choice":"Fled From Nobs","damage_taken":0,"max_hp_gain":0,"max_hp_loss":0,"event_name":"Colosseum","floor":21,"gold_loss":0},{"damage_healed":0,"gold_gain":0,"player_choice":"Shed Blood","damage_taken":20,"max_hp_gain":5,"max_hp_loss":0,"event_name":"Forgotten Altar","floor":25,"gold_loss":0},{"cards_removed":["Strike_B"],"damage_healed":0,"gold_gain":0,"player_choice":"Purged","damage_taken":0,"max_hp_gain":0,"max_hp_loss":0,"event_name":"Purifier","floor":27,"gold_loss":0},{"damage_healed":0,"gold_gain":0,"player_choice":"Ignored","damage_taken":0,"max_hp_gain":0,"max_hp_loss":0,"event_name":"Ghosts","floor":31,"gold_loss":0}],"is_beta":false,"boss_relics":[{"not_picked":["Pandora\u0027s Box","White Beast Statue","Nuclear Battery"]}],"items_purged_floors":[14],"is_endless":false,"potions_floor_spawned":[18,19,22,29],"killed_by":"Automaton","ascension_level":0}