{"gold_per_floor":[119,77,77,93,93,93,137,137,137,137,79,94,119,133,133,133],"floor_reached":16,"playtime":669,"items_purged":[],"score":195,"play_id":"7b5b1eee-9503-46d9-b029-b4a49064ef0a","local_time":"20190409213747","is_ascension_mode":true,"campfire_choices":[{"data":"Neutralize","floor":6.0,"key":"SMITH"},{"floor":10.0,"key":"REST"},{"data":"Footwork","floor":15.0,"key":"SMITH"}],"neow_cost":"NONE","seed_source_timestamp":4746291222900,"circlet_count":0,"master_deck":["AscendersBane","Defend_G","Defend_G","Defend_G","Defend_G","Defend_G","Strike_G","Strike_G","Strike_G","Strike_G","Strike_G","Survivor","Neutralize+1","Footwork+1","Escape Plan","Dodge and Roll","Tactician","Backflip","Quick Slash","Acrobatics","Backflip"],"special_seed":0,"relics":["Ring of the Snake","Golden Idol","Bag of Marbles","Oddly Smooth Stone","Paper Crane"],"potions_floor_usage":[],"damage_taken":[{"damage":1.0,"enemies":"2 Louse","floor":1.0,"turns":5.0},{"damage":2.0,"enemies":"Jaw Worm","floor":4.0,"turns":7.0},{"damage":38.0,"enemies":"3 Sentries","floor":7.0,"turns":19.0},{"damage":0.0,"enemies":"Small Slimes","floor":12.0,"turns":5.0},{"damage":0.0,"enemies":"Blue Slaver","floor":13.0,"turns":5.0},{"damage":0.0,"enemies":"2 Fungi Beasts","floor":14.0,"turns":4.0},{"damage":26,"enemies":"Hexaghost","floor":16,"turns":14}],"seed_played":"5603695033543836551","potions_obtained":[{"floor":7.0,"key":"SteroidPotion"},{"floor":12.0,"key":"Explosive Potion"}],"is_trial":false,"path_per_floor":["M","$","?","M","?","R","E","?","T","R","$","M","M","M","R","B"],"character_chosen":"THE_SILENT","items_purchased":["Escape Plan","Backflip"],"campfire_rested":1,"item_purchase_floors":[2,11],"current_hp_per_floor":[64,64,64,62,44,44,6,6,6,25,25,25,25,25,25,0],"gold":133,"neow_bonus":"TEN_PERCENT_HP_BONUS","is_prod":false,"is_daily":false,"chose_seed":false,"campfire_upgraded":2,"win_rate":0,"timestamp":1554871067,"path_taken":["M","$","?","M","?","R","E","?","T","R","$","?","M","M","R","BOSS"],"build_version":"2019-01-23","purchased_purges":0,"victory":false,"max_hp_per_floor":[72,72,65,65,65,65,65,65,65,65,65,65,65,65,65,65],"card_choices":[{"not_picked":["Backflip","Dodge and Roll"],"picked":"Footwork","floor":1.0},{"not_picked":["Blade Dance","Quick Slash"],"picked":"Dodge and Roll","floor":4.0},{"not_picked":["Dagger Throw","Concentrate"],"picked":"Tactician","floor":7.0},{"not_picked":["Expertise","Concentrate"],"picked":"Quick Slash","floor":12.0},{"not_picked":["Underhanded Strike","All Out Attack"],"picked":"Acrobatics","floor":13.0},{"not_picked":["Deflect","Sucker Punch"],"picked":"Backflip","floor":14.0}],"player_experience":506689,"relics_obtained":[{"floor":7.0,"key":"Oddly Smooth Stone"},{"floor":9.0,"key":"Paper Crane"}],"event_choices":[{"damage_healed":0.0,"max_hp_gain":0.0,"max_hp_loss":7.0,"gold_gain":0.0,"event_name":"Golden Idol","player_choice":"Lose Max HP","floor":3.0,"gold_loss":0.0,"damage_taken":0.0,"relics_obtained":["Golden Idol"]},{"damage_healed":0.0,"max_hp_gain":0.0,"max_hp_loss":0.0,"gold_gain":0.0,"event_name":"Scrap Ooze","player_choice":"Success","floor":5.0,"gold_loss":0.0,"damage_taken":18.0,"relics_obtained":["Bag of Marbles"]},{"damage_healed":0.0,"max_hp_gain":0.0,"max_hp_loss":0.0,"gold_gain":0.0,"event_name":"Dead Adventurer","player_choice":"Searched \u00270\u0027 times","floor":8.0,"gold_loss":0.0,"damage_taken":0.0}],"is_beta":false,"boss_relics":[],"items_purged_floors":[],"is_endless":false,"potions_floor_spawned":[7,12,14],"killed_by":"Hexaghost","ascension_level":19}