{"gold_per_floor":[112,123,135,147,166,166,166,181,207,207,207,182,198,217,217,217],"floor_reached":16,"playtime":8442,"items_purged":[],"score":96,"play_id":"0712156d-8e93-4c96-a613-7159679ef75b","local_time":"20190217234022","is_ascension_mode":false,"campfire_choices":[{"data":"Flame Barrier","floor":6,"key":"SMITH"},{"data":"Shrug It Off","floor":10,"key":"SMITH"},{"data":"Armaments","floor":15,"key":"SMITH"}],"neow_cost":"NONE","seed_source_timestamp":185905027549101,"circlet_count":0,"master_deck":["Strike_R","Strike_R","Strike_R","Strike_R","Defend_R","Defend_R","Defend_R","Defend_R","Bash","Flame Barrier+1","Pummel","Shrug It Off+1","Shockwave","Dual Wield","Flex","Armaments+1","Body Slam","Shrug It Off"],"relics":["Burning Blood"],"potions_floor_usage":[5,5,13,16],"damage_taken":[{"damage":12,"enemies":"Small Slimes","floor":1,"turns":5},{"damage":2,"enemies":"2 Louse","floor":2,"turns":3},{"damage":6,"enemies":"Jaw Worm","floor":3,"turns":4},{"damage":12,"enemies":"2 Fungi Beasts","floor":4,"turns":5},{"damage":0,"enemies":"Lots of Slimes","floor":5,"turns":5},{"damage":10,"enemies":"3 Louse","floor":8,"turns":5},{"damage":0,"enemies":"Blue Slaver","floor":13,"turns":4},{"damage":3,"enemies":"Large Slime","floor":14,"turns":6},{"damage":82,"enemies":"Slime Boss","floor":16,"turns":16}],"seed_played":"-5965844007728764537","potions_obtained":[{"floor":1,"key":"EssenceOfSteel"},{"floor":3,"key":"SpeedPotion"},{"floor":4,"key":"Swift Potion"},{"floor":8,"key":"Block Potion"},{"floor":13,"key":"Ancient Potion"}],"is_trial":false,"path_per_floor":["M","M","M","M","M","R","?","M","T","R","?","$","M","M","R","B"],"character_chosen":"IRONCLAD","items_purchased":["Armaments"],"campfire_rested":0,"item_purchase_floors":[12],"current_hp_per_floor":[74,78,78,72,78,78,78,74,74,74,74,74,80,80,80,0],"gold":217,"neow_bonus":"REMOVE_CARD","is_prod":false,"is_daily":false,"chose_seed":false,"campfire_upgraded":3,"win_rate":0,"timestamp":1550472022,"path_taken":["M","M","M","M","M","R","?","M","T","R","?","$","M","M","R","BOSS"],"build_version":"2019-01-23","purchased_purges":0,"victory":false,"max_hp_per_floor":[80,80,80,80,80,80,80,80,80,80,80,80,80,80,80,80],"card_choices":[{"not_picked":["Perfected Strike","Shockwave"],"picked":"Flame Barrier","floor":1},{"not_picked":["Second Wind","Sword Boomerang"],"picked":"Pummel","floor":2},{"not_picked":["Dropkick","Searing Blow"],"picked":"Shrug It Off","floor":3},{"not_picked":["Thunderclap","Wild Strike"],"picked":"Shockwave","floor":4},{"not_picked":["Corruption","Thunderclap"],"picked":"Dual Wield","floor":5},{"not_picked":["Clash","Power Through"],"picked":"Flex","floor":8},{"not_picked":["Wild Strike","Pummel"],"picked":"Body Slam","floor":13},{"not_picked":["Iron Wave","Power Through"],"picked":"Shrug It Off","floor":14}],"player_experience":1509744,"relics_obtained":[],"event_choices":[{"damage_healed":0,"gold_gain":0,"player_choice":"Searched \u00270\u0027 times","damage_taken":0,"max_hp_gain":0,"max_hp_loss":0,"event_name":"Dead Adventurer","floor":7,"gold_loss":0},{"damage_healed":0,"gold_gain":0,"player_choice":"Fled","damage_taken":0,"max_hp_gain":0,"max_hp_loss":0,"event_name":"Scrap Ooze","floor":11,"gold_loss":0}],"is_beta":false,"boss_relics":[],"items_purged_floors":[],"is_endless":false,"potions_floor_spawned":[1,3,4,8,13],"killed_by":"Slime Boss","ascension_level":0}