{"gold_per_floor":[112,128,148,148,148,178,178,210,210,221,221,239,266,289,301,414,426,449,475,487,499,283,317,317,346,426,440,440,457,489,514,514,619,619,634,634,20,33,48,68,93,193,193,221,74,88,113,335,335,335,335,335,5,36,36],"floor_reached":56,"playtime":8767,"items_purged":["Anger"],"score":1493,"play_id":"35858bb9-32a3-44be-980e-b454a6965571","local_time":"20190411214629","is_ascension_mode":true,"campfire_choices":[{"data":"Shrug It Off","floor":7.0,"key":"SMITH"},{"data":"Body Slam","floor":11.0,"key":"SMITH"},{"data":"Power Through","floor":15.0,"key":"SMITH"},{"data":"Barricade","floor":24.0,"key":"SMITH"},{"data":"Double Tap","floor":28.0,"key":"SMITH"},{"data":"Bloodletting","floor":32.0,"key":"SMITH"},{"floor":49.0,"key":"RECALL"},{"data":"Demon Form","floor":52.0,"key":"SMITH"}],"neow_cost":"NONE","seed_source_timestamp":0,"circlet_count":0,"master_deck":["Strike_R+1","Strike_R+1","Strike_R+1","Strike_R+1","Defend_R+1","Defend_R+1","Bash+1","Entrench+1","Battle Trance+1","Shrug It Off+1","Body Slam+1","Metallicize","Whirlwind","Power Through+1","Rage+1","Double Tap+1","Whirlwind+1","Sword Boomerang+1","Anger+1","Warcry+1","Pommel Strike","Barricade+1","Body Slam+1","Shockwave","Body Slam","Battle Trance","Bloodletting+1","Demon Form+1","Pommel Strike+1","Body Slam+1","True Grit+1","True Grit+1","Havoc+1","Offering"],"special_seed":0,"relics":["Burning Blood","Red Skull","Whetstone","Mercury Hourglass","MawBank","Astrolabe","War Paint","Du-Vu Doll","Potion Belt","Mummified Hand","Gremlin Horn","Red Mask","Velvet Choker","Prayer Wheel","Bottled Lightning","Bag of Preparation","Sling","Lantern","Calipers","Singing Bowl","Oddly Smooth Stone","Orichalcum","Pen Nib","Pantograph","Incense Burner"],"potions_floor_usage":[55,55],"damage_taken":[{"damage":2.0,"enemies":"2 Louse","floor":1.0,"turns":3.0},{"damage":13.0,"enemies":"Jaw Worm","floor":2.0,"turns":3.0},{"damage":1.0,"enemies":"Cultist","floor":3.0,"turns":3.0},{"damage":48.0,"enemies":"3 Sentries","floor":6.0,"turns":10.0},{"damage":0.0,"enemies":"Gremlin Nob","floor":8.0,"turns":3.0},{"damage":4.0,"enemies":"Blue Slaver","floor":10.0,"turns":4.0},{"damage":0.0,"enemies":"Exordium Wildlife","floor":12.0,"turns":4.0},{"damage":18.0,"enemies":"3 Sentries","floor":13.0,"turns":5.0},{"damage":6.0,"enemies":"3 Louse","floor":14.0,"turns":2.0},{"damage":21.0,"enemies":"The Guardian","floor":16.0,"turns":10.0},{"damage":14.0,"enemies":"2 Thieves","floor":18.0,"turns":3.0},{"damage":3.0,"enemies":"Chosen","floor":19.0,"turns":4.0},{"damage":34.0,"enemies":"Slavers","floor":23.0,"turns":7.0},{"damage":35.0,"enemies":"Gremlin Leader","floor":25.0,"turns":7.0},{"damage":0.0,"enemies":"Snecko","floor":27.0,"turns":3.0},{"damage":0.0,"enemies":"Chosen and Byrds","floor":29.0,"turns":3.0},{"damage":7.0,"enemies":"Slavers","floor":30.0,"turns":3.0},{"damage":0.0,"enemies":"Masked Bandits","floor":31.0,"turns":1.0},{"damage":13.0,"enemies":"Automaton","floor":33.0,"turns":6.0},{"damage":7.0,"enemies":"3 Shapes","floor":35.0,"turns":2.0},{"damage":15.0,"enemies":"3 Darklings","floor":38.0,"turns":5.0},{"damage":9.0,"enemies":"Sphere and 2 Shapes","floor":39.0,"turns":5.0},{"damage":0.0,"enemies":"Jaw Worm Horde","floor":40.0,"turns":2.0},{"damage":23.0,"enemies":"Nemesis","floor":41.0,"turns":7.0},{"damage":3.0,"enemies":"Mind Bloom Boss Battle","floor":42.0,"turns":6.0},{"damage":26.0,"enemies":"Reptomancer","floor":44.0,"turns":7.0},{"damage":0.0,"enemies":"Spire Growth","floor":46.0,"turns":3.0},{"damage":0.0,"enemies":"Giant Head","floor":47.0,"turns":7.0},{"damage":36.0,"enemies":"Awakened One","floor":50.0,"turns":8.0},{"damage":21.0,"enemies":"Shield and Spear","floor":54.0,"turns":4.0},{"damage":89,"enemies":"The Heart","floor":55,"turns":9}],"seed_played":"2819198009064344216","potions_obtained":[{"floor":3.0,"key":"Block Potion"},{"floor":6.0,"key":"Strength Potion"},{"floor":10.0,"key":"SkillPotion"},{"floor":12.0,"key":"Fire Potion"},{"floor":23.0,"key":"Fire Potion"},{"floor":25.0,"key":"AttackPotion"},{"floor":27.0,"key":"SpeedPotion"},{"floor":31.0,"key":"Dexterity Potion"},{"floor":33.0,"key":"SteroidPotion"},{"floor":35.0,"key":"FairyPotion"},{"floor":38.0,"key":"BloodPotion"},{"floor":44.0,"key":"FearPotion"}],"is_trial":false,"path_per_floor":["M","M","M","?","T","E","R","E","T","M","R","M","E","M","R","B",null,"M","M","?","?","$","E","R","E","T","M","R","M","E","?","R","B",null,"M","?","$","M","M","M","E","?","T","E","$","M","E","?","R","B",null,"R","$","E","B",null],"character_chosen":"IRONCLAD","items_purchased":["Barricade","War Paint","Bottled Lightning","Bag of Preparation","Sling","Orichalcum","Pantograph"],"campfire_rested":0,"item_purchase_floors":[22,22,37,37,37,45,53],"current_hp_per_floor":[88,81,86,86,86,44,44,50,50,52,52,58,46,46,46,31,88,80,83,83,83,83,55,55,26,26,32,32,38,37,43,43,36,88,87,87,87,78,75,81,64,67,67,49,49,59,65,65,65,35,94,94,94,81,13],"gold":36,"neow_bonus":"TEN_PERCENT_HP_BONUS","is_prod":false,"is_daily":false,"chose_seed":false,"campfire_upgraded":7,"win_rate":0,"timestamp":1554983189,"path_taken":["M","M","M","?","?","E","R","E","T","M","R","M","E","M","R","BOSS","M","M","?","?","?","E","R","E","T","M","R","M","E","?","R","BOSS","M","?","$","M","?","M","E","?","T","E","?","M","E","?","R","BOSS","R","$","E","BOSS"],"build_version":"2019-01-23","purchased_purges":1,"victory":true,"max_hp_per_floor":[88,88,88,88,88,88,88,88,88,88,88,88,88,88,88,88,88,88,88,88,88,88,88,88,88,88,88,88,88,88,88,88,88,88,88,88,88,88,88,88,88,88,88,90,90,94,94,94,94,94,94,94,94,96,96],"card_choices":[{"not_picked":["Clothesline","Shrug It Off"],"picked":"Entrench","floor":1.0},{"not_picked":["Flex","Sever Soul"],"picked":"Battle Trance","floor":2.0},{"not_picked":["Sword Boomerang","Wild Strike"],"picked":"Anger","floor":3.0},{"not_picked":["Rampage","Hemokinesis"],"picked":"Shrug It Off","floor":6.0},{"not_picked":["Power Through","Fiend Fire"],"picked":"Body Slam","floor":8.0},{"not_picked":["Sentinel","Anger"],"picked":"Metallicize","floor":10.0},{"not_picked":["Clash","Shockwave"],"picked":"Whirlwind","floor":12.0},{"not_picked":["Pommel Strike","Havoc"],"picked":"Power Through","floor":13.0},{"not_picked":["Twin Strike","Seeing Red"],"picked":"Rage","floor":14.0},{"not_picked":["Fiend Fire","Exhume"],"picked":"Double Tap","floor":16.0},{"not_picked":["Heavy Blade","Thunderclap"],"picked":"Warcry+1","floor":18.0},{"not_picked":["Whirlwind+1","Seeing Red"],"picked":"Pommel Strike","floor":19.0},{"not_picked":["True Grit","Clothesline"],"picked":"Body Slam+1","floor":23.0},{"not_picked":["Carnage","Hemokinesis"],"picked":"Shockwave","floor":25.0},{"not_picked":["Feel No Pain","Reckless Charge","Disarm"],"picked":"SKIP","floor":27.0},{"not_picked":["Reaper","Headbutt"],"picked":"Body Slam","floor":29.0},{"not_picked":["Metallicize+1","Cleave"],"picked":"Battle Trance","floor":30.0},{"not_picked":["Clash","Havoc"],"picked":"Bloodletting","floor":31.0},{"not_picked":["Impervious","Berserk"],"picked":"Demon Form","floor":33.0},{"not_picked":["Feel No Pain+1","Clash+1"],"picked":"Pommel Strike+1","floor":35.0},{"not_picked":["Perfected Strike+1","Rage+1"],"picked":"Body Slam+1","floor":38.0},{"not_picked":["Whirlwind+1","Disarm"],"picked":"True Grit+1","floor":38.0},{"not_picked":["Pummel","Metallicize+1"],"picked":"True Grit+1","floor":39.0},{"not_picked":["Disarm+1","Warcry","Exhume"],"picked":"SKIP","floor":39.0},{"not_picked":["Infernal Blade","Dual Wield","Combust"],"picked":"SKIP","floor":40.0},{"not_picked":["Rage","Cleave","Disarm"],"picked":"SKIP","floor":40.0},{"not_picked":["True Grit","Corruption+1","Shrug It Off+1"],"picked":"SKIP","floor":41.0},{"not_picked":["Wild Strike","Rage"],"picked":"Havoc+1","floor":42.0},{"not_picked":["Shrug It Off","Metallicize+1","Clash"],"picked":"Singing Bowl","floor":44.0},{"not_picked":["Hemokinesis","Infernal Blade+1","Iron Wave"],"picked":"Singing Bowl","floor":46.0},{"not_picked":["Rampage+1","Dropkick","Reckless Charge+1"],"picked":"Singing Bowl","floor":46.0},{"not_picked":["Inflame","Warcry+1"],"picked":"Offering","floor":47.0},{"not_picked":["Sever Soul+1","Twin Strike","Body Slam+1"],"picked":"Singing Bowl","floor":54}],"player_experience":89153,"relics_obtained":[{"floor":6.0,"key":"Red Skull"},{"floor":8.0,"key":"Whetstone"},{"floor":9.0,"key":"Mercury Hourglass"},{"floor":13.0,"key":"MawBank"},{"floor":23.0,"key":"Du-Vu Doll"},{"floor":25.0,"key":"Potion Belt"},{"floor":26.0,"key":"Mummified Hand"},{"floor":30.0,"key":"Gremlin Horn"},{"floor":31.0,"key":"Red Mask"},{"floor":41.0,"key":"Lantern"},{"floor":42.0,"key":"Calipers"},{"floor":43.0,"key":"Singing Bowl"},{"floor":44.0,"key":"Oddly Smooth Stone"},{"floor":47.0,"key":"Pen Nib"},{"floor":54,"key":"Incense Burner"}],"event_choices":[{"damage_healed":0.0,"max_hp_gain":0.0,"max_hp_loss":0.0,"gold_gain":0.0,"event_name":"Living Wall","player_choice":"Grow","floor":4.0,"gold_loss":0.0,"damage_taken":0.0,"cards_upgraded":["Entrench"]},{"damage_healed":0.0,"max_hp_gain":0.0,"max_hp_loss":0.0,"gold_gain":0.0,"event_name":"Back to Basics","player_choice":"Simplicity","floor":20.0,"gold_loss":0.0,"damage_taken":0.0,"cards_upgraded":["Strike_R","Strike_R","Strike_R","Defend_R","Defend_R"]},{"damage_healed":0.0,"max_hp_gain":0.0,"max_hp_loss":0.0,"gold_gain":0.0,"event_name":"Vampires","player_choice":"Ignored","floor":21.0,"gold_loss":0.0,"damage_taken":0.0},{"damage_healed":0.0,"max_hp_gain":0.0,"max_hp_loss":0.0,"gold_gain":0.0,"event_name":"Masked Bandits","player_choice":"Fought Bandits","floor":31.0,"gold_loss":0.0,"damage_taken":0.0},{"damage_healed":0.0,"max_hp_gain":0.0,"max_hp_loss":0.0,"gold_gain":0.0,"event_name":"WeMeetAgain","player_choice":"Gave Potion","floor":36.0,"gold_loss":0.0,"damage_taken":0.0,"relics_obtained":["Prayer Wheel"]},{"damage_healed":0.0,"max_hp_gain":0.0,"max_hp_loss":0.0,"gold_gain":0.0,"event_name":"MindBloom","player_choice":"Fight","floor":42.0,"gold_loss":0.0,"damage_taken":0.0},{"damage_healed":0.0,"max_hp_gain":0.0,"max_hp_loss":0.0,"gold_gain":222.0,"event_name":"Tomb of Lord Red Mask","player_choice":"Wore Mask","floor":48.0,"gold_loss":0.0,"damage_taken":0.0}],"is_beta":false,"boss_relics":[{"not_picked":["Runic Dome","Fusion Hammer"],"picked":"Astrolabe"},{"not_picked":["Lizard Tail","Eternal Feather"],"picked":"Velvet Choker"}],"items_purged_floors":[53],"is_endless":false,"potions_floor_spawned":[3,6,10,12,14,23,25,27,31,33,35,38,44],"ascension_level":1}