{"gold_per_floor":[110,35,55,55,66,66,91,91,91,91,101,51,51,65,65,166,166,181,47,62,36,55,55,55],"floor_reached":24,"playtime":1168,"items_purged":["Strike_G","Strike_G"],"score":225,"play_id":"30c2a90b-1074-4d51-b4d9-0c10a3c6f9b8","local_time":"20190111162024","is_ascension_mode":true,"campfire_choices":[{"data":"Deadly Poison","floor":6.0,"key":"SMITH"},{"floor":8.0,"key":"REST"},{"floor":10.0,"key":"REST"},{"data":"Defend_G","floor":13.0,"key":"SMITH"},{"data":"Dagger Throw","floor":15.0,"key":"SMITH"},{"floor":23.0,"key":"REST"}],"neow_cost":"TEN_PERCENT_HP_LOSS","seed_source_timestamp":863056673000197,"circlet_count":0,"master_deck":["Defend_G+1","Defend_G+1","Defend_G","Defend_G","Strike_G","Strike_G","Strike_G","Survivor+1","Neutralize+1","Deadly Poison+1","Predator+1","Dagger Throw+1","Envenom","Blur","Caltrops","Storm of Steel","Deadly Poison"],"special_seed":0,"relics":["Ring of the Snake","Ginger","Darkstone Periapt","War Paint","Lizard Tail"],"potions_floor_usage":[],"damage_taken":[{"damage":0.0,"enemies":"2 Louse","floor":1.0,"turns":4.0},{"damage":2.0,"enemies":"Small Slimes","floor":3.0,"turns":7.0},{"damage":0.0,"enemies":"Cultist","floor":5.0,"turns":2.0},{"damage":26.0,"enemies":"Gremlin Nob","floor":7.0,"turns":5.0},{"damage":7.0,"enemies":"3 Louse","floor":11.0,"turns":3.0},{"damage":2.0,"enemies":"Large Slime","floor":14.0,"turns":5.0},{"damage":6.0,"enemies":"The Guardian","floor":16.0,"turns":12.0},{"damage":15.0,"enemies":"Chosen","floor":18.0,"turns":5.0},{"damage":10.0,"enemies":"3 Byrds","floor":20.0,"turns":5.0},{"damage":30.0,"enemies":"Centurion and Healer","floor":22.0,"turns":9.0},{"damage":38,"enemies":"Book of Stabbing","floor":24,"turns":6}],"seed_played":"4609353412481872890","potions_obtained":[{"floor":5.0,"key":"LiquidBronze"},{"floor":11.0,"key":"Regen Potion"},{"floor":14.0,"key":"Fire Potion"}],"is_trial":false,"path_per_floor":["M","$","M","?","M","R","E","R","T","R","M","?","R","M","R","B",null,"M","$","M","$","M","R","E"],"character_chosen":"THE_SILENT","items_purchased":["Caltrops","Deadly Poison"],"campfire_rested":3,"item_purchase_floors":[19,21],"current_hp_per_floor":[63,63,61,48,48,48,22,40,40,58,51,51,51,49,49,43,63,48,48,38,38,23,41,3],"gold":55,"neow_bonus":"ONE_RARE_RELIC","is_prod":false,"is_daily":false,"chose_seed":false,"campfire_upgraded":3,"win_rate":0,"timestamp":1547252424,"path_taken":["M","$","M","?","M","R","E","R","T","R","M","?","R","M","R","BOSS","M","$","M","$","M","R","E"],"build_version":"2019-01-10","purchased_purges":2,"victory":false,"max_hp_per_floor":[63,63,63,63,63,63,63,63,63,63,63,63,63,63,63,63,63,63,63,63,63,63,63,63],"card_choices":[{"not_picked":["Blade Dance","Riddle With Holes"],"picked":"Deadly Poison","floor":1.0},{"not_picked":["Dagger Spray","Escape Plan"],"picked":"Predator","floor":3.0},{"not_picked":["Flying Knee","Eviscerate","Bane"],"picked":"SKIP","floor":5.0},{"not_picked":["Night Terror","Flying Knee","All Out Attack"],"picked":"SKIP","floor":7.0},{"not_picked":["Terror","Infinite Blades","Underhanded Strike"],"picked":"SKIP","floor":11.0},{"not_picked":["Poisoned Stab","Expertise"],"picked":"Dagger Throw","floor":14.0},{"not_picked":["Storm of Steel","Adrenaline"],"picked":"Envenom","floor":16.0},{"not_picked":["Backflip","Blade Dance"],"picked":"Blur","floor":18.0},{"not_picked":["Dagger Throw","Slice+1"],"picked":"Storm of Steel","floor":20.0},{"not_picked":["Eviscerate","Heel Hook","Underhanded Strike"],"picked":"SKIP","floor":22.0}],"player_experience":209802,"relics_obtained":[{"floor":7.0,"key":"Darkstone Periapt"},{"floor":9.0,"key":"War Paint"}],"event_choices":[{"damage_healed":0.0,"max_hp_gain":0.0,"max_hp_loss":0.0,"gold_gain":0.0,"event_name":"Shining Light","player_choice":"Entered Light","floor":4.0,"gold_loss":0.0,"damage_taken":13.0,"cards_upgraded":["Neutralize","Predator"]},{"cards_removed":["Defend_G"],"damage_healed":0.0,"max_hp_gain":0.0,"max_hp_loss":0.0,"gold_gain":0.0,"event_name":"The Cleric","player_choice":"Card Removal","floor":12.0,"gold_loss":50.0,"damage_taken":0.0}],"is_beta":false,"boss_relics":[{"not_picked":["Velvet Choker","Eternal Feather"],"picked":"Lizard Tail"}],"items_purged_floors":[2,19],"is_endless":false,"potions_floor_spawned":[5,11,14,16,18],"killed_by":"Book of Stabbing","ascension_level":3}