{"gold_per_floor":[112,129,129,148,223,223,12,12,35,54,54,54,86,102,102,201,201,214,234,248,173,184,184,184,204,204,216,216,228,228,228,228,228],"floor_reached":33,"playtime":3595,"items_purged":[],"score":249,"play_id":"cdca81a1-3a2c-410b-b4bc-69b1e2974a15","local_time":"20180727162234","is_ascension_mode":false,"campfire_choices":[{"data":"Crippling Poison","floor":6,"key":"SMITH"},{"data":"Dodge and Roll","floor":8,"key":"SMITH"},{"floor":15,"key":"REST"},{"floor":23,"key":"REST"},{"floor":28,"key":"REST"},{"floor":30,"key":"REST"},{"floor":32,"key":"REST"}],"neow_cost":"","seed_source_timestamp":77988681263282,"circlet_count":0,"master_deck":["Defend_G","Defend_G","Defend_G","Defend_G","Defend_G","Strike_G","Strike_G+1","Strike_G+1","Survivor","Neutralize","Crippling Poison+1","Poisoned Stab","Dash","Dodge and Roll+1","Die Die Die","PiercingWail","Dodge and Roll","Bouncing Flask","Envenom","Infinite Blades","Infinite Blades+1","Flying Knee","Choke+1","Deadly Poison","Slice","Slice"],"relics":["Ring of the Serpent","Whetstone","Happy Flower","Blood Vial","Strawberry","Meat on the Bone"],"potions_floor_usage":[],"damage_taken":[{"damage":0,"enemies":"Cultist","floor":1,"turns":4},{"damage":0,"enemies":"Small Slimes","floor":2,"turns":3},{"damage":1,"enemies":"2 Louse","floor":4,"turns":2},{"damage":0,"enemies":"Gremlin Gang","floor":10,"turns":3},{"damage":17,"enemies":"Lagavulin","floor":13,"turns":7},{"damage":1,"enemies":"Red Slaver","floor":14,"turns":3},{"damage":66,"enemies":"Slime Boss","floor":16,"turns":17},{"damage":14,"enemies":"Spheric Guardian","floor":18,"turns":5},{"damage":4,"enemies":"Shell Parasite","floor":19,"turns":8},{"damage":20,"enemies":"Centurion and Healer","floor":20,"turns":7},{"damage":11,"enemies":"Snake Plant","floor":22,"turns":5},{"damage":28,"enemies":"Slaver and Parasite","floor":25,"turns":6},{"damage":23,"enemies":"Chosen and Byrds","floor":27,"turns":5},{"damage":27,"enemies":"Sentry and Sphere","floor":29,"turns":6},{"damage":70,"enemies":"Automaton","floor":33,"turns":8}],"seed_played":"-2338438080071370873","potions_obtained":[{"floor":1,"key":"Explosive Potion"},{"floor":2,"key":"Strength Potion"},{"floor":14,"key":"GamblersBrew"},{"floor":18,"key":"Fire Potion"},{"floor":20,"key":"GhostInAJar"}],"is_trial":false,"path_per_floor":["M","M","T","M","?","R","$","R","T","M","?","$","E","M","R","B",null,"M","M","M","?","M","R","?","M","T","M","R","M","R","?","R"],"character_chosen":"THE_SILENT","items_purchased":["Dodge and Roll","Die Die Die"],"campfire_rested":5,"item_purchase_floors":[7,7],"current_hp_per_floor":[70,70,70,69,58,58,58,58,58,58,58,58,50,51,74,10,77,63,61,43,43,34,57,57,31,31,22,45,32,55,39,62,0],"gold":228,"neow_bonus":"","is_prod":false,"is_daily":false,"chose_seed":false,"campfire_upgraded":2,"win_rate":0.0,"timestamp":1532730154,"path_taken":["M","M","?","M","?","R","$","R","T","M","?","$","E","M","R","BOSS","M","M","?","?","?","R","?","?","T","M","R","M","R","?","R","BOSS"],"build_version":"2018-07-26","purchased_purges":0,"victory":false,"max_hp_per_floor":[70,70,70,70,70,70,70,70,70,70,70,70,77,77,77,77,77,77,77,77,77,77,77,77,77,77,77,77,77,77,77,77,77],"card_choices":[{"not_picked":["Skewer","Escape Plan"],"picked":"Crippling Poison","floor":1},{"not_picked":["Footwork","Expertise"],"picked":"Poisoned Stab","floor":2},{"not_picked":["Dagger Spray","Dodge and Roll"],"picked":"Dash","floor":4},{"not_picked":["Skewer","Outmaneuver"],"picked":"PiercingWail","floor":10},{"not_picked":["Acrobatics","Finisher"],"picked":"Dodge and Roll","floor":13},{"not_picked":["Dodge and Roll","Distraction"],"picked":"Bouncing Flask","floor":14},{"not_picked":["A Thousand Cuts","Burst"],"picked":"Envenom","floor":16},{"not_picked":["Dagger Throw","Calculated Gamble"],"picked":"Infinite Blades","floor":18},{"not_picked":["Quick Slash+1","Dagger Spray"],"picked":"Infinite Blades+1","floor":19},{"not_picked":["Quick Slash","Eviscerate+1"],"picked":"Flying Knee","floor":20},{"not_picked":["Poisoned Stab+1","Dagger Throw+1"],"picked":"Choke+1","floor":22},{"not_picked":["Dodge and Roll","Dagger Spray"],"picked":"Deadly Poison","floor":25},{"not_picked":["Distraction","Dodge and Roll"],"picked":"Slice","floor":27},{"not_picked":["PiercingWail","Riddle With Holes"],"picked":"Slice","floor":29}],"player_experience":7196,"relics_obtained":[{"floor":3,"key":"Whetstone"},{"floor":9,"key":"Happy Flower"},{"floor":13,"key":"Strawberry"},{"floor":26,"key":"Meat on the Bone"}],"event_choices":[{"event_name":"World of Goop","player_choice":"Gather Gold","floor":5,"damage_taken":0},{"event_name":"WeMeetAgain","player_choice":"Potion","floor":11,"damage_taken":0},{"event_name":"Beggar","player_choice":"Gave Gold","floor":21,"damage_taken":0},{"event_name":"Purifier","player_choice":"One Purge","floor":24,"damage_taken":0},{"event_name":"Cursed Tome","player_choice":"Obtained Book","floor":31,"damage_taken":0}],"is_beta":false,"boss_relics":[{"not_picked":["Ectoplasm","White Beast Statue"],"picked":"Ring of the Serpent"}],"items_purged_floors":[],"is_endless":false,"potions_floor_spawned":[1,2,14,18,20,27],"killed_by":"Automaton","ascension_level":0}