{"gold_per_floor":[110,125,135,155,174,174,201,201,201,221,96,114,144,164,164,263,263,283,27,27,27,27,27,60,60,60,70,85,97,107,126,126,229,229,241,241,256,268,70,70,70],"floor_reached":41,"playtime":2813,"items_purged":["Strike_R","Defend_R"],"score":558,"play_id":"94a74114-b54a-4df8-ae6a-ed93383d1dad","local_time":"20190320154000","is_ascension_mode":true,"campfire_choices":[{"data":"Battle Trance","floor":6,"key":"SMITH"},{"floor":8,"key":"REST"},{"data":"Rampage","floor":15,"key":"SMITH"},{"floor":23,"key":"REST"},{"data":"RitualDagger","floor":25,"key":"SMITH"},{"floor":32,"key":"REST"},{"floor":40,"key":"REST"}],"neow_cost":"NONE","seed_source_timestamp":401900233981502,"circlet_count":0,"master_deck":["Strike_R","Strike_R","Strike_R","Strike_R","Defend_R","Defend_R","Defend_R","Bash","Iron Wave","Armaments","Battle Trance","Battle Trance+1","Battle Trance","Rampage+1","Shrug It Off","Seeing Red","Anger","Demon Form","RitualDagger+1","Fire Breathing+1","Headbutt","Spot Weakness+1"],"relics":["Black Blood","Bag of Preparation","Oddly Smooth Stone","Art of War","Vajra","The Courier","Question Card","Lantern","Fusion Hammer","Paper Frog"],"potions_floor_usage":[10,24,24,30,35,38,41,41,41],"damage_taken":[{"damage":9,"enemies":"Jaw Worm","floor":1,"turns":4},{"damage":0,"enemies":"Small Slimes","floor":2,"turns":3},{"damage":0,"enemies":"2 Louse","floor":3,"turns":3},{"damage":7,"enemies":"Looter","floor":4,"turns":4},{"damage":23,"enemies":"Lots of Slimes","floor":5,"turns":8},{"damage":28,"enemies":"3 Sentries","floor":7,"turns":12},{"damage":4,"enemies":"Exordium Thugs","floor":10,"turns":5},{"damage":0,"enemies":"Looter","floor":12,"turns":4},{"damage":34,"enemies":"Lagavulin","floor":13,"turns":5},{"damage":0,"enemies":"2 Fungi Beasts","floor":14,"turns":4},{"damage":1,"enemies":"The Guardian","floor":16,"turns":12},{"damage":21,"enemies":"Chosen","floor":18,"turns":7},{"damage":32,"enemies":"Book of Stabbing","floor":24,"turns":4},{"damage":32,"enemies":"Shell Parasite","floor":27,"turns":9},{"damage":10,"enemies":"Snecko","floor":28,"turns":3},{"damage":25,"enemies":"Snake Plant","floor":29,"turns":6},{"damage":0,"enemies":"Centurion and Healer","floor":30,"turns":7},{"damage":0,"enemies":"Cultist and Chosen","floor":31,"turns":5},{"damage":54,"enemies":"Champ","floor":33,"turns":9},{"damage":3,"enemies":"Orb Walker","floor":35,"turns":3},{"damage":0,"enemies":"3 Shapes","floor":37,"turns":2},{"damage":51,"enemies":"Maw","floor":38,"turns":7},{"damage":100,"enemies":"Giant Head","floor":41,"turns":7}],"seed_played":"1243334209076135996","potions_obtained":[{"floor":4,"key":"Energy Potion"},{"floor":5,"key":"EssenceOfSteel"},{"floor":7,"key":"Block Potion"},{"floor":10,"key":"Explosive Potion"},{"floor":13,"key":"Regen Potion"},{"floor":27,"key":"SkillPotion"},{"floor":28,"key":"Regen Potion"},{"floor":30,"key":"EssenceOfSteel"},{"floor":31,"key":"Block Potion"},{"floor":35,"key":"EssenceOfSteel"},{"floor":38,"key":"BloodPotion"}],"is_trial":false,"path_per_floor":["?","?","?","?","M"],"character_chosen":"IRONCLAD","items_purchased":["Shrug It Off","Vajra","Paper Frog"],"campfire_rested":4,"item_purchase_floors":[11,19,39],"current_hp_per_floor":[77,83,88,87,70,70,48,74,74,76,76,82,54,60,60,65,82,71,71,54,48,48,75,65,65,65,43,43,28,38,48,75,31,78,85,85,93,52,52,79,0],"gold":70,"neow_bonus":"TEN_PERCENT_HP_BONUS","is_prod":false,"is_daily":false,"chose_seed":false,"campfire_upgraded":3,"win_rate":0,"timestamp":1553110800,"path_taken":["M","M","M","M","M","R","E","R","T","M","$","M","E","M","R","BOSS","M","$","?","?","?","R","E","R","T","M","M","M","M","M","R","BOSS","M","?","M","?","$","R","E"],"build_version":"2019-01-23","purchased_purges":2,"victory":false,"max_hp_per_floor":[88,88,88,88,88,88,88,88,88,88,88,88,88,88,88,88,88,88,88,93,93,93,93,93,93,93,93,93,93,93,93,93,93,93,93,93,93,93,93,93,93],"card_choices":[{"not_picked":["Wild Strike","Combust"],"picked":"Iron Wave","floor":1},{"not_picked":["Infernal Blade","Reckless Charge"],"picked":"Armaments","floor":2},{"not_picked":["Sever Soul","Blood for Blood","Havoc"],"picked":"SKIP","floor":3},{"not_picked":["Headbutt","Perfected Strike"],"picked":"Battle Trance","floor":4},{"not_picked":["Searing Blow","Combust"],"picked":"Battle Trance","floor":5},{"not_picked":["Thunderclap","Searing Blow"],"picked":"Battle Trance","floor":7},{"not_picked":["Feel No Pain","Reckless Charge"],"picked":"Rampage","floor":10},{"not_picked":["Sentinel","Armaments","Perfected Strike"],"picked":"SKIP","floor":12},{"not_picked":["Sword Boomerang","Thunderclap"],"picked":"Seeing Red","floor":13},{"not_picked":["Sentinel","Clash"],"picked":"Anger","floor":14},{"not_picked":["Limit Break","Immolate"],"picked":"Demon Form","floor":16},{"not_picked":["Twin Strike","True Grit","Flex"],"picked":"SKIP","floor":18},{"not_picked":["Clash","Body Slam+1","Iron Wave"],"picked":"SKIP","floor":24},{"not_picked":["Feel No Pain+1","Rupture","Pummel","Iron Wave"],"picked":"SKIP","floor":27},{"not_picked":["Armaments","Rampage","Thunderclap","Cleave"],"picked":"SKIP","floor":28},{"not_picked":["Sword Boomerang+1","Bloodletting","Brutality","Armaments"],"picked":"SKIP","floor":29},{"not_picked":["Anger","Heavy Blade","Sword Boomerang"],"picked":"Fire Breathing+1","floor":30},{"not_picked":["Iron Wave","Pommel Strike","Warcry","Intimidate"],"picked":"SKIP","floor":31},{"not_picked":["Cleave+1","Disarm","Combust+1"],"picked":"Headbutt","floor":35},{"not_picked":["Disarm","Thunderclap+1","Searing Blow+1","Shrug It Off"],"picked":"SKIP","floor":37},{"not_picked":["Clothesline+1","Heavy Blade","Entrench+1"],"picked":"Spot Weakness+1","floor":38}],"player_experience":836781,"relics_obtained":[{"floor":7,"key":"Bag of Preparation"},{"floor":9,"key":"Oddly Smooth Stone"},{"floor":13,"key":"Art of War"},{"floor":24,"key":"Question Card"},{"floor":26,"key":"Lantern"}],"event_choices":[{"damage_healed":0,"gold_gain":0,"player_choice":"Shed Blood","damage_taken":22,"max_hp_gain":5,"max_hp_loss":0,"event_name":"Forgotten Altar","floor":20,"gold_loss":0},{"damage_healed":0,"gold_gain":0,"player_choice":"Joined the Cult","damage_taken":6,"max_hp_gain":0,"max_hp_loss":0,"event_name":"Nest","floor":21,"gold_loss":0,"cards_obtained":["RitualDagger"]},{"damage_healed":0,"gold_gain":0,"player_choice":"Opened","damage_taken":0,"relics_obtained":["The Courier"],"max_hp_gain":0,"max_hp_loss":0,"event_name":"The Mausoleum","floor":22,"gold_loss":0,"cards_obtained":["Writhe"]},{"cards_removed":["Writhe"],"damage_healed":0,"gold_gain":0,"player_choice":"Card Removal","damage_taken":0,"max_hp_gain":0,"max_hp_loss":0,"event_name":"Wheel of Change","floor":36,"gold_loss":0}],"is_beta":false,"boss_relics":[{"not_picked":["Pandora\u0027s Box","Runic Pyramid"],"picked":"Black Blood"},{"not_picked":["Sozu","White Beast Statue"],"picked":"Fusion Hammer"}],"items_purged_floors":[11,19],"is_endless":false,"potions_floor_spawned":[4,5,7,10,13,14,18,27,28,30,31,33,35,38],"killed_by":"Giant Head","ascension_level":6}