{"gold_per_floor":[19,32,32,32,52,52,52,52,52,64,80,94,94,94,94,94],"floor_reached":16,"playtime":581,"items_purged":[],"score":92,"play_id":"8d8e6107-9623-4c81-ab8b-2de0667a9bdf","local_time":"20190402211157","is_ascension_mode":false,"campfire_choices":[{"data":"Seeing Red","floor":6.0,"key":"SMITH"},{"data":"Limit Break","floor":8.0,"key":"SMITH"},{"floor":15.0,"key":"REST"}],"neow_cost":"NO_GOLD","seed_source_timestamp":1170283788824338,"circlet_count":0,"master_deck":["Strike_R","Strike_R","Strike_R","Strike_R+1","Strike_R","Defend_R","Defend_R","Defend_R","Defend_R","Bash","Limit Break+1","True Grit+1","Anger","Seeing Red+1","Armaments","Double Tap+1","True Grit"],"special_seed":0,"relics":["Burning Blood"],"potions_floor_usage":[16,16],"damage_taken":[{"damage":5.0,"enemies":"Small Slimes","floor":1.0,"turns":4.0},{"damage":1.0,"enemies":"Jaw Worm","floor":2.0,"turns":3.0},{"damage":3.0,"enemies":"2 Louse","floor":5.0,"turns":2.0},{"damage":7.0,"enemies":"2 Fungi Beasts","floor":10.0,"turns":4.0},{"damage":0.0,"enemies":"Gremlin Gang","floor":11.0,"turns":4.0},{"damage":26.0,"enemies":"Large Slime","floor":12.0,"turns":7.0},{"damage":82,"enemies":"The Guardian","floor":16,"turns":19}],"seed_played":"2942984855513953056","potions_obtained":[{"floor":5.0,"key":"AttackPotion"},{"floor":11.0,"key":"Weak Potion"},{"floor":12.0,"key":"PowerPotion"}],"is_trial":false,"path_per_floor":["M","M","?","$","M","R","?","R","T","M","M","M","?","?","R","B"],"character_chosen":"IRONCLAD","items_purchased":[],"campfire_rested":1,"item_purchase_floors":[],"current_hp_per_floor":[80,80,80,80,80,80,80,80,80,79,80,60,44,44,68,0],"gold":94,"neow_bonus":"THREE_RARE_CARDS","is_prod":false,"is_daily":false,"chose_seed":false,"campfire_upgraded":2,"win_rate":0,"timestamp":1554261117,"path_taken":["M","M","?","$","M","R","?","R","T","M","M","M","?","?","R","BOSS"],"build_version":"2019-01-23","purchased_purges":0,"victory":false,"max_hp_per_floor":[80,80,80,80,80,80,80,80,80,80,80,80,80,80,80,80],"card_choices":[{"not_picked":["Impervious","Feed"],"picked":"Limit Break","floor":0.0},{"not_picked":["Armaments","Body Slam"],"picked":"True Grit","floor":1.0},{"not_picked":["Rage","Flex"],"picked":"Anger","floor":2.0},{"not_picked":["Havoc","Clash"],"picked":"Seeing Red","floor":5.0},{"not_picked":["Rampage","Combust"],"picked":"Armaments","floor":10.0},{"not_picked":["Armaments","Sword Boomerang"],"picked":"Double Tap","floor":11.0},{"not_picked":["Perfected Strike","Burning Pact"],"picked":"True Grit","floor":12.0}],"player_experience":1743060,"relics_obtained":[],"event_choices":[{"damage_healed":0.0,"max_hp_gain":0.0,"max_hp_loss":0.0,"gold_gain":0.0,"event_name":"Golden Idol","player_choice":"Ignored","floor":3.0,"gold_loss":0.0,"damage_taken":0.0},{"damage_healed":0.0,"max_hp_gain":0.0,"max_hp_loss":0.0,"gold_gain":0.0,"event_name":"Living Wall","player_choice":"Grow","floor":7.0,"gold_loss":0.0,"damage_taken":0.0,"cards_upgraded":["True Grit"]},{"damage_healed":0.0,"max_hp_gain":0.0,"max_hp_loss":0.0,"gold_gain":0.0,"event_name":"Shining Light","player_choice":"Entered Light","floor":13.0,"gold_loss":0.0,"damage_taken":16.0,"cards_upgraded":["Double Tap","Strike_R"]},{"damage_healed":0.0,"max_hp_gain":0.0,"max_hp_loss":0.0,"gold_gain":0.0,"event_name":"Liars Game","player_choice":"Ignored","floor":14.0,"gold_loss":0.0,"damage_taken":0.0}],"is_beta":false,"boss_relics":[],"items_purged_floors":[],"is_endless":false,"potions_floor_spawned":[5,11,12],"killed_by":"The Guardian","ascension_level":0}