{"gold_per_floor":[113,12,12,29,48,6,20,20,95,109,36,54,54,65,65,167,217,227,237,56,73,91,91,121,121,151,163,180,33,33],"floor_reached":30,"playtime":1823,"items_purged":[],"score":271,"play_id":"6b34efda-7d34-4e46-a539-1d212a1a8cac","local_time":"20180730141413","is_ascension_mode":false,"campfire_choices":[{"data":"Redo","floor":8,"key":"SMITH"},{"floor":13,"key":"REST"},{"data":"Capacitor","floor":15,"key":"SMITH"},{"floor":23,"key":"REST"}],"neow_cost":"NONE","seed_source_timestamp":331266197537185,"circlet_count":0,"master_deck":["Strike_B","Strike_B","Defend_B","Defend_B","Defend_B","Defend_B+1","Zap","Dualcast","Skim","Capacitor+1","Cold Snap","Coolheaded","Fission","Ball Lightning","Redo+1","Go for the Eyes","Cold Snap","Turbo","Conserve Battery","Chill","Beam Cell","Reboot","White Noise","Cold Snap+1","Beam Cell+1","Defragment","Sweeping Beam","Blizzard","FTL+1","Turbo+1","Reprogram","Mind Blast","Dramatic Entrance","Coolheaded","Conserve Battery+1","Doom and Gloom"],"relics":["Cracked Core","Meat on the Bone","Tiny House","Pen Nib","Tiny Chest"],"potions_floor_usage":[12,16,21,24,24,27,27,30],"damage_taken":[{"damage":6,"enemies":"Jaw Worm","floor":1,"turns":3},{"damage":4,"enemies":"2 Louse","floor":4,"turns":3},{"damage":5,"enemies":"Cultist","floor":5,"turns":4},{"damage":1,"enemies":"Looter","floor":7,"turns":4},{"damage":1,"enemies":"Exordium Wildlife","floor":10,"turns":4},{"damage":11,"enemies":"Gremlin Gang","floor":12,"turns":4},{"damage":0,"enemies":"Exordium Thugs","floor":14,"turns":6},{"damage":27,"enemies":"Slime Boss","floor":16,"turns":10},{"damage":11,"enemies":"Spheric Guardian","floor":18,"turns":5},{"damage":28,"enemies":"3 Byrds","floor":19,"turns":3},{"damage":3,"enemies":"Sentry and Sphere","floor":21,"turns":8},{"damage":20,"enemies":"Snecko","floor":22,"turns":6},{"damage":24,"enemies":"Gremlin Leader","floor":24,"turns":7},{"damage":10,"enemies":"Centurion and Healer","floor":27,"turns":5},{"damage":16,"enemies":"Cultist and Chosen","floor":28,"turns":6},{"damage":17,"enemies":"Snake Plant","floor":30,"turns":1}],"seed_played":"6015424893855486974","potions_obtained":[{"floor":1,"key":"FocusPotion"},{"floor":7,"key":"EssenceOfSteel"},{"floor":10,"key":"Poison Potion"},{"floor":16,"key":"Explosive Potion"},{"floor":17,"key":"Ancient Potion"},{"floor":19,"key":"Dexterity Potion"},{"floor":22,"key":"FocusPotion"},{"floor":24,"key":"FocusPotion"}],"is_trial":false,"path_per_floor":["M","$","?","M","M","?","M","R","T","M","$","M","R","M","R","B",null,"M","M","$","M","M","R","E","?","T","M","M","$"],"character_chosen":"DEFECT","items_purchased":["Cold Snap","Coolheaded","Turbo","Conserve Battery","Defragment","Sweeping Beam","Blizzard","FocusPotion","Doom and Gloom"],"campfire_rested":2,"item_purchase_floors":[2,2,11,11,20,20,20,29,29],"current_hp_per_floor":[69,69,69,65,60,60,59,59,59,58,58,47,69,69,69,42,80,69,41,41,50,42,66,42,18,18,20,16,16,0],"gold":33,"neow_bonus":"TRANSFORM_CARD","is_prod":false,"is_daily":false,"chose_seed":false,"campfire_upgraded":2,"win_rate":0,"timestamp":1532981653,"path_taken":["M","$","?","?","M","?","M","R","T","M","?","M","R","M","R","BOSS","M","?","$","M","M","R","E","?","T","M","M","$","M"],"build_version":"2018-07-26","purchased_purges":0,"victory":false,"max_hp_per_floor":[75,75,75,75,75,75,75,75,75,75,75,75,75,75,75,75,80,80,80,80,80,80,80,80,80,80,80,80,80,80],"card_choices":[{"not_picked":["Leap","Go for the Eyes"],"picked":"Capacitor","floor":1},{"not_picked":["Leap","Streamline"],"picked":"Ball Lightning","floor":4},{"not_picked":["Barrage","Fusion"],"picked":"Redo","floor":5},{"not_picked":["Rebound","Recycle"],"picked":"Go for the Eyes","floor":7},{"not_picked":["Rebound","Recycle"],"picked":"Cold Snap","floor":10},{"not_picked":["Steam","Hello World"],"picked":"Chill","floor":12},{"not_picked":["Steam","Compile Driver"],"picked":"Beam Cell","floor":14},{"not_picked":["Biased Cognition","Amplify"],"picked":"Reboot","floor":16},{"not_picked":["Streamline","Redo"],"picked":"White Noise","floor":17},{"not_picked":["Leap","Skim+1"],"picked":"Cold Snap+1","floor":18},{"not_picked":["Reinforced Body","Leap"],"picked":"Beam Cell+1","floor":19},{"not_picked":["Steam Power","Streamline"],"picked":"FTL+1","floor":21},{"not_picked":["Steam+1","Barrage"],"picked":"Turbo+1","floor":22},{"not_picked":["Machine Learning","Compile Driver"],"picked":"Reprogram","floor":24},{"not_picked":["Double Energy","Rebound"],"picked":"Coolheaded","floor":27},{"not_picked":["Blizzard","Ball Lightning"],"picked":"Conserve Battery+1","floor":28}],"player_experience":99846,"relics_obtained":[{"floor":9,"key":"Meat on the Bone"},{"floor":24,"key":"Pen Nib"},{"floor":26,"key":"Tiny Chest"}],"event_choices":[{"event_name":"Living Wall","player_choice":"Change","floor":3,"damage_taken":0},{"event_name":"World of Goop","player_choice":"Left","floor":6,"damage_taken":0},{"event_name":"Knowing Skull","player_choice":"CARD CARD ","floor":25,"damage_taken":0}],"is_beta":false,"boss_relics":[{"not_picked":["Velvet Choker","Philosopher\u0027s Stone"],"picked":"Tiny House"}],"items_purged_floors":[],"is_endless":false,"potions_floor_spawned":[1,7,10,16,19,22,24],"killed_by":"Snake Plant","ascension_level":0}