{"gold_per_floor":[213,34,34,45,45,45,80,80,155,155,170,26,59,59,59,155,155,165,165,87,12,28,57,57,57,103,136,136,150,167,167,167,266,266,280,280,161,161,177,177,177,190,213,163,163,113,127,140,140,140],"floor_reached":50,"playtime":2377,"items_purged":["Strike_R","Strike_R","Strike_R","Strike_R"],"score":642,"play_id":"4e9f4dab-047e-4a1c-92d4-c0f383eada61","local_time":"20190114225747","is_ascension_mode":true,"campfire_choices":[{"data":"Apotheosis","floor":6.0,"key":"SMITH"},{"floor":8.0,"key":"REST"},{"data":"Evolve","floor":10.0,"key":"SMITH"},{"data":"Uppercut","floor":15.0,"key":"SMITH"},{"floor":24.0,"key":"REST"},{"floor":28.0,"key":"REST"},{"floor":32.0,"key":"REST"},{"floor":41.0,"key":"REST"},{"floor":49.0,"key":"REST"}],"neow_cost":"NONE","seed_source_timestamp":0,"circlet_count":0,"master_deck":["Defend_R+1","Defend_R+1","Defend_R+1","Defend_R+1","Bash","Apotheosis+1","Evolve+1","Uppercut+1","Exhume+1","Shockwave+1","Feed","Shrug It Off","Thunderclap+1","Sword Boomerang","Whirlwind","Spot Weakness","Cleave+1","Battle Trance","Shrug It Off","True Grit+1","Metallicize","Iron Wave"],"special_seed":0,"relics":["Black Blood","War Paint","Blue Candle","PreservedInsect","Pen Nib","Mark of Pain","Du-Vu Doll","Nilry\u0027s Codex","Smiling Mask","Bag of Preparation","MutagenicStrength","Happy Flower"],"potions_floor_usage":[50],"damage_taken":[{"damage":4.0,"enemies":"Jaw Worm","floor":1.0,"turns":4.0},{"damage":9.0,"enemies":"2 Louse","floor":4.0,"turns":3.0},{"damage":32.0,"enemies":"Lagavulin","floor":7.0,"turns":7.0},{"damage":0.0,"enemies":"Cultist","floor":11.0,"turns":3.0},{"damage":24.0,"enemies":"3 Sentries","floor":13.0,"turns":6.0},{"damage":60.0,"enemies":"Hexaghost","floor":16.0,"turns":12.0},{"damage":13.0,"enemies":"Spheric Guardian","floor":18.0,"turns":5.0},{"damage":14.0,"enemies":"2 Thieves","floor":22.0,"turns":5.0},{"damage":27.0,"enemies":"Book of Stabbing","floor":23.0,"turns":5.0},{"damage":44.0,"enemies":"Gremlin Leader","floor":27.0,"turns":7.0},{"damage":14.0,"enemies":"Cultist and Chosen","floor":29.0,"turns":6.0},{"damage":37.0,"enemies":"Shelled Parasite and Fungi","floor":30.0,"turns":5.0},{"damage":50.0,"enemies":"Collector","floor":33.0,"turns":9.0},{"damage":52.0,"enemies":"3 Darklings","floor":35.0,"turns":4.0},{"damage":6.0,"enemies":"Orb Walker","floor":39.0,"turns":3.0},{"damage":13.0,"enemies":"Giant Head","floor":40.0,"turns":5.0},{"damage":21.0,"enemies":"3 Darklings","floor":42.0,"turns":4.0},{"damage":29.0,"enemies":"Maw","floor":47.0,"turns":8.0},{"damage":16.0,"enemies":"4 Shapes","floor":48.0,"turns":5.0},{"damage":77,"enemies":"Donu and Deca","floor":50,"turns":5}],"seed_played":"7014744656962165205","potions_obtained":[{"floor":11.0,"key":"Regen Potion"},{"floor":13.0,"key":"Regen Potion"},{"floor":27.0,"key":"Strength Potion"},{"floor":30.0,"key":"Energy Potion"},{"floor":39.0,"key":"SmokeBomb"},{"floor":47.0,"key":"FearPotion"}],"is_trial":false,"path_per_floor":["M","$","?","M","?","R","E","R","T","R","M","$","E","$","R","B",null,"M","?","$","$","M","E","R","?","T","E","R","M","M","?","R","B",null,"M","?","$","?","M","E","R","M","T","$","?","$","M","M","R","B"],"character_chosen":"IRONCLAD","items_purchased":["Apotheosis","PreservedInsect","Feed","Battle Trance"],"campfire_rested":6,"item_purchase_floors":[2,12,20,37],"current_hp_per_floor":[80,80,80,77,61,61,35,59,59,59,65,65,47,47,47,8,80,73,73,73,73,69,52,78,62,62,28,55,63,32,32,60,16,96,54,54,54,54,58,55,83,72,72,72,72,72,53,51,81,4],"gold":140,"neow_bonus":"HUNDRED_GOLD","is_prod":false,"is_daily":false,"chose_seed":false,"campfire_upgraded":3,"win_rate":0,"timestamp":1547535467,"path_taken":["M","$","?","M","?","R","E","R","T","R","M","$","E","$","R","BOSS","M","?","?","$","?","E","R","?","T","E","R","M","M","?","R","BOSS","M","?","?","?","?","E","R","?","T","$","?","$","?","M","R","BOSS"],"build_version":"2019-01-10","purchased_purges":4,"victory":false,"max_hp_per_floor":[80,80,80,80,80,80,80,80,80,80,80,80,80,80,80,80,80,80,80,80,80,84,88,88,88,88,92,92,96,96,96,96,96,96,96,96,96,96,96,96,96,96,96,96,96,96,96,100,100,100],"card_choices":[{"not_picked":["Havoc","Second Wind","Hemokinesis"],"picked":"SKIP","floor":1.0},{"not_picked":["Clash","Pommel Strike","Dual Wield"],"picked":"SKIP","floor":4.0},{"not_picked":["Spot Weakness","Havoc"],"picked":"Evolve","floor":7.0},{"not_picked":["Sword Boomerang","Twin Strike"],"picked":"Uppercut","floor":11.0},{"not_picked":["Rage","Body Slam","Pummel"],"picked":"SKIP","floor":13.0},{"not_picked":["Dark Embrace","Double Tap"],"picked":"Exhume","floor":16.0},{"not_picked":["Hemokinesis+1","Warcry"],"picked":"Shockwave+1","floor":18.0},{"not_picked":["Pommel Strike","Rampage"],"picked":"Shrug It Off","floor":22.0},{"not_picked":["Seeing Red","Wild Strike"],"picked":"Thunderclap","floor":23.0},{"not_picked":["Clothesline","Thunderclap"],"picked":"Sword Boomerang","floor":27.0},{"not_picked":["Sever Soul","Evolve+1"],"picked":"Whirlwind","floor":29.0},{"not_picked":["Clash+1","Sever Soul"],"picked":"Spot Weakness","floor":30.0},{"not_picked":["True Grit+1","Body Slam+1"],"picked":"Cleave+1","floor":35.0},{"not_picked":["Fire Breathing+1","Uppercut+1","Feel No Pain"],"picked":"SKIP","floor":39.0},{"not_picked":["Burning Pact+1","Havoc"],"picked":"True Grit+1","floor":42.0},{"not_picked":["Warcry","Perfected Strike"],"picked":"Metallicize","floor":47.0},{"not_picked":["Twin Strike+1","Wild Strike"],"picked":"Iron Wave","floor":48.0}],"player_experience":229906,"relics_obtained":[{"floor":7.0,"key":"War Paint"},{"floor":9.0,"key":"Blue Candle"},{"floor":13.0,"key":"Pen Nib"},{"floor":23.0,"key":"Du-Vu Doll"},{"floor":25.0,"key":"Nilry\u0027s Codex"},{"floor":26.0,"key":"Smiling Mask"},{"floor":27.0,"key":"Bag of Preparation"},{"floor":43.0,"key":"Happy Flower"}],"event_choices":[{"damage_healed":0.0,"max_hp_gain":0.0,"max_hp_loss":0.0,"gold_gain":0.0,"event_name":"Liars Game","player_choice":"Ignored","floor":3.0,"gold_loss":0.0,"damage_taken":0.0},{"damage_healed":0.0,"max_hp_gain":0.0,"max_hp_loss":0.0,"gold_gain":0.0,"event_name":"Shining Light","player_choice":"Entered Light","floor":5.0,"gold_loss":0.0,"damage_taken":16.0,"cards_upgraded":["Defend_R","Defend_R"]},{"damage_healed":0.0,"max_hp_gain":0.0,"max_hp_loss":0.0,"gold_gain":0.0,"event_name":"Upgrade Shrine","player_choice":"Upgraded","floor":19.0,"gold_loss":0.0,"damage_taken":0.0,"cards_upgraded":["Exhume"]},{"damage_healed":0.0,"max_hp_gain":0.0,"max_hp_loss":0.0,"gold_gain":0.0,"event_name":"Cursed Tome","player_choice":"Obtained Book","floor":25.0,"gold_loss":0.0,"damage_taken":16.0},{"damage_healed":0.0,"max_hp_gain":0.0,"max_hp_loss":0.0,"gold_gain":0.0,"event_name":"Drug Dealer","player_choice":"Inject Mutagens","floor":31.0,"gold_loss":0.0,"damage_taken":0.0,"relics_obtained":["MutagenicStrength"]},{"damage_healed":0.0,"max_hp_gain":0.0,"max_hp_loss":0.0,"gold_gain":0.0,"event_name":"Accursed Blacksmith","player_choice":"Forge","floor":36.0,"gold_loss":0.0,"damage_taken":0.0,"cards_upgraded":["Thunderclap"]},{"damage_healed":0.0,"max_hp_gain":0.0,"max_hp_loss":0.0,"gold_gain":0.0,"event_name":"Duplicator","player_choice":"Copied","floor":38.0,"gold_loss":0.0,"damage_taken":0.0,"cards_obtained":["Shrug It Off"]},{"cards_removed":["Strike_R"],"damage_healed":0.0,"max_hp_gain":0.0,"max_hp_loss":0.0,"gold_gain":0.0,"event_name":"Purifier","player_choice":"Purged","floor":45.0,"gold_loss":0.0,"damage_taken":0.0}],"is_beta":false,"boss_relics":[{"not_picked":["Snecko Eye","Tiny House"],"picked":"Mark of Pain"},{"not_picked":["Runic Pyramid","Lizard Tail"],"picked":"Black Blood"}],"items_purged_floors":[21,37,44,46],"is_endless":false,"potions_floor_spawned":[11,13,27,30,39,47],"killed_by":"Donu and Deca","ascension_level":4}