{"gold_per_floor":[119,119,119,49,67,111,129,129,129,164,182,202,277,302,302,428,428,368,368,19,44,62,95,95,95,95,108,108],"floor_reached":28,"playtime":1171,"items_purged":[],"score":322,"play_id":"db847212-1845-4759-a41f-72b26f73cc33","local_time":"20181026220608","is_ascension_mode":true,"campfire_choices":[{"data":"Demon Form","floor":8,"key":"SMITH"},{"floor":15,"key":"REST"},{"data":"Pummel","floor":24,"key":"SMITH"}],"neow_cost":"NONE","seed_source_timestamp":1397689921801834,"circlet_count":0,"master_deck":["Strike_R","Strike_R","Strike_R","Strike_R","Strike_R","Defend_R","Defend_R","Defend_R","Defend_R","Bash","Twin Strike","Perfected Strike","Injury","Inflame","Demon Form+1","Pommel Strike","Cleave","Body Slam","Twin Strike","Wild Strike","Iron Wave","Reaper","Iron Wave","Iron Wave","Power Through","Ghostly Armor+1","Pummel+1","Twin Strike","Evolve+1"],"relics":["Burning Blood","Golden Idol","Centennial Puzzle","Question Card","Self Forming Clay","Black Star","Shuriken","Blood Vial","Oddly Smooth Stone","Letter Opener","Kunai","Prayer Wheel","Blue Candle"],"potions_floor_usage":[16,16,22,23,23,23,28],"damage_taken":[{"damage":7,"enemies":"Jaw Worm","floor":1,"turns":3},{"damage":14,"enemies":"Small Slimes","floor":5,"turns":3},{"damage":10,"enemies":"Lagavulin","floor":6,"turns":5},{"damage":1,"enemies":"Cultist","floor":7,"turns":3},{"damage":25,"enemies":"3 Sentries","floor":10,"turns":5},{"damage":12,"enemies":"Large Slime","floor":11,"turns":4},{"damage":12,"enemies":"Gremlin Gang","floor":12,"turns":2},{"damage":10,"enemies":"2 Fungi Beasts","floor":14,"turns":3},{"damage":38,"enemies":"Hexaghost","floor":16,"turns":8},{"damage":18,"enemies":"2 Thieves","floor":18,"turns":4},{"damage":6,"enemies":"Chosen","floor":21,"turns":4},{"damage":19,"enemies":"Snecko","floor":22,"turns":5},{"damage":23,"enemies":"Slavers","floor":23,"turns":6},{"damage":24,"enemies":"Cultist and Chosen","floor":27,"turns":5},{"damage":59,"enemies":"Centurion and Healer","floor":28,"turns":8}],"seed_played":"-607129692578399652","potions_obtained":[{"floor":6,"key":"GamblersBrew"},{"floor":10,"key":"LiquidBronze"},{"floor":12,"key":"SteroidPotion"},{"floor":14,"key":"EssenceOfSteel"},{"floor":16,"key":"AttackPotion"},{"floor":21,"key":"BloodPotion"},{"floor":22,"key":"Block Potion"},{"floor":27,"key":"Energy Potion"}],"is_trial":false,"path_per_floor":["M","?","?","$","M","E","M","R","T","E","M","M","?","M","R","B",null,"M","?","$","M","M","E","R","T","T","M"],"character_chosen":"IRONCLAD","items_purchased":["Inflame","Blood Vial","Oddly Smooth Stone","Iron Wave"],"campfire_rested":1,"item_purchase_floors":[4,20,20,20],"current_hp_per_floor":[71,71,80,80,72,68,73,73,73,54,48,42,31,27,51,19,65,61,61,61,63,67,52,52,52,52,49,0],"gold":108,"neow_bonus":"THREE_CARDS","is_prod":false,"is_daily":false,"chose_seed":false,"campfire_upgraded":2,"win_rate":0,"timestamp":1540613168,"path_taken":["M","?","?","$","M","E","?","R","T","E","M","M","?","M","R","BOSS","M","?","$","M","?","E","R","?","T","?","M"],"build_version":"2018-10-25v2","purchased_purges":0,"victory":false,"max_hp_per_floor":[80,80,80,80,80,80,80,80,80,80,80,80,80,80,80,80,80,80,80,80,80,80,80,80,80,80,80,80],"card_choices":[{"not_picked":["Anger","Cleave"],"picked":"Twin Strike","floor":0},{"not_picked":["Clothesline","Cleave"],"picked":"Perfected Strike","floor":1},{"not_picked":["Clothesline","Bloodletting"],"picked":"Demon Form","floor":5},{"not_picked":["Ghostly Armor","Brutality"],"picked":"Pommel Strike","floor":6},{"not_picked":["Warcry","Reckless Charge"],"picked":"Cleave","floor":7},{"not_picked":["Whirlwind","Warcry","True Grit"],"picked":"Body Slam","floor":10},{"not_picked":["Flex","Entrench","Searing Blow"],"picked":"Twin Strike","floor":11},{"not_picked":["Sword Boomerang","Second Wind","Cleave"],"picked":"Wild Strike","floor":12},{"not_picked":["Infernal Blade","Battle Trance","Thunderclap"],"picked":"Iron Wave","floor":14},{"not_picked":["Bludgeon","Berserk","Juggernaut"],"picked":"Reaper","floor":16},{"not_picked":["Cleave+1","Warcry","Flex"],"picked":"Iron Wave","floor":18},{"not_picked":["True Grit+1","Anger+1","Evolve+1"],"picked":"Power Through","floor":21},{"not_picked":["Armaments","Feel No Pain","Clash"],"picked":"Ghostly Armor+1","floor":22},{"not_picked":["Rampage","Disarm","Flex"],"picked":"Pummel","floor":23},{"not_picked":["Evolve","Iron Wave","Perfected Strike+1"],"picked":"Twin Strike","floor":27},{"not_picked":["Headbutt","Clash","Battle Trance+1"],"picked":"Evolve+1","floor":27}],"player_experience":885720,"relics_obtained":[{"floor":6,"key":"Centennial Puzzle"},{"floor":9,"key":"Question Card"},{"floor":10,"key":"Self Forming Clay"},{"floor":23,"key":"Letter Opener"},{"floor":23,"key":"Kunai"},{"floor":25,"key":"Prayer Wheel"},{"floor":26,"key":"Blue Candle"}],"event_choices":[{"damage_healed":0,"gold_gain":0,"player_choice":"Take Wound","damage_taken":0,"relics_obtained":["Golden Idol"],"max_hp_gain":0,"max_hp_loss":0,"event_name":"Golden Idol","floor":2,"gold_loss":0,"cards_obtained":["Injury"]},{"damage_healed":9,"gold_gain":0,"player_choice":"Full Heal","damage_taken":0,"max_hp_gain":0,"max_hp_loss":0,"event_name":"Wheel of Change","floor":3,"gold_loss":0},{"damage_healed":0,"gold_gain":75,"player_choice":"Gather Gold","damage_taken":11,"max_hp_gain":0,"max_hp_loss":0,"event_name":"World of Goop","floor":13,"gold_loss":0},{"damage_healed":0,"gold_gain":0,"player_choice":"Opened","damage_taken":0,"relics_obtained":["Shuriken"],"max_hp_gain":0,"max_hp_loss":0,"event_name":"The Mausoleum","floor":19,"gold_loss":0}],"is_beta":false,"boss_relics":[{"not_picked":["Runic Dome","Pandora\u0027s Box"],"picked":"Black Star"}],"items_purged_floors":[],"is_endless":false,"potions_floor_spawned":[6,10,12,14,16,21,22,27],"killed_by":"Centurion and Healer","ascension_level":6}