{"gold_per_floor":[110,126,126,301,71,71,71,71,97,97,114,125,143,157,157,256,256,274,68,68,68,79,79,98,98,124,140,140],"floor_reached":28,"playtime":1887,"items_purged":["Regret"],"score":210,"play_id":"8d8e3e4b-9aa4-4856-ba8c-f89071b029db","local_time":"20181024195723","is_ascension_mode":false,"campfire_choices":[{"data":"Static Discharge","floor":6,"key":"SMITH"},{"data":"Stack","floor":8,"key":"SMITH"},{"data":"Loop","floor":10,"key":"SMITH"},{"floor":15,"key":"REST"},{"data":"Amplify","floor":23,"key":"SMITH"}],"neow_cost":"NONE","seed_source_timestamp":1216444125711027,"circlet_count":0,"master_deck":["Strike_B","Strike_B","Defend_B","Defend_B","Defend_B","Zap","Dualcast","Static Discharge+1","Stack+1","Doom and Gloom","Loop+1","Conserve Battery","Lockon","Genetic Algorithm","Compile Driver","Creative AI","Creative AI+1","Buffer+1","Creative AI+1","Stack","Amplify+1","Static Discharge","Force Field+1","Beam Cell","Storm"],"relics":["Cracked Core","Lantern","Meat on the Bone","Regal Pillow","Astrolabe","MutagenicStrength","Art of War"],"potions_floor_usage":[],"damage_taken":[{"damage":0,"enemies":"2 Louse","floor":1,"turns":2},{"damage":6,"enemies":"Jaw Worm","floor":2,"turns":2},{"damage":4,"enemies":"Small Slimes","floor":11,"turns":3},{"damage":4,"enemies":"3 Louse","floor":12,"turns":3},{"damage":17,"enemies":"Large Slime","floor":13,"turns":5},{"damage":15,"enemies":"Exordium Thugs","floor":14,"turns":4},{"damage":47,"enemies":"The Guardian","floor":16,"turns":8},{"damage":9,"enemies":"Shell Parasite","floor":18,"turns":4},{"damage":25,"enemies":"Spheric Guardian","floor":22,"turns":5},{"damage":19,"enemies":"Centurion and Healer","floor":24,"turns":9},{"damage":16,"enemies":"Snecko","floor":27,"turns":5},{"damage":52,"enemies":"Cultist and Chosen","floor":28,"turns":4}],"seed_played":"5997344486716280483","potions_obtained":[{"floor":1,"key":"Fire Potion"},{"floor":2,"key":"Fire Potion"},{"floor":11,"key":"EssenceOfSteel"},{"floor":22,"key":"Energy Potion"}],"is_trial":false,"path_per_floor":["M","M","?","?","$","R","?","R","T","R","M","M","M","M","R","B",null,"M","$","?","$","M","R","M","?","T","M"],"character_chosen":"DEFECT","items_purchased":["Doom and Gloom","Loop","Amplify","Static Discharge"],"campfire_rested":1,"item_purchase_floors":[5,5,19,19],"current_hp_per_floor":[75,69,69,69,69,69,62,62,62,62,58,54,49,46,75,40,75,66,66,66,66,41,41,34,59,59,43,0],"gold":140,"neow_bonus":"RANDOM_COMMON_RELIC","is_prod":false,"is_daily":false,"chose_seed":false,"campfire_upgraded":4,"win_rate":0,"timestamp":1540432643,"path_taken":["M","M","?","?","$","R","?","R","T","R","M","M","M","M","R","BOSS","M","$","?","$","?","R","M","?","T","M","M"],"build_version":"2018-10-18","purchased_purges":1,"victory":false,"max_hp_per_floor":[75,75,75,75,75,75,75,75,75,75,75,75,75,75,75,75,75,75,75,75,75,75,75,75,75,75,75,75],"card_choices":[{"not_picked":["FTL","Conserve Battery"],"picked":"Static Discharge","floor":1},{"not_picked":["Hologram","Leap"],"picked":"Stack","floor":2},{"not_picked":["Rebound","Recycle"],"picked":"Conserve Battery","floor":11},{"not_picked":["Genetic Algorithm","All For One"],"picked":"Lockon","floor":12},{"not_picked":["Stack","Blizzard"],"picked":"Genetic Algorithm","floor":13},{"not_picked":["Sweeping Beam","Streamline"],"picked":"Compile Driver","floor":14},{"not_picked":["Biased Cognition","Fission"],"picked":"Creative AI","floor":16},{"not_picked":["Undo","Barrage"],"picked":"Stack","floor":18},{"not_picked":["Conserve Battery","FTL"],"picked":"Force Field+1","floor":22},{"not_picked":["Conserve Battery+1","Static Discharge"],"picked":"Beam Cell","floor":24},{"not_picked":["Hello World+1","Barrage"],"picked":"Storm","floor":27}],"player_experience":806506,"relics_obtained":[{"floor":9,"key":"Regal Pillow"},{"floor":26,"key":"Art of War"}],"event_choices":[{"damage_healed":0,"gold_gain":0,"player_choice":"Box","damage_taken":0,"relics_obtained":["Meat on the Bone"],"max_hp_gain":0,"max_hp_loss":0,"event_name":"Big Fish","floor":3,"gold_loss":0,"cards_obtained":["Regret"]},{"damage_healed":0,"gold_gain":175,"player_choice":"AGREE","damage_taken":0,"max_hp_gain":0,"max_hp_loss":0,"event_name":"Liars Game","floor":4,"gold_loss":0,"cards_obtained":["Doubt"]},{"cards_removed":["Doubt"],"damage_healed":0,"gold_gain":0,"player_choice":"Card Removal","damage_taken":7,"max_hp_gain":0,"max_hp_loss":0,"event_name":"Golden Wing","floor":7,"gold_loss":0},{"damage_healed":0,"gold_gain":0,"player_choice":"Inject Mutagens","damage_taken":0,"relics_obtained":["MutagenicStrength"],"max_hp_gain":0,"max_hp_loss":0,"event_name":"Drug Dealer","floor":20,"gold_loss":0},{"damage_healed":25,"gold_gain":0,"player_choice":"Heal","damage_taken":0,"max_hp_gain":0,"max_hp_loss":0,"event_name":"The Library","floor":25,"gold_loss":0}],"is_beta":false,"boss_relics":[{"not_picked":["Calling Bell","Pandora\u0027s Box"],"picked":"Astrolabe"}],"items_purged_floors":[5],"is_endless":false,"potions_floor_spawned":[1,2,11,16,22,27],"killed_by":"Cultist and Chosen","ascension_level":0}