{"gold_per_floor":[111,111,111,111,111,146,157,157,182,198,198,32,32,48,48,148,148,132,132,132,60,60,60,60,73,73,106,116,116,116,148,148,248,248,263,6,6,26,44,69,69],"floor_reached":41,"playtime":6743,"items_purged":["Defend_R","Defend_R"],"score":482,"play_id":"47e4bf8f-43aa-43b5-9621-1e7969a1a1b8","local_time":"20190104064621","is_ascension_mode":false,"campfire_choices":[{"floor":8.0,"key":"REST"},{"floor":11.0,"key":"REST"},{"data":"Enlightenment","floor":13.0,"key":"SMITH"},{"data":"Reaper","floor":15.0,"key":"SMITH"},{"floor":23.0,"key":"REST"},{"data":"Seeing Red","floor":29.0,"key":"SMITH"},{"floor":32.0,"key":"REST"}],"neow_cost":"NONE","seed_source_timestamp":580436492704055,"circlet_count":0,"master_deck":["Strike_R","Strike_R+1","Strike_R+1","Defend_R+1","Bash","Anger","Ghostly Armor+1","Iron Wave","Reaper+1","Enlightenment+1","Shockwave","Reaper","Flex","Seeing Red+1","Iron Wave","Fiend Fire","Flex+1","Dual Wield","Dual Wield","Clothesline+1","Clothesline+1","Iron Wave","Cleave+1","Anger","Anger+1","Clash+1","Dark Embrace"],"special_seed":0,"relics":["Burning Blood","Omamori","Centennial Puzzle","Sundial","Regal Pillow","Lizard Tail","Oddly Smooth Stone","Strawberry","Blood Vial","Black Star","War Paint","Prayer Wheel","Ancient Tea Set"],"potions_floor_usage":[41],"damage_taken":[{"damage":1.0,"enemies":"Jaw Worm","floor":1.0,"turns":3.0},{"damage":25.0,"enemies":"Lagavulin","floor":6.0,"turns":6.0},{"damage":7.0,"enemies":"Small Slimes","floor":7.0,"turns":2.0},{"damage":5.0,"enemies":"2 Louse","floor":10.0,"turns":3.0},{"damage":5.0,"enemies":"Looter","floor":14.0,"turns":3.0},{"damage":44.0,"enemies":"Slime Boss","floor":16.0,"turns":11.0},{"damage":32.0,"enemies":"2 Thieves","floor":18.0,"turns":4.0},{"damage":46.0,"enemies":"Colosseum Slavers","floor":19.0,"turns":10.0},{"damage":23.0,"enemies":"3 Byrds","floor":22.0,"turns":7.0},{"damage":23.0,"enemies":"Snake Plant","floor":25.0,"turns":6.0},{"damage":12.0,"enemies":"Gremlin Leader","floor":27.0,"turns":3.0},{"damage":26.0,"enemies":"3 Cultists","floor":28.0,"turns":7.0},{"damage":59.0,"enemies":"Slavers","floor":31.0,"turns":8.0},{"damage":146.0,"enemies":"Champ","floor":33.0,"turns":13.0},{"damage":30.0,"enemies":"3 Shapes","floor":35.0,"turns":6.0},{"damage":20.0,"enemies":"3 Darklings","floor":38.0,"turns":5.0},{"damage":22.0,"enemies":"Jaw Worm Horde","floor":39.0,"turns":4.0},{"damage":75.0,"enemies":"Nemesis","floor":40.0,"turns":11.0},{"damage":51,"enemies":"Transient","floor":41,"turns":5}],"seed_played":"-6464859965578408717","potions_obtained":[{"floor":1.0,"key":"Energy Potion"},{"floor":6.0,"key":"AttackPotion"},{"floor":7.0,"key":"Fire Potion"},{"floor":20.0,"key":"BloodPotion"},{"floor":20.0,"key":"SteroidPotion"},{"floor":20.0,"key":"AttackPotion"},{"floor":28.0,"key":"GamblersBrew"},{"floor":31.0,"key":"SkillPotion"},{"floor":33.0,"key":"SpeedPotion"},{"floor":35.0,"key":"Block Potion"},{"floor":40.0,"key":"AttackPotion"}],"is_trial":false,"path_per_floor":["M","?","?","?","?","E","M","R","T","M","R","$","R","M","R","B",null,"M","?","?","$","M","R","?","M","T","E","M","R","?","E","R","B",null,"M","$","?","M","M","E","M"],"character_chosen":"IRONCLAD","items_purchased":["Enlightenment","Seeing Red","War Paint"],"campfire_rested":4,"item_purchase_floors":[12,21,36],"current_hp_per_floor":[80,64,64,64,57,38,37,61,61,62,80,80,80,80,80,56,80,77,44,44,44,56,80,80,69,69,81,75,75,75,55,87,7,87,80,80,80,78,71,15,0],"gold":69,"neow_bonus":"RANDOM_COMMON_RELIC","is_prod":false,"is_daily":false,"chose_seed":false,"campfire_upgraded":3,"win_rate":0.0,"timestamp":1546605981,"path_taken":["M","?","?","?","?","E","M","R","T","M","R","?","R","?","R","BOSS","M","?","?","$","?","R","?","M","T","E","?","R","?","E","R","BOSS","M","?","?","M","M","E","?"],"build_version":"2019-01-03v3","purchased_purges":2,"victory":false,"max_hp_per_floor":[80,80,80,80,80,80,80,80,80,80,80,80,80,80,80,80,80,80,80,80,80,80,80,80,80,80,87,87,87,87,87,87,87,87,87,87,87,87,87,87,87],"card_choices":[{"not_picked":["Inflame","Warcry"],"picked":"Anger","floor":1.0},{"not_picked":["Shrug It Off","Carnage"],"picked":"Ghostly Armor","floor":6.0},{"not_picked":["Pommel Strike","Inflame"],"picked":"Iron Wave","floor":7.0},{"not_picked":["Wild Strike","Perfected Strike"],"picked":"Reaper","floor":10.0},{"not_picked":["Cleave","Wild Strike"],"picked":"Shockwave","floor":14.0},{"not_picked":["Juggernaut","Immolate"],"picked":"Reaper","floor":16.0},{"not_picked":["Ghostly Armor","Entrench"],"picked":"Flex","floor":18.0},{"not_picked":["Battle Trance","Warcry"],"picked":"Iron Wave","floor":22.0},{"not_picked":["Heavy Blade","Corruption"],"picked":"Flex+1","floor":25.0},{"not_picked":["Iron Wave","Corruption+1"],"picked":"Dual Wield","floor":27.0},{"not_picked":["Iron Wave","Corruption+1"],"picked":"Dual Wield","floor":27.0},{"not_picked":["True Grit+1","Sword Boomerang"],"picked":"Clothesline+1","floor":28.0},{"not_picked":["True Grit+1","Sword Boomerang"],"picked":"Clothesline+1","floor":28.0},{"not_picked":["Whirlwind+1","Shrug It Off"],"picked":"Iron Wave","floor":31.0},{"not_picked":["Wild Strike","Second Wind+1"],"picked":"Cleave+1","floor":35.0},{"not_picked":["Iron Wave","Bloodletting"],"picked":"Anger+1","floor":38.0},{"not_picked":["Armaments+1","Perfected Strike"],"picked":"Clash+1","floor":39.0},{"not_picked":["Berserk","Corruption+1"],"picked":"Dark Embrace","floor":40.0}],"player_experience":39001,"relics_obtained":[{"floor":6.0,"key":"Sundial"},{"floor":9.0,"key":"Regal Pillow"},{"floor":26.0,"key":"Oddly Smooth Stone"},{"floor":27.0,"key":"Strawberry"},{"floor":31.0,"key":"Blood Vial"},{"floor":40.0,"key":"Prayer Wheel"},{"floor":40.0,"key":"Ancient Tea Set"}],"event_choices":[{"damage_healed":0.0,"max_hp_gain":0.0,"max_hp_loss":0.0,"gold_gain":0.0,"event_name":"Shining Light","player_choice":"Entered Light","floor":2.0,"gold_loss":0.0,"damage_taken":16.0,"cards_upgraded":["Strike_R","Strike_R"]},{"cards_removed":["Strike_R"],"damage_healed":0.0,"max_hp_gain":0.0,"max_hp_loss":0.0,"gold_gain":0.0,"event_name":"Living Wall","player_choice":"Forget","floor":3.0,"gold_loss":0.0,"damage_taken":0.0},{"damage_healed":0.0,"max_hp_gain":0.0,"max_hp_loss":0.0,"gold_gain":0.0,"event_name":"Big Fish","player_choice":"Box","floor":4.0,"gold_loss":0.0,"damage_taken":0.0,"relics_obtained":["Centennial Puzzle"],"cards_obtained":["Regret"]},{"cards_removed":["Strike_R"],"damage_healed":0.0,"max_hp_gain":0.0,"max_hp_loss":0.0,"gold_gain":0.0,"event_name":"Golden Wing","player_choice":"Card Removal","floor":5.0,"gold_loss":0.0,"damage_taken":7.0},{"damage_healed":0.0,"max_hp_gain":0.0,"max_hp_loss":0.0,"gold_gain":0.0,"event_name":"Colosseum","player_choice":"Fight","floor":19.0,"gold_loss":0.0,"damage_taken":0.0},{"damage_healed":0.0,"max_hp_gain":0.0,"max_hp_loss":0.0,"gold_gain":0.0,"event_name":"Colosseum","player_choice":"Fled From Nobs","floor":19.0,"gold_loss":0.0,"damage_taken":0.0},{"damage_healed":0.0,"max_hp_gain":0.0,"max_hp_loss":0.0,"gold_gain":0.0,"event_name":"Lab","player_choice":"Got Potions","floor":20.0,"gold_loss":0.0,"damage_taken":0.0},{"damage_healed":0.0,"max_hp_gain":0.0,"max_hp_loss":0.0,"gold_gain":0.0,"cards_transformed":["Defend_R"],"event_name":"Transmorgrifier","player_choice":"Transformed","floor":24.0,"gold_loss":0.0,"damage_taken":0.0,"cards_obtained":["Fiend Fire"]},{"damage_healed":0.0,"max_hp_gain":0.0,"max_hp_loss":0.0,"gold_gain":0.0,"event_name":"Wheel of Change","player_choice":"Cursed","floor":30.0,"gold_loss":0.0,"damage_taken":0.0,"cards_obtained":["Decay"]},{"damage_healed":0.0,"max_hp_gain":0.0,"max_hp_loss":0.0,"gold_gain":0.0,"event_name":"Duplicator","player_choice":"Copied","floor":37.0,"gold_loss":0.0,"damage_taken":0.0,"cards_obtained":["Anger"]}],"is_beta":false,"boss_relics":[{"not_picked":["Sozu","Snecko Eye"],"picked":"Lizard Tail"},{"not_picked":["Astrolabe","Empty Cage"],"picked":"Black Star"}],"items_purged_floors":[12,36],"is_endless":false,"potions_floor_spawned":[1,6,7,28,31,33,35,40],"killed_by":"Transient","ascension_level":0}