{"gold_per_floor":[117,127,144,144,155,155,166,201,201,201,230,230,241,259,259,333,333,348,348,331,88,88,88,99,99,181,192,192],"floor_reached":28,"playtime":1022,"items_purged":[],"score":383,"play_id":"4a289073-d1ad-45be-a3d1-39b78d06ce5f","local_time":"20190323082245","is_ascension_mode":true,"campfire_choices":[{"data":"Rupture","floor":6.0,"key":"SMITH"},{"floor":12.0,"key":"REST"},{"floor":15.0,"key":"REST"},{"floor":23,"key":"REST"}],"neow_cost":"NONE","seed_source_timestamp":259812584900227,"circlet_count":0,"master_deck":["AscendersBane","Strike_R","Strike_R+1","Strike_R","Strike_R","Strike_R+1","Defend_R","Defend_R","Defend_R","Defend_R+1","Bash","Inflame","Shrug It Off+1","Flex","Rupture+1","True Grit","Perfected Strike+1","Flame Barrier","Bloodletting","Barricade","Limit Break","True Grit","Uppercut","Bloodletting","Sword Boomerang","RitualDagger","Perfected Strike","Twin Strike","Decay","Pommel Strike"],"special_seed":0,"relics":["Burning Blood","NeowsBlessing","Regal Pillow","Pear","Whetstone","Cursed Key","Boot","Toxic Egg 2"],"potions_floor_usage":[27,27],"damage_taken":[{"damage":0.0,"enemies":"2 Louse","floor":1.0,"turns":1.0},{"damage":0.0,"enemies":"Small Slimes","floor":2.0,"turns":1.0},{"damage":0.0,"enemies":"Cultist","floor":3.0,"turns":1.0},{"damage":15.0,"enemies":"Blue Slaver","floor":5.0,"turns":5.0},{"damage":6.0,"enemies":"3 Louse","floor":7.0,"turns":5.0},{"damage":22.0,"enemies":"3 Sentries","floor":8.0,"turns":11.0},{"damage":39.0,"enemies":"Lagavulin","floor":11.0,"turns":7.0},{"damage":6.0,"enemies":"Looter","floor":13.0,"turns":2.0},{"damage":12.0,"enemies":"Red Slaver","floor":14.0,"turns":3.0},{"damage":59.0,"enemies":"Slime Boss","floor":16.0,"turns":18.0},{"damage":27,"enemies":"Spheric Guardian","floor":18,"turns":6},{"damage":28,"enemies":"2 Thieves","floor":20,"turns":4},{"damage":27,"enemies":"Snecko","floor":24,"turns":6},{"damage":39,"enemies":"Cultist and Chosen","floor":27,"turns":6},{"damage":21,"enemies":"Snake Plant","floor":28,"turns":3}],"seed_played":"853076536481648798","potions_obtained":[{"floor":2.0,"key":"GamblersBrew"},{"floor":5.0,"key":"LiquidBronze"},{"floor":7.0,"key":"SteroidPotion"},{"floor":14.0,"key":"Weak Potion"},{"floor":20,"key":"Strength Potion"},{"floor":24,"key":"SteroidPotion"}],"is_trial":false,"path_per_floor":["M","M","M","?","M","R","M","E","T","?","E","R","M","M","R","B",null,"M","?","M","$","?","R","M","?","T","M","M"],"character_chosen":"IRONCLAD","items_purchased":["Bloodletting","Sword Boomerang","Boot"],"campfire_rested":3,"item_purchase_floors":[21,21,21],"current_hp_per_floor":[78,80,80,64,55,55,55,39,49,49,16,58,58,52,90,37,77,56,56,34,34,28,70,49,49,49,16,0],"gold":192,"neow_bonus":"THREE_ENEMY_KILL","is_prod":false,"is_daily":false,"chose_seed":false,"campfire_upgraded":1,"win_rate":0,"timestamp":1553350965,"path_taken":["M","M","M","?","M","R","M","E","T","?","E","R","M","?","R","BOSS","M","?","M","$","?","R","M","?","T","M","?"],"build_version":"2019-01-23","purchased_purges":0,"victory":false,"max_hp_per_floor":[80,80,80,80,80,80,80,80,90,90,90,90,90,90,90,90,90,90,90,90,90,90,90,90,90,90,90,90],"card_choices":[{"not_picked":["Armaments","Clash"],"picked":"Inflame","floor":1.0},{"not_picked":["Rupture","Clothesline"],"picked":"Shrug It Off","floor":2.0},{"not_picked":["Havoc","Battle Trance"],"picked":"Flex","floor":3.0},{"not_picked":["Carnage","Flex"],"picked":"Rupture","floor":5.0},{"not_picked":["Feel No Pain","Thunderclap"],"picked":"True Grit","floor":7.0},{"not_picked":["Dual Wield","Wild Strike"],"picked":"Perfected Strike","floor":8.0},{"not_picked":["Heavy Blade","Reckless Charge"],"picked":"Flame Barrier","floor":11.0},{"not_picked":["Dual Wield","Clash"],"picked":"Bloodletting","floor":13.0},{"not_picked":["Flex","Dual Wield"],"picked":"Barricade","floor":14.0},{"not_picked":["Impervious","Fiend Fire"],"picked":"Limit Break","floor":16.0},{"not_picked":["Cleave","Warcry"],"picked":"True Grit","floor":18},{"not_picked":["Battle Trance","Blood for Blood"],"picked":"Uppercut","floor":20},{"not_picked":["Wild Strike","Shrug It Off"],"picked":"Perfected Strike","floor":24},{"not_picked":["Battle Trance+1","Reckless Charge"],"picked":"Pommel Strike","floor":27}],"player_experience":1663114,"relics_obtained":[{"floor":8.0,"key":"Regal Pillow"},{"floor":9.0,"key":"Pear"},{"floor":11.0,"key":"Whetstone"},{"floor":26,"key":"Toxic Egg 2"}],"event_choices":[{"damage_healed":0.0,"max_hp_gain":0.0,"max_hp_loss":0.0,"gold_gain":0.0,"event_name":"Shining Light","player_choice":"Entered Light","floor":4.0,"gold_loss":0.0,"damage_taken":16.0,"cards_upgraded":["Shrug It Off","Defend_R"]},{"damage_healed":0.0,"max_hp_gain":0.0,"max_hp_loss":0.0,"gold_gain":0.0,"event_name":"Upgrade Shrine","player_choice":"Upgraded","floor":10.0,"gold_loss":0.0,"damage_taken":0.0,"cards_upgraded":["Perfected Strike"]},{"damage_healed":0,"gold_gain":0,"player_choice":"Ignored","damage_taken":0,"max_hp_gain":0,"max_hp_loss":0,"event_name":"Vampires","floor":19,"gold_loss":0},{"damage_healed":0,"gold_gain":0,"player_choice":"Joined the Cult","damage_taken":6,"max_hp_gain":0,"max_hp_loss":0,"event_name":"Nest","floor":22,"gold_loss":0,"cards_obtained":["RitualDagger"]},{"damage_healed":0,"gold_gain":0,"player_choice":"1 cards matched","damage_taken":0,"max_hp_gain":0,"max_hp_loss":0,"event_name":"Match and Keep!","floor":25,"gold_loss":0,"cards_obtained":["Twin Strike"]}],"is_beta":false,"boss_relics":[{"not_picked":["Pandora\u0027s Box","Astrolabe"],"picked":"Cursed Key"}],"items_purged_floors":[],"is_endless":false,"potions_floor_spawned":[2,5,7,14,20,24],"killed_by":"Snake Plant","ascension_level":13}