{"gold_per_floor":[20,35,35,35,51,51,79,110,110,144,144,156,182,196,196,272,272,282,293,303,331,331,331,341,341,367,378,151,151,169,185,185,263,263,280,12,27,27,45,45,56,56,56,89,102,102,122,122],"floor_reached":48,"playtime":3845,"items_purged":["Strike_G"],"score":826,"play_id":"d045ea38-046b-4238-8017-375284b49e06","local_time":"20190402233653","is_ascension_mode":true,"campfire_choices":[{"data":"Neutralize","floor":6,"key":"SMITH"},{"floor":11,"key":"REST"},{"data":"Deadly Poison","floor":15,"key":"SMITH"},{"data":"Leg Sweep","floor":23,"key":"SMITH"},{"data":"Sucker Punch","floor":25,"key":"SMITH"},{"data":"Noxious Fumes","floor":32,"key":"SMITH"},{"data":"Noxious Fumes","floor":40,"key":"SMITH"}],"neow_cost":"NO_GOLD","seed_source_timestamp":1552682914713459,"circlet_count":0,"master_deck":["AscendersBane","Defend_G","Defend_G","Defend_G","Defend_G","Defend_G","Survivor","Neutralize+1","Corpse Explosion","Sucker Punch+1","Slice","Crippling Poison","Poisoned Stab","Dagger Spray","Deadly Poison+1","Leg Sweep+1","PiercingWail","Infinite Blades","Die Die Die","Backflip","Escape Plan","All Out Attack","PiercingWail","Skewer","Infinite Blades","PiercingWail+1","Noxious Fumes+1","Noxious Fumes+1","Backstab","Cloak And Dagger","Secret Technique","Sadistic Nature","Dodge and Roll+1","Skewer","Doubt","Endless Agony","Caltrops+1"],"relics":["Ring of the Snake","Odd Mushroom","Kunai","Potion Belt","Art of War","StoneCalendar","Coffee Dripper","Red Mask","Orichalcum","Cursed Key","Bottled Flame","Spirit Poop"],"potions_floor_usage":[7,16,30,37,41,41,44,44,45,48],"damage_taken":[{"damage":0,"enemies":"Small Slimes","floor":1,"turns":3},{"damage":0,"enemies":"Jaw Worm","floor":2,"turns":7},{"damage":6,"enemies":"2 Louse","floor":5,"turns":5},{"damage":2,"enemies":"The Mushroom Lair","floor":7,"turns":3},{"damage":19,"enemies":"3 Sentries","floor":8,"turns":10},{"damage":22,"enemies":"Lagavulin","floor":10,"turns":8},{"damage":0,"enemies":"Lots of Slimes","floor":12,"turns":1},{"damage":7,"enemies":"3 Sentries","floor":13,"turns":4},{"damage":8,"enemies":"Blue Slaver","floor":14,"turns":4},{"damage":2,"enemies":"Hexaghost","floor":16,"turns":7},{"damage":9,"enemies":"Chosen","floor":18,"turns":5},{"damage":17,"enemies":"2 Thieves","floor":19,"turns":4},{"damage":6,"enemies":"Centurion and Healer","floor":20,"turns":5},{"damage":5,"enemies":"Masked Bandits","floor":21,"turns":5},{"damage":3,"enemies":"Cultist and Chosen","floor":24,"turns":4},{"damage":6,"enemies":"Snake Plant","floor":27,"turns":6},{"damage":3,"enemies":"Snecko","floor":30,"turns":6},{"damage":0,"enemies":"Cultist and Chosen","floor":31,"turns":5},{"damage":16,"enemies":"Champ","floor":33,"turns":12},{"damage":1,"enemies":"3 Darklings","floor":35,"turns":3},{"damage":6,"enemies":"Orb Walker","floor":37,"turns":4},{"damage":34,"enemies":"Spire Growth","floor":39,"turns":6},{"damage":2,"enemies":"Jaw Worm Horde","floor":41,"turns":4},{"damage":23,"enemies":"Reptomancer","floor":44,"turns":7},{"damage":10,"enemies":"Maw","floor":45,"turns":7},{"damage":37,"enemies":"Spire Growth","floor":47,"turns":6},{"damage":20,"enemies":"3 Darklings","floor":48,"turns":2}],"seed_played":"-5516777503164922980","potions_obtained":[{"floor":5,"key":"Energy Potion"},{"floor":8,"key":"Ancient Potion"},{"floor":12,"key":"Weak Potion"},{"floor":13,"key":"PowerPotion"},{"floor":19,"key":"EssenceOfSteel"},{"floor":21,"key":"GhostInAJar"},{"floor":30,"key":"GhostInAJar"},{"floor":37,"key":"EntropicBrew"},{"floor":47,"key":"GamblersBrew"}],"is_trial":false,"path_per_floor":["?","?","?","?","?","M","?","?","?","?","M"],"character_chosen":"THE_SILENT","items_purchased":["Regen Potion","Infinite Blades","Noxious Fumes","Backstab","Cloak And Dagger","Fruit Juice"],"campfire_rested":1,"item_purchase_floors":[28,28,36,36,36,36],"current_hp_per_floor":[63,63,63,56,50,50,48,29,29,7,28,28,21,13,13,11,55,46,29,23,18,18,18,15,15,15,9,9,9,20,20,20,4,54,53,53,52,42,8,8,6,75,75,52,57,57,20,0],"gold":122,"neow_bonus":"TRANSFORM_TWO_CARDS","is_prod":false,"is_daily":false,"chose_seed":false,"campfire_upgraded":6,"win_rate":0,"timestamp":1554262613,"path_taken":["M","M","?","?","M","R","?","E","T","E","R","M","E","M","R","BOSS","M","M","M","?","?","R","M","R","T","?","$","?","M","M","R","BOSS","M","$","M","?","M","R","M","?","T","E","M","?","?","M"],"build_version":"2019-01-23","purchased_purges":1,"victory":false,"max_hp_per_floor":[70,70,70,70,70,70,70,70,70,70,70,70,70,70,70,70,70,70,70,70,70,70,70,70,70,70,70,70,70,70,70,70,70,70,70,70,75,75,75,75,75,75,75,75,75,75,75,75],"card_choices":[{"not_picked":["Accuracy","Deflect"],"picked":"Slice","floor":1},{"not_picked":["Deflect","Underhanded Strike"],"picked":"Crippling Poison","floor":2},{"not_picked":["Choke","Underhanded Strike"],"picked":"Poisoned Stab","floor":5},{"not_picked":["PiercingWail","Finisher"],"picked":"Dagger Spray","floor":7},{"not_picked":["PiercingWail","Backflip"],"picked":"Deadly Poison","floor":8},{"not_picked":["Envenom","Accuracy"],"picked":"Leg Sweep","floor":10},{"not_picked":["Finisher","Bane"],"picked":"PiercingWail","floor":12},{"not_picked":["Prepared","Dash"],"picked":"Infinite Blades","floor":13},{"not_picked":["Quick Slash","Choke","Reflex"],"picked":"SKIP","floor":14},{"not_picked":["Glass Knife","Tools of the Trade"],"picked":"Die Die Die","floor":16},{"not_picked":["Backflip","Dodge and Roll","Deadly Poison"],"picked":"SKIP","floor":18},{"not_picked":["Prepared","Dagger Spray"],"picked":"Backflip","floor":19},{"not_picked":["Bouncing Flask","Predator+1"],"picked":"Finisher","floor":20},{"not_picked":["Deflect","Deadly Poison"],"picked":"Escape Plan","floor":21},{"not_picked":["Poisoned Stab","Slice"],"picked":"PiercingWail","floor":24},{"not_picked":["Dodge and Roll","All Out Attack+1"],"picked":"Skewer","floor":27},{"not_picked":["Calculated Gamble","Crippling Poison"],"picked":"PiercingWail+1","floor":30},{"not_picked":["Acrobatics","Dodge and Roll"],"picked":"Noxious Fumes","floor":31},{"not_picked":["Quick Slash","Deadly Poison","Dodge and Roll"],"picked":"SKIP","floor":35},{"not_picked":["Quick Slash+1","Eviscerate+1","Accuracy"],"picked":"SKIP","floor":37},{"not_picked":["Dramatic Entrance","HandOfGreed"],"picked":"Secret Technique","floor":38},{"not_picked":["Swift Strike","Finesse"],"picked":"Sadistic Nature","floor":38},{"not_picked":["Slice+1","Dagger Spray+1"],"picked":"Dodge and Roll+1","floor":39},{"not_picked":["Outmaneuver","Poisoned Stab"],"picked":"Skewer","floor":41},{"not_picked":["Blur+1","Escape Plan+1"],"picked":"Endless Agony","floor":44},{"not_picked":["Dagger Throw+1","Flying Knee","Skewer"],"picked":"SKIP","floor":45},{"not_picked":["Outmaneuver","Well Laid Plans"],"picked":"Caltrops+1","floor":47}],"player_experience":1402245,"relics_obtained":[{"floor":7,"key":"Odd Mushroom"},{"floor":8,"key":"Kunai"},{"floor":9,"key":"Potion Belt"},{"floor":10,"key":"Art of War"},{"floor":13,"key":"StoneCalendar"},{"floor":21,"key":"Red Mask"},{"floor":26,"key":"Orichalcum"},{"floor":44,"key":"Bottled Flame"}],"event_choices":[{"damage_healed":0,"gold_gain":0,"player_choice":"Leave","damage_taken":0,"max_hp_gain":0,"max_hp_loss":0,"event_name":"The Cleric","floor":3,"gold_loss":0},{"cards_removed":["Strike_G"],"damage_healed":0,"gold_gain":0,"player_choice":"Card Removal","damage_taken":7,"max_hp_gain":0,"max_hp_loss":0,"event_name":"Golden Wing","floor":4,"gold_loss":0},{"damage_healed":0,"gold_gain":0,"player_choice":"Fought Mushrooms","damage_taken":0,"max_hp_gain":0,"max_hp_loss":0,"event_name":"Mushrooms","floor":7,"gold_loss":0},{"damage_healed":0,"gold_gain":0,"player_choice":"Fought Bandits","damage_taken":0,"max_hp_gain":0,"max_hp_loss":0,"event_name":"Masked Bandits","floor":21,"gold_loss":0},{"damage_healed":0,"gold_gain":0,"cards_transformed":["Strike_G"],"player_choice":"Transformed","damage_taken":0,"max_hp_gain":0,"max_hp_loss":0,"event_name":"Transmorgrifier","floor":22,"gold_loss":0,"cards_obtained":["All Out Attack"]},{"cards_removed":["Finisher"],"damage_healed":0,"gold_gain":0,"player_choice":"Elegance","damage_taken":0,"max_hp_gain":0,"max_hp_loss":0,"event_name":"Back to Basics","floor":29,"gold_loss":0},{"damage_healed":0,"gold_gain":0,"player_choice":"Memory 3","damage_taken":10,"max_hp_gain":0,"max_hp_loss":0,"event_name":"SensoryStone","floor":38,"gold_loss":0},{"damage_healed":69,"gold_gain":0,"player_choice":"Heal","damage_taken":0,"max_hp_gain":0,"max_hp_loss":0,"event_name":"MindBloom","floor":42,"gold_loss":0,"cards_obtained":["Doubt"]},{"cards_removed":["Regret"],"damage_healed":0,"gold_gain":0,"player_choice":"Offered Curse","damage_taken":0,"relics_obtained":["Spirit Poop"],"max_hp_gain":0,"max_hp_loss":0,"event_name":"Bonfire Elementals","floor":46,"gold_loss":0}],"is_beta":false,"boss_relics":[{"not_picked":["Philosopher\u0027s Stone","Sozu"],"picked":"Coffee Dripper"},{"not_picked":["Calling Bell","Ring of the Serpent"],"picked":"Cursed Key"}],"items_purged_floors":[28],"is_endless":false,"potions_floor_spawned":[5,8,12,13,19,21,27,30,33,37,39,47],"killed_by":"3 Darklings","ascension_level":13}