{"gold_per_floor":[111,124,124,124,143,176,176,190,213,213,288,288,306,333,333,438,438,454,454,172,172,93,93],"floor_reached":23,"playtime":1245,"items_purged":[],"score":256,"play_id":"8b7a22da-1cb1-4eba-8e9c-226cdb2ac0f3","local_time":"20190322131551","is_ascension_mode":true,"campfire_choices":[{"floor":7,"key":"REST"},{"floor":10,"key":"REST"},{"floor":12,"key":"REST"},{"data":"Zap","floor":15,"key":"SMITH"}],"neow_cost":"NONE","seed_source_timestamp":567620839396001,"circlet_count":0,"master_deck":["Strike_B","Strike_B+1","Strike_B+1","Defend_B","Defend_B","Defend_B","Defend_B","Zap+1","Dualcast","Ball Lightning","Stack+1","Auto Shields","Go for the Eyes","Cold Snap+1","Stack","Seek","Static Discharge+1","Doom and Gloom","Self Repair"],"relics":["Cracked Core","Boot","Centennial Puzzle","Whetstone","Nuclear Battery","MutagenicStrength","Shuriken","Enchiridion"],"potions_floor_usage":[16],"damage_taken":[{"damage":0,"enemies":"Small Slimes","floor":1,"turns":4},{"damage":0,"enemies":"Cultist","floor":2,"turns":4},{"damage":8,"enemies":"2 Louse","floor":5,"turns":3},{"damage":39,"enemies":"Gremlin Nob","floor":6,"turns":5},{"damage":13,"enemies":"Exordium Thugs","floor":8,"turns":4},{"damage":9,"enemies":"Lots of Slimes","floor":13,"turns":4},{"damage":1,"enemies":"3 Sentries","floor":14,"turns":11},{"damage":42,"enemies":"Hexaghost","floor":16,"turns":10},{"damage":5,"enemies":"Shell Parasite","floor":18,"turns":5},{"damage":44,"enemies":"Gremlin Leader","floor":23,"turns":6}],"seed_played":"1291853824472462129","potions_obtained":[{"floor":0,"key":"Dexterity Potion"},{"floor":0,"key":"Regen Potion"},{"floor":0,"key":"GamblersBrew"},{"floor":16,"key":"Block Potion"}],"is_trial":false,"path_per_floor":["?","?","M","?","?","?"],"character_chosen":"DEFECT","items_purchased":["Shuriken","Doom and Gloom","Self Repair"],"campfire_rested":3,"item_purchase_floors":[20,20,22],"current_hp_per_floor":[68,68,53,53,45,6,28,15,15,37,26,48,39,38,38,11,59,54,54,54,38,38,0],"gold":93,"neow_bonus":"THREE_SMALL_POTIONS","is_prod":false,"is_daily":false,"chose_seed":false,"campfire_upgraded":1,"win_rate":0,"timestamp":1553274951,"path_taken":["M","M","?","?","?","E","R","M","T","R","?","R","M","E","R","BOSS","M","?","$","?","$","E"],"build_version":"2019-01-23","purchased_purges":0,"victory":false,"max_hp_per_floor":[75,75,75,75,75,75,75,75,75,75,75,75,75,75,75,75,75,75,75,75,75,75,75],"card_choices":[{"not_picked":["Streamline","Cold Snap"],"picked":"Ball Lightning","floor":1},{"not_picked":["Redo","Chaos"],"picked":"Stack","floor":2},{"not_picked":["Reprogram","Buffer"],"picked":"Auto Shields","floor":5},{"not_picked":["Steam","Stack"],"picked":"Go for the Eyes","floor":6},{"not_picked":["Hello World","Rebound"],"picked":"Cold Snap","floor":8},{"not_picked":["Chaos","Steam","Beam Cell"],"picked":"SKIP","floor":13},{"not_picked":["BootSequence","Capacitor"],"picked":"Stack","floor":14},{"not_picked":["Reboot","Hyperbeam"],"picked":"Seek","floor":16},{"not_picked":["Turbo","Gash"],"picked":"Static Discharge+1","floor":18}],"player_experience":876194,"relics_obtained":[{"floor":6,"key":"Boot"},{"floor":9,"key":"Centennial Puzzle"},{"floor":14,"key":"Whetstone"},{"floor":21,"key":"Enchiridion"}],"event_choices":[{"damage_healed":0,"gold_gain":0,"player_choice":"Entered Light","damage_taken":15,"max_hp_gain":0,"max_hp_loss":0,"event_name":"Shining Light","floor":3,"gold_loss":0,"cards_upgraded":["Stack","Strike_B"]},{"cards_removed":["Strike_B"],"damage_healed":0,"gold_gain":0,"player_choice":"Purged","damage_taken":0,"max_hp_gain":0,"max_hp_loss":0,"event_name":"Purifier","floor":4,"gold_loss":0},{"damage_healed":0,"gold_gain":75,"player_choice":"Gather Gold","damage_taken":11,"max_hp_gain":0,"max_hp_loss":0,"event_name":"World of Goop","floor":11,"gold_loss":0},{"damage_healed":0,"gold_gain":0,"player_choice":"Inject Mutagens","damage_taken":0,"relics_obtained":["MutagenicStrength"],"max_hp_gain":0,"max_hp_loss":0,"event_name":"Drug Dealer","floor":19,"gold_loss":0},{"damage_healed":0,"gold_gain":0,"player_choice":"Obtained Book","damage_taken":16,"max_hp_gain":0,"max_hp_loss":0,"event_name":"Cursed Tome","floor":21,"gold_loss":0}],"is_beta":false,"boss_relics":[{"not_picked":["Fusion Hammer","Lizard Tail"],"picked":"Nuclear Battery"}],"items_purged_floors":[],"is_endless":false,"potions_floor_spawned":[2,13,16,18],"killed_by":"Gremlin Leader","ascension_level":6}