{"gold_per_floor":[20,38,213,213,228,261,261,261,261,348,371,383,395,422,434,549,561,587,524,536,380,380,380,393,393],"floor_reached":25,"playtime":937,"items_purged":[],"score":284,"play_id":"423efb73-2943-4e89-b182-125bed8ae2c1","local_time":"20190127164022","is_ascension_mode":true,"campfire_choices":[{"floor":7,"key":"REST"},{"floor":15,"key":"REST"},{"data":"Glass Knife","floor":23,"key":"SMITH"}],"neow_cost":"NO_GOLD","seed_source_timestamp":528800179500268,"circlet_count":0,"master_deck":["Defend_G","Defend_G","Defend_G","Defend_G+1","Survivor","Neutralize","Deflect","Eviscerate","Dagger Spray","Dagger Throw","Dash","Backflip+1","Prepared","Glass Knife+1","Dagger Throw","Bite","Bite","Bite","Bite","Bite","Prepared","Eviscerate","Deflect","Outmaneuver"],"relics":["Ring of the Snake","Meat on the Bone","Du-Vu Doll","MawBank","Kunai","Empty Cage"],"potions_floor_usage":[6],"damage_taken":[{"damage":0,"enemies":"Jaw Worm","floor":1,"turns":5},{"damage":0,"enemies":"Small Slimes","floor":2,"turns":3},{"damage":0,"enemies":"2 Louse","floor":5,"turns":2},{"damage":31,"enemies":"Gremlin Nob","floor":6,"turns":5},{"damage":0,"enemies":"Exordium Wildlife","floor":11,"turns":4},{"damage":3,"enemies":"Blue Slaver","floor":14,"turns":5},{"damage":44,"enemies":"The Guardian","floor":16,"turns":18},{"damage":9,"enemies":"Chosen","floor":18,"turns":7},{"damage":31,"enemies":"Shell Parasite","floor":24,"turns":10},{"damage":37,"enemies":"Centurion and Healer","floor":25,"turns":5}],"seed_played":"-3114337472488372563","potions_obtained":[{"floor":2,"key":"Strength Potion"},{"floor":5,"key":"SmokeBomb"},{"floor":11,"key":"LiquidBronze"}],"is_trial":false,"path_per_floor":["M","M","?","T","M","E","R","?","T","?","M","T","$","M","R","B",null,"M","?","?","$","?","R","M","M"],"character_chosen":"THE_SILENT","items_purchased":["Prepared","Eviscerate","Deflect"],"campfire_rested":2,"item_purchase_floors":[21,21,21],"current_hp_per_floor":[63,63,63,63,63,44,65,51,51,40,40,40,40,37,58,26,59,50,50,49,49,49,49,28,0],"gold":393,"neow_bonus":"TRANSFORM_TWO_CARDS","is_prod":false,"is_daily":false,"chose_seed":false,"campfire_upgraded":1,"win_rate":0,"timestamp":1548632422,"path_taken":["M","M","?","?","M","E","R","?","T","?","M","?","$","M","R","BOSS","M","?","?","$","?","R","M","M"],"build_version":"2019-01-23","purchased_purges":0,"victory":false,"max_hp_per_floor":[70,70,70,70,70,70,70,70,70,70,70,70,70,70,70,70,70,70,70,49,49,49,49,49,49],"card_choices":[{"not_picked":["Deadly Poison","Setup"],"picked":"Dagger Spray","floor":1},{"not_picked":["Flying Knee","Blade Dance"],"picked":"Dagger Throw","floor":2},{"not_picked":["Malaise","Poisoned Stab"],"picked":"Dash","floor":5},{"not_picked":["Terror","Setup"],"picked":"Backflip","floor":6},{"not_picked":["Sucker Punch","Dagger Throw"],"picked":"Prepared","floor":11},{"not_picked":["Endless Agony","Sucker Punch","Quick Slash"],"picked":"SKIP","floor":14},{"not_picked":["A Thousand Cuts","Storm of Steel"],"picked":"Glass Knife","floor":16},{"not_picked":["Flying Knee+1","Deadly Poison"],"picked":"Dagger Throw","floor":18},{"not_picked":["Quick Slash","Deadly Poison"],"picked":"Outmaneuver","floor":24}],"player_experience":1311818,"relics_obtained":[{"floor":4,"key":"Meat on the Bone"},{"floor":6,"key":"Du-Vu Doll"},{"floor":9,"key":"MawBank"},{"floor":12,"key":"Kunai"}],"event_choices":[{"damage_healed":0,"gold_gain":175,"player_choice":"AGREE","damage_taken":0,"max_hp_gain":0,"max_hp_loss":0,"event_name":"Liars Game","floor":3,"gold_loss":0,"cards_obtained":["Doubt"]},{"damage_healed":0,"gold_gain":0,"player_choice":"Entered Light","damage_taken":14,"max_hp_gain":0,"max_hp_loss":0,"event_name":"Shining Light","floor":8,"gold_loss":0,"cards_upgraded":["Defend_G","Backflip"]},{"damage_healed":0,"gold_gain":75,"player_choice":"Gather Gold","damage_taken":11,"max_hp_gain":0,"max_hp_loss":0,"event_name":"World of Goop","floor":10,"gold_loss":0},{"cards_removed":["Strike_G"],"damage_healed":0,"gold_gain":0,"player_choice":"Gave Gold","damage_taken":0,"max_hp_gain":0,"max_hp_loss":0,"event_name":"Beggar","floor":19,"gold_loss":75},{"damage_healed":0,"gold_gain":0,"player_choice":"Became a vampire","damage_taken":0,"max_hp_gain":0,"max_hp_loss":21,"event_name":"Vampires","floor":20,"gold_loss":0,"cards_obtained":["Bite","Bite","Bite","Bite","Bite"]},{"damage_healed":0,"gold_gain":0,"player_choice":"Ignored","damage_taken":0,"max_hp_gain":0,"max_hp_loss":0,"event_name":"Ghosts","floor":22,"gold_loss":0}],"is_beta":false,"boss_relics":[{"not_picked":["Velvet Choker","Runic Dome"],"picked":"Empty Cage"}],"items_purged_floors":[],"is_endless":false,"potions_floor_spawned":[2,5,11],"killed_by":"Centurion and Healer","ascension_level":6}