{"gold_per_floor":[117,132,11,25,42,42,42,217,266,22,38,38,49,49,49,148,148,160,170,184,184,59,59,94,94,94,111,123,138,154,168,168,270,270,287,298,311,311,331,331,362,362,362,362,410,410,410,17,17,17],"floor_reached":51,"playtime":6987,"items_purged":["Strike_B","Doubt","Defend_B","Defend_B"],"score":698,"play_id":"a8a8c3e2-bcee-4f91-bf4f-e30bc69b9d5e","local_time":"20180910224637","is_ascension_mode":true,"campfire_choices":[{"data":"Go for the Eyes","floor":6,"key":"SMITH"},{"data":"Hologram","floor":15,"key":"SMITH"},{"data":"Hologram","floor":23,"key":"SMITH"},{"floor":25,"key":"REST"},{"floor":32,"key":"REST"},{"floor":40,"key":"REST"},{"data":"Buffer","floor":44,"key":"SMITH"},{"data":"Consume","floor":47,"key":"SMITH"},{"data":"Coolheaded","floor":49,"key":"SMITH"}],"neow_cost":"","seed_source_timestamp":624741271712542,"circlet_count":0,"master_deck":["Defend_B","Zap","Dualcast","Compile Driver","Conserve Battery","Cold Snap","Skim","Go for the Eyes+1","Creative AI","Echo Form+1","Hologram+1","Buffer+1","Glacier+1","Go for the Eyes+1","Static Discharge+1","Ball Lightning","Hologram+1","Cold Snap","Coolheaded+1","Capacitor+1","Consume+1","Storm+1","Machine Learning+1","Defragment+1","Glacier","Coolheaded+1","Lockon+1","Loop+1"],"relics":["Cracked Core","Centennial Puzzle","Astrolabe","Bronze Scales","Frozen Egg 2","Snecko Eye","Juzu Bracelet","Torii","Bird Faced Urn","Lantern"],"potions_floor_usage":[16,20,24,28,28,28,30,33,33,41,41,45,50],"damage_taken":[{"damage":1,"enemies":"Cultist","floor":1,"turns":4},{"damage":1,"enemies":"Jaw Worm","floor":2,"turns":3},{"damage":4,"enemies":"2 Louse","floor":4,"turns":3},{"damage":17,"enemies":"Exordium Wildlife","floor":5,"turns":6},{"damage":5,"enemies":"Looter","floor":11,"turns":3},{"damage":0,"enemies":"Large Slime","floor":13,"turns":6},{"damage":34,"enemies":"Slime Boss","floor":16,"turns":15},{"damage":5,"enemies":"Chosen","floor":18,"turns":5},{"damage":4,"enemies":"Spheric Guardian","floor":19,"turns":6},{"damage":17,"enemies":"Snake Plant","floor":20,"turns":5},{"damage":48,"enemies":"Gremlin Leader","floor":24,"turns":10},{"damage":1,"enemies":"Snecko","floor":27,"turns":7},{"damage":14,"enemies":"Cultist and Chosen","floor":28,"turns":10},{"damage":0,"enemies":"Snake Plant","floor":29,"turns":8},{"damage":10,"enemies":"Sentry and Sphere","floor":30,"turns":8},{"damage":0,"enemies":"Snecko","floor":31,"turns":9},{"damage":47,"enemies":"Automaton","floor":33,"turns":8},{"damage":22,"enemies":"3 Shapes","floor":35,"turns":3},{"damage":15,"enemies":"3 Darklings","floor":36,"turns":9},{"damage":2,"enemies":"Maw","floor":37,"turns":5},{"damage":29,"enemies":"Spire Growth","floor":39,"turns":7},{"damage":35,"enemies":"2 Orb Walkers","floor":41,"turns":6},{"damage":17,"enemies":"Mysterious Sphere","floor":45,"turns":3},{"damage":2,"enemies":"Time Eater","floor":50,"turns":7}],"seed_played":"-1422677040186268912","potions_obtained":[{"floor":2,"key":"Poison Potion"},{"floor":4,"key":"GamblersBrew"},{"floor":5,"key":"PowerPotion"},{"floor":16,"key":"LiquidBronze"},{"floor":19,"key":"Regen Potion"},{"floor":20,"key":"EntropicBrew"},{"floor":29,"key":"AttackPotion"},{"floor":30,"key":"FearPotion"},{"floor":31,"key":"Fire Potion"},{"floor":35,"key":"EssenceOfSteel"},{"floor":41,"key":"Strength Potion"},{"floor":45,"key":"FearPotion"}],"is_trial":false,"path_per_floor":["M","M","$","M","M","R","?","?","T","$","M","?","M","?","R","B",null,"M","M","M","?","$","R","E","R","T","M","M","M","M","M","R","B",null,"M","M","M","?","M","R","E","?","T","R","?","?","R","$","R","B"],"character_chosen":"DEFECT","items_purchased":["Cold Snap","Creative AI","Lantern","Fruit Juice"],"campfire_rested":3,"item_purchase_floors":[3,10,48,48],"current_hp_per_floor":[74,73,73,69,52,52,52,52,52,52,47,47,47,52,52,18,80,75,71,69,69,69,69,21,45,45,44,44,44,34,34,58,11,80,58,43,41,41,12,36,1,90,90,90,73,73,73,73,73,95],"gold":17,"neow_bonus":"","is_prod":false,"is_daily":false,"chose_seed":false,"campfire_upgraded":6,"win_rate":0,"timestamp":1536644797,"path_taken":["M","M","?","M","?","R","?","?","T","$","M","?","?","?","R","BOSS","M","M","M","?","$","R","E","R","T","M","M","M","M","M","R","BOSS","M","M","M","?","M","R","E","?","T","R","?","?","R","$","R","BOSS"],"build_version":"2018-09-06","purchased_purges":4,"victory":true,"max_hp_per_floor":[75,75,75,75,75,75,75,75,75,75,75,75,75,80,80,80,80,80,80,80,80,80,80,80,80,80,80,80,80,80,80,80,80,80,80,80,80,80,80,80,80,90,90,90,90,90,90,90,90,95],"card_choices":[{"not_picked":["Steam Power","Ball Lightning"],"picked":"Compile Driver","floor":1},{"not_picked":["Steam","Beam Cell"],"picked":"Conserve Battery","floor":2},{"not_picked":["Barrage","Doom and Gloom"],"picked":"Skim","floor":4},{"not_picked":["Stack","Lockon"],"picked":"Go for the Eyes","floor":5},{"not_picked":["Defragment","Go for the Eyes"],"picked":"Echo Form","floor":11},{"not_picked":["Cold Snap","White Noise"],"picked":"Hologram","floor":13},{"not_picked":["Thunder Strike","Machine Learning"],"picked":"Buffer","floor":16},{"not_picked":["Genetic Algorithm+1","Stack+1"],"picked":"Ball Lightning","floor":18},{"not_picked":["Beam Cell","Sweeping Beam"],"picked":"Hologram","floor":19},{"not_picked":["Barrage","Heatsinks"],"picked":"Cold Snap","floor":20},{"not_picked":["Hello World+1","Gash","Streamline"],"picked":"SKIP","floor":24},{"not_picked":["Rebound+1","Double Energy"],"picked":"Coolheaded","floor":27},{"not_picked":["Genetic Algorithm","Redo","Beam Cell"],"picked":"SKIP","floor":28},{"not_picked":["Hello World+1","Streamline"],"picked":"Capacitor+1","floor":29},{"not_picked":["Lockon","Melter"],"picked":"Consume","floor":30},{"not_picked":["Beam Cell","Lockon"],"picked":"Storm+1","floor":31},{"not_picked":["Fission","Creative AI+1"],"picked":"Machine Learning+1","floor":33},{"not_picked":["Genetic Algorithm+1","Gash","Sweeping Beam+1"],"picked":"SKIP","floor":35},{"not_picked":["Cold Snap","Gash"],"picked":"Defragment+1","floor":36},{"not_picked":["Hologram+1","Rebound+1"],"picked":"Glacier","floor":37},{"not_picked":["White Noise","Streamline"],"picked":"Coolheaded+1","floor":39},{"not_picked":["Stack+1","Biased Cognition+1"],"picked":"Lockon+1","floor":41},{"not_picked":["Double Energy","Coolheaded"],"picked":"Loop+1","floor":45}],"player_experience":48871,"relics_obtained":[{"floor":9,"key":"Centennial Puzzle"},{"floor":24,"key":"Bronze Scales"},{"floor":26,"key":"Frozen Egg 2"},{"floor":41,"key":"Juzu Bracelet"},{"floor":43,"key":"Torii"},{"floor":45,"key":"Bird Faced Urn"}],"event_choices":[{"event_name":"Purifier","player_choice":"One Purge","floor":7,"damage_taken":0},{"event_name":"Liars Game","player_choice":"agreed","floor":8,"damage_taken":0},{"event_name":"Living Wall","player_choice":"Grow","floor":12,"damage_taken":0},{"event_name":"Big Fish","player_choice":"Donut","floor":14,"damage_taken":0},{"event_name":"Match and Keep!","player_choice":"1 cards matched","floor":21,"damage_taken":0},{"event_name":"Tomb of Lord Red Mask","player_choice":"Ignored","floor":38,"damage_taken":0},{"event_name":"Bonfire Elementals","player_choice":"RARE","floor":42,"damage_taken":0},{"event_name":"Mysterious Sphere","player_choice":"Fight","floor":45,"damage_taken":0},{"event_name":"Match and Keep!","player_choice":"0 cards matched","floor":46,"damage_taken":0},{"event_name":"Match and Keep!","player_choice":"0 cards matched","floor":46,"damage_taken":0}],"is_beta":false,"boss_relics":[{"not_picked":["Black Star","Velvet Choker"],"picked":"Astrolabe"},{"not_picked":["Empty Cage","Nuclear Battery"],"picked":"Snecko Eye"}],"items_purged_floors":[3,10,22,48],"is_endless":false,"potions_floor_spawned":[2,4,5,16,19,20,29,30,31,35,41,45],"ascension_level":1}