{"gold_per_floor":[110,128,128,140,167,197,145,145,145,176,188,233,245,159,159,159],"floor_reached":16,"playtime":916,"items_purged":["Strike_R"],"score":178,"play_id":"e03e8f3a-d565-4091-9afc-187cd9f90220","local_time":"20190218212829","is_ascension_mode":true,"campfire_choices":[{"floor":8,"key":"REST"},{"floor":11,"key":"REST"},{"floor":15,"key":"REST"}],"neow_cost":"NONE","seed_source_timestamp":271911498365638,"circlet_count":0,"master_deck":["AscendersBane","Strike_R","Strike_R","Strike_R","Defend_R","Defend_R","Defend_R","Defend_R","Bash","Searing Blow","Shrug It Off","Thunderclap","True Grit","Armaments","Flex","Ghostly Armor","Shrug It Off"],"relics":["Burning Blood","Omamori","Art of War","Gremlin Horn","MawBank","Boot","Golden Idol"],"potions_floor_usage":[12],"damage_taken":[{"damage":7,"enemies":"Jaw Worm","floor":1,"turns":3},{"damage":6,"enemies":"Cultist","floor":2,"turns":4},{"damage":7,"enemies":"2 Louse","floor":4,"turns":4},{"damage":68,"enemies":"Lagavulin","floor":6,"turns":8},{"damage":14,"enemies":"Blue Slaver","floor":10,"turns":5},{"damage":19,"enemies":"3 Sentries","floor":12,"turns":8},{"damage":61,"enemies":"Hexaghost","floor":16,"turns":16}],"seed_played":"7084451533820894416","potions_obtained":[{"floor":2,"key":"EssenceOfSteel"},{"floor":6,"key":"LiquidBronze"}],"is_trial":false,"path_per_floor":["M","M","?","M","T","E","$","R","T","M","R","E","?","$","R","B"],"character_chosen":"IRONCLAD","items_purchased":["Armaments","Shrug It Off"],"campfire_rested":3,"item_purchase_floors":[7,14],"current_hp_per_floor":[71,71,71,70,70,8,8,32,32,24,48,35,35,35,57,0],"gold":159,"neow_bonus":"RANDOM_COMMON_RELIC","is_prod":false,"is_daily":false,"chose_seed":false,"campfire_upgraded":0,"win_rate":0,"timestamp":1550550509,"path_taken":["M","M","?","?","?","E","$","R","T","M","R","E","?","?","R","BOSS"],"build_version":"2019-01-23","purchased_purges":1,"victory":false,"max_hp_per_floor":[80,80,80,80,80,80,80,80,80,80,80,80,74,74,74,74],"card_choices":[{"not_picked":["Cleave","Havoc"],"picked":"Searing Blow","floor":1},{"not_picked":["Iron Wave","Sentinel"],"picked":"Shrug It Off","floor":2},{"not_picked":["Headbutt","Metallicize"],"picked":"Thunderclap","floor":4},{"not_picked":["Uppercut","Exhume"],"picked":"True Grit","floor":6},{"not_picked":["Power Through","Havoc"],"picked":"Flex","floor":10},{"not_picked":["Pommel Strike","Burning Pact"],"picked":"Ghostly Armor","floor":12}],"player_experience":1530488,"relics_obtained":[{"floor":5,"key":"Art of War"},{"floor":6,"key":"Gremlin Horn"},{"floor":9,"key":"MawBank"},{"floor":12,"key":"Boot"}],"event_choices":[{"cards_removed":["Strike_R"],"damage_healed":0,"gold_gain":0,"player_choice":"Offered Basic","damage_taken":0,"max_hp_gain":0,"max_hp_loss":0,"event_name":"Bonfire Elementals","floor":3,"gold_loss":0},{"damage_healed":0,"gold_gain":0,"player_choice":"Lose Max HP","damage_taken":0,"relics_obtained":["Golden Idol"],"max_hp_gain":0,"max_hp_loss":6,"event_name":"Golden Idol","floor":13,"gold_loss":0}],"is_beta":false,"boss_relics":[],"items_purged_floors":[14],"is_endless":false,"potions_floor_spawned":[2,6],"killed_by":"Hexaghost","ascension_level":13}