{"gold_per_floor":[211,211,211,227,237,237,259,259,283,283,458,472,487,34,34,131,131,145,156,168,218,234,259,259,279,279,279,279,15,15,64,64,167,167,179,196,207,207,223,223,235,235,258,274,274,286,300,2,2,2],"floor_reached":51,"playtime":2593,"items_purged":["Regret","Doubt"],"score":792,"play_id":"1498b811-d818-4b96-b505-587ca6822fa9","local_time":"20181005044953","is_ascension_mode":true,"campfire_choices":[{"floor":6,"key":"REST"},{"data":"Dagger Throw","floor":8,"key":"SMITH"},{"data":"Slice","floor":10,"key":"SMITH"},{"floor":15,"key":"REST"},{"floor":24,"key":"REST"},{"data":"Cloak And Dagger","floor":30,"key":"SMITH"},{"floor":32,"key":"REST"},{"floor":40,"key":"REST"},{"data":"Madness","floor":42,"key":"SMITH"},{"floor":49,"key":"REST"}],"neow_cost":"NONE","seed_source_timestamp":40286586629522,"circlet_count":0,"master_deck":["Defend_G+1","Defend_G","Defend_G","Defend_G","Defend_G","Strike_G","Strike_G","Strike_G","Strike_G","Strike_G","Survivor","Neutralize+1","Slice","Slice","Slice+1","Dagger Throw+1","Backflip","Dash","Distraction","Adrenaline","Quick Slash","Acrobatics","Dagger Spray","Slice","Dagger Throw","Backflip","Flash of Steel","Underhanded Strike","Cloak And Dagger+1","A Thousand Cuts","Dagger Throw+1","Distraction","Backflip+1","Madness","Madness+1","Backstab","Cloak And Dagger+1","Flying Knee","Panache","Impatience","Master of Strategy","Dodge and Roll","Accuracy","Blur","Well Laid Plans"],"relics":["Ring of the Serpent","Mummified Hand","Odd Mushroom","Potion Belt","Kunai","Bag of Marbles","Ice Cream","FaceOfCleric","Centennial Puzzle","Sozu","Art of War","Vajra"],"potions_floor_usage":[16,20,23,23,23,33,50,50],"damage_taken":[{"damage":2,"enemies":"Small Slimes","floor":1,"turns":4},{"damage":1,"enemies":"Cultist","floor":4,"turns":4},{"damage":2,"enemies":"2 Louse","floor":5,"turns":3},{"damage":24,"enemies":"The Mushroom Lair","floor":7,"turns":5},{"damage":10,"enemies":"Exordium Wildlife","floor":12,"turns":5},{"damage":6,"enemies":"Lots of Slimes","floor":13,"turns":5},{"damage":38,"enemies":"The Guardian","floor":16,"turns":19},{"damage":6,"enemies":"Shell Parasite","floor":18,"turns":7},{"damage":8,"enemies":"2 Thieves","floor":19,"turns":4},{"damage":9,"enemies":"3 Cultists","floor":20,"turns":6},{"damage":8,"enemies":"Snake Plant","floor":22,"turns":8},{"damage":16,"enemies":"Book of Stabbing","floor":23,"turns":7},{"damage":2,"enemies":"Shelled Parasite and Fungi","floor":25,"turns":5},{"damage":3,"enemies":"Champ","floor":33,"turns":26},{"damage":17,"enemies":"3 Darklings","floor":35,"turns":5},{"damage":0,"enemies":"3 Shapes","floor":36,"turns":4},{"damage":16,"enemies":"Reptomancer","floor":37,"turns":4},{"damage":9,"enemies":"Spire Growth","floor":39,"turns":5},{"damage":7,"enemies":"Maw","floor":41,"turns":10},{"damage":2,"enemies":"Transient","floor":44,"turns":5},{"damage":0,"enemies":"Sphere and 2 Shapes","floor":46,"turns":3},{"damage":0,"enemies":"Reptomancer","floor":47,"turns":4},{"damage":33,"enemies":"Donu and Deca","floor":50,"turns":10}],"seed_played":"-260885517009828463","potions_obtained":[{"floor":5,"key":"Dexterity Potion"},{"floor":12,"key":"Block Potion"},{"floor":16,"key":"PowerPotion"},{"floor":19,"key":"FearPotion"},{"floor":20,"key":"SpeedPotion"},{"floor":25,"key":"Block Potion"},{"floor":33,"key":"LiquidBronze"}],"is_trial":false,"path_per_floor":["M","?","?","M","M","R","?","R","T","R","?","M","M","$","R","B",null,"M","M","M","?","M","E","R","M","T","?","?","$","R","T","R","B",null,"M","M","M","?","M","R","M","R","T","M","?","M","M","$","R","B"],"character_chosen":"THE_SILENT","items_purchased":["Kunai","Distraction","Swift Potion","Flash of Steel","Underhanded Strike","Cloak And Dagger","Vajra","Blur","Well Laid Plans"],"campfire_rested":6,"item_purchase_floors":[14,14,14,29,29,29,48,48,48],"current_hp_per_floor":[68,68,54,53,51,70,46,46,46,46,46,36,30,30,51,13,70,64,56,47,47,39,23,44,42,42,42,42,42,42,42,63,61,71,55,56,41,32,24,46,40,40,40,39,29,30,31,31,54,22],"gold":2,"neow_bonus":"HUNDRED_GOLD","is_prod":false,"is_daily":false,"chose_seed":false,"campfire_upgraded":4,"win_rate":0,"timestamp":1538729393,"path_taken":["M","?","?","M","?","R","?","R","T","R","?","M","?","$","R","BOSS","M","M","M","?","M","E","R","M","T","?","?","$","R","?","R","BOSS","M","M","?","?","M","R","M","R","T","?","?","?","M","$","R","BOSS"],"build_version":"2018-10-04","purchased_purges":2,"victory":true,"max_hp_per_floor":[70,70,70,70,70,70,70,70,70,70,70,70,70,70,70,70,70,70,70,70,70,70,70,70,70,70,70,70,70,70,70,70,71,71,72,73,74,74,75,75,76,76,76,77,77,78,79,79,79,80],"card_choices":[{"not_picked":["Catalyst","Leg Sweep"],"picked":"Slice","floor":1},{"not_picked":["Bane","Dodge and Roll"],"picked":"Slice","floor":4},{"not_picked":["Leg Sweep","Outmaneuver"],"picked":"Slice","floor":5},{"not_picked":["Bane","Endless Agony"],"picked":"Dagger Throw","floor":7},{"not_picked":["Footwork","Crippling Poison"],"picked":"Backflip","floor":12},{"not_picked":["Dodge and Roll","Outmaneuver"],"picked":"Dash","floor":13},{"not_picked":["Grand Finale","Corpse Explosion"],"picked":"Adrenaline","floor":16},{"not_picked":["PiercingWail","Deadly Poison"],"picked":"Quick Slash","floor":18},{"not_picked":["Catalyst","Calculated Gamble"],"picked":"Acrobatics","floor":19},{"not_picked":["Leg Sweep","Finisher"],"picked":"Dagger Spray","floor":20},{"not_picked":["Deflect","Crippling Poison","Setup"],"picked":"SKIP","floor":22},{"not_picked":["Grand Finale","Night Terror"],"picked":"Slice","floor":23},{"not_picked":["Concentrate","Bane"],"picked":"Dagger Throw","floor":25},{"not_picked":["Burst","Malaise"],"picked":"A Thousand Cuts","floor":33},{"not_picked":["Underhanded Strike+1","Sucker Punch+1"],"picked":"Dagger Throw+1","floor":35},{"not_picked":["Underhanded Strike+1","Eviscerate"],"picked":"Distraction","floor":36},{"not_picked":["Acrobatics+1","Footwork"],"picked":"Backflip+1","floor":37},{"not_picked":["Deflect+1","Dodge and Roll"],"picked":"Backstab","floor":39},{"not_picked":["Flechettes+1","Caltrops+1"],"picked":"Cloak And Dagger+1","floor":41},{"not_picked":["Prepared+1","Poisoned Stab"],"picked":"Flying Knee","floor":44},{"not_picked":["Jack Of All Trades","Blind"],"picked":"Panache","floor":45},{"not_picked":["Mind Blast","Chrysalis"],"picked":"Impatience","floor":45},{"not_picked":["Metamorphosis","Swift Strike"],"picked":"Master of Strategy","floor":45},{"not_picked":["Outmaneuver","Flying Knee+1"],"picked":"Dodge and Roll","floor":46},{"not_picked":["Blade Dance","Underhanded Strike+1"],"picked":"Accuracy","floor":47}],"player_experience":293301,"relics_obtained":[{"floor":7,"key":"Odd Mushroom"},{"floor":9,"key":"Potion Belt"},{"floor":23,"key":"Bag of Marbles"},{"floor":26,"key":"Ice Cream"},{"floor":31,"key":"Centennial Puzzle"},{"floor":43,"key":"Art of War"}],"event_choices":[{"event_name":"Big Fish","player_choice":"Box","floor":2,"damage_taken":0},{"event_name":"Shining Light","player_choice":"Entered Light","floor":3,"damage_taken":0},{"event_name":"Mushrooms","player_choice":"Fought Mushrooms","floor":7,"damage_taken":0},{"event_name":"Liars Game","player_choice":"agreed","floor":11,"damage_taken":0},{"event_name":"The Joust","player_choice":"Bet on Murderer","floor":21,"damage_taken":0},{"event_name":"The Library","player_choice":"Read","floor":27,"damage_taken":0},{"event_name":"FaceTrader","player_choice":"Trade","floor":28,"damage_taken":0},{"event_name":"Winding Halls","player_choice":"Embrace Madness","floor":38,"damage_taken":0},{"event_name":"SensoryStone","player_choice":"Memory 3","floor":45,"damage_taken":0}],"is_beta":true,"boss_relics":[{"not_picked":["Cursed Key","Black Star"],"picked":"Ring of the Serpent"},{"not_picked":["Empty Cage","Philosopher\u0027s Stone"],"picked":"Sozu"}],"items_purged_floors":[14,29],"is_endless":false,"potions_floor_spawned":[5,12,16,19,20,25,33,36,44,47],"ascension_level":1}