{"gold_per_floor":[218,24,34,34,109,109,121,140,164,191,191,29,129,146,146,243,243,262,278,326,601,616,616,576,576,576,595,615,626,652,1,1,104,104,115,139,139,139,218,218,229,229,252,270,270,75,104,4,4,4],"floor_reached":51,"playtime":2222,"items_purged":["Strike_B","Strike_B"],"score":708,"play_id":"39fab0a7-1d48-4ee9-84d0-56744e3121ae","local_time":"20190408140017","is_ascension_mode":false,"campfire_choices":[{"data":"Defragment","floor":6,"key":"SMITH"},{"data":"Zap","floor":11,"key":"SMITH"},{"data":"Discovery","floor":15,"key":"SMITH"},{"data":"Discovery","floor":23,"key":"SMITH"},{"data":"Rainbow","floor":25,"key":"SMITH"},{"floor":32,"key":"REST"},{"data":"Blizzard","floor":40,"key":"SMITH"},{"data":"Coolheaded","floor":42,"key":"SMITH"},{"data":"Capacitor","floor":45,"key":"SMITH"},{"data":"Creative AI","floor":49,"key":"SMITH"}],"neow_cost":"NONE","seed_source_timestamp":8661250167827,"circlet_count":0,"master_deck":["Strike_B","Strike_B","Defend_B","Defend_B","Defend_B+1","Defend_B","Zap+1","Dualcast+1","Reinforced Body","Discovery+1","Glacier","Coolheaded+1","Defragment+1","Turbo","Echo Form","Discovery+1","Blizzard+1","Fusion+1","Rainbow+1","Hello World","Glacier","Hello World+1","Cold Snap","Capacitor+1","Electrodynamics","Hello World","Cold Snap","Coolheaded","Creative AI+1","Glacier+1","Discovery+1","Beam Cell+1"],"relics":["FrozenCore","Vajra","Boot","Omamori","Bottled Tornado","Orichalcum","Gremlin Horn","Toy Ornithopter","Sozu","Blood Vial","Matryoshka","DataDisk","Art of War","DollysMirror","Oddly Smooth Stone"],"potions_floor_usage":[30,30],"damage_taken":[{"damage":0,"enemies":"Jaw Worm","floor":1,"turns":4},{"damage":0,"enemies":"Small Slimes","floor":3,"turns":5},{"damage":0,"enemies":"Cultist","floor":7,"turns":4},{"damage":1,"enemies":"Blue Slaver","floor":8,"turns":4},{"damage":2,"enemies":"Exordium Thugs","floor":14,"turns":4},{"damage":13,"enemies":"The Guardian","floor":16,"turns":9},{"damage":6,"enemies":"3 Byrds","floor":18,"turns":3},{"damage":13,"enemies":"Chosen","floor":19,"turns":4},{"damage":0,"enemies":"Snecko","floor":22,"turns":5},{"damage":6,"enemies":"Cultist and Chosen","floor":27,"turns":6},{"damage":9,"enemies":"Chosen and Byrds","floor":28,"turns":7},{"damage":0,"enemies":"Centurion and Healer","floor":29,"turns":8},{"damage":7,"enemies":"Gremlin Leader","floor":30,"turns":7},{"damage":20,"enemies":"Automaton","floor":33,"turns":12},{"damage":8,"enemies":"3 Shapes","floor":35,"turns":5},{"damage":0,"enemies":"Orb Walker","floor":41,"turns":5},{"damage":9,"enemies":"4 Shapes","floor":44,"turns":3},{"damage":2,"enemies":"Nemesis","floor":47,"turns":7},{"damage":35,"enemies":"Awakened One","floor":50,"turns":11}],"seed_played":"8489101706949083363","potions_obtained":[{"floor":18,"key":"Explosive Potion"},{"floor":29,"key":"AttackPotion"}],"is_trial":false,"path_per_floor":["M","$","M","?","?","R","M","M","T","T","R","$","?","M","R","B",null,"M","M","T","?","M","R","?","R","T","M","M","M","E","$","R","B",null,"M","T","?","$","T","R","M","R","T","M","R","$","E","$","R","B",null],"character_chosen":"DEFECT","items_purchased":["Discovery","Glacier","Coolheaded","Discovery","Blizzard","Hello World","Cold Snap","Gremlin Horn","Coolheaded","Toy Ornithopter","DollysMirror"],"campfire_rested":1,"item_purchase_floors":[2,2,2,12,12,31,31,31,31,31,46],"current_hp_per_floor":[75,75,75,60,49,49,49,48,48,48,48,48,48,46,46,33,75,69,56,56,56,56,56,56,56,56,50,41,41,34,34,56,36,75,67,67,67,67,67,67,69,69,69,62,62,62,62,62,62,29],"gold":4,"neow_bonus":"HUNDRED_GOLD","is_prod":false,"is_daily":false,"chose_seed":false,"campfire_upgraded":9,"win_rate":0,"timestamp":1554753617,"path_taken":["M","$","M","?","?","R","M","M","T","?","R","$","?","M","R","BOSS","M","M","?","?","?","R","?","R","T","M","M","M","E","$","R","BOSS","M","?","?","$","?","R","M","R","T","M","R","?","E","$","R","BOSS"],"build_version":"2019-01-23","purchased_purges":2,"victory":true,"max_hp_per_floor":[75,75,75,75,75,75,75,75,75,75,75,75,75,75,75,75,75,75,75,75,75,75,75,75,75,75,75,75,75,75,75,75,75,75,75,75,71,71,71,71,71,71,71,71,71,71,71,71,71,71],"card_choices":[{"not_picked":["Steam","Double Energy"],"picked":"Reinforced Body","floor":1},{"not_picked":["Compile Driver","Stack"],"picked":"Defragment","floor":3},{"not_picked":["Leap","Stack"],"picked":"Turbo","floor":7},{"not_picked":["Turbo","Reinforced Body"],"picked":"Echo Form","floor":8},{"not_picked":["Streamline","Fusion","Turbo"],"picked":"SKIP","floor":14},{"not_picked":["Streamline","Turbo"],"picked":"Fusion","floor":14},{"not_picked":["Thunder Strike","Creative AI"],"picked":"Rainbow","floor":16},{"not_picked":["Barrage","Steam"],"picked":"Hello World","floor":18},{"not_picked":["White Noise","Skim+1"],"picked":"Glacier","floor":19},{"not_picked":["Sweeping Beam","Redo"],"picked":"Hello World","floor":22},{"not_picked":["Streamline","Sunder+1"],"picked":"Cold Snap","floor":27},{"not_picked":["Scrape+1","Force Field"],"picked":"Capacitor","floor":28},{"not_picked":["Streamline+1","Redo","Genetic Algorithm"],"picked":"SKIP","floor":29},{"not_picked":["Beam Cell","Cold Snap"],"picked":"Electrodynamics","floor":30},{"not_picked":["Machine Learning","Seek"],"picked":"Creative AI","floor":33},{"not_picked":["Reprogram+1","Conserve Battery"],"picked":"Glacier+1","floor":35},{"not_picked":["Fusion+1","Lockon","Rip and Tear"],"picked":"SKIP","floor":41},{"not_picked":["Redo","Loop","Steam"],"picked":"SKIP","floor":44},{"not_picked":["Steam","Redo+1"],"picked":"Beam Cell+1","floor":47}],"player_experience":1159857,"relics_obtained":[{"floor":9,"key":"Vajra"},{"floor":10,"key":"Boot"},{"floor":20,"key":"Omamori"},{"floor":26,"key":"Bottled Tornado"},{"floor":30,"key":"Orichalcum"},{"floor":36,"key":"Blood Vial"},{"floor":39,"key":"Matryoshka"},{"floor":43,"key":"DataDisk"},{"floor":43,"key":"Art of War"},{"floor":47,"key":"Oddly Smooth Stone"}],"event_choices":[{"damage_healed":0,"gold_gain":0,"player_choice":"Entered Light","damage_taken":15,"max_hp_gain":0,"max_hp_loss":0,"event_name":"Shining Light","floor":4,"gold_loss":0,"cards_upgraded":["Defend_B","Dualcast"]},{"damage_healed":0,"gold_gain":75,"player_choice":"Gather Gold","damage_taken":11,"max_hp_gain":0,"max_hp_loss":0,"event_name":"World of Goop","floor":5,"gold_loss":0},{"damage_healed":0,"gold_gain":100,"player_choice":"Pray","damage_taken":0,"max_hp_gain":0,"max_hp_loss":0,"event_name":"Golden Shrine","floor":13,"gold_loss":0},{"damage_healed":0,"gold_gain":275,"player_choice":"Desecrate","damage_taken":0,"max_hp_gain":0,"max_hp_loss":0,"event_name":"Golden Shrine","floor":21,"gold_loss":0,"cards_obtained":["Regret"]},{"damage_healed":0,"gold_gain":0,"player_choice":"Upgraded Two","damage_taken":0,"max_hp_gain":0,"max_hp_loss":0,"event_name":"Designer","floor":24,"gold_loss":40,"cards_upgraded":["Hello World","Fusion"]},{"damage_healed":0,"gold_gain":0,"player_choice":"Max HP","damage_taken":0,"max_hp_gain":0,"max_hp_loss":4,"event_name":"Winding Halls","floor":37,"gold_loss":0}],"is_beta":false,"boss_relics":[{"not_picked":["Black Star","Astrolabe"],"picked":"FrozenCore"},{"not_picked":["White Beast Statue","Calling Bell"],"picked":"Sozu"}],"items_purged_floors":[31,48],"is_endless":false,"potions_floor_spawned":[18,29,35,44],"ascension_level":0}