{"gold_per_floor":[15,28,48,48,62,95,125,125,148,148,181,181,197,233,233,353,353,372,388,2,2,2,46,46,67,135,171,191,191],"floor_reached":29,"playtime":2359,"items_purged":[],"score":673,"play_id":"239a99f3-d879-461c-9e68-d7b71840007d","local_time":"20190401154735","is_ascension_mode":true,"campfire_choices":[{"data":"Coolheaded","floor":12,"key":"SMITH"},{"data":"Creative AI","floor":15,"key":"SMITH"},{"data":"Self Repair","floor":24,"key":"SMITH"}],"neow_cost":"NO_GOLD","seed_source_timestamp":1439607449643876,"circlet_count":0,"master_deck":["AscendersBane","Defend_B+1","Defend_B","Defend_B+1","Defend_B+1","Zap+1","Dualcast","Ball Lightning","Streamline","Coolheaded+1","Buffer+1","Steam+1","Stack+1","Steam+1","Creative AI+1","Electrodynamics","Self Repair+1","Bite","Bite","Bite","Bite","Bite","Writhe","Coolheaded+1"],"relics":["Cracked Core","WingedGreaves","Toxic Egg 2","Bag of Marbles","Happy Flower","Golden Idol","War Paint","Blue Candle","Busted Crown","Gambling Chip","Pocketwatch","Ice Cream","Ancient Tea Set"],"potions_floor_usage":[7,16,29],"damage_taken":[{"damage":0,"enemies":"2 Louse","floor":1,"turns":2},{"damage":7,"enemies":"Jaw Worm","floor":2,"turns":3},{"damage":4,"enemies":"Small Slimes","floor":3,"turns":3},{"damage":1,"enemies":"Looter","floor":5,"turns":2},{"damage":12,"enemies":"Lagavulin","floor":6,"turns":7},{"damage":0,"enemies":"Gremlin Nob","floor":7,"turns":4},{"damage":0,"enemies":"Lagavulin","floor":11,"turns":6},{"damage":6,"enemies":"Red Slaver","floor":13,"turns":4},{"damage":0,"enemies":"Gremlin Nob","floor":14,"turns":4},{"damage":0,"enemies":"Slime Boss","floor":16,"turns":7},{"damage":0,"enemies":"Shell Parasite","floor":18,"turns":9},{"damage":0,"enemies":"Spheric Guardian","floor":19,"turns":4},{"damage":18,"enemies":"Gremlin Leader","floor":23,"turns":7},{"damage":0,"enemies":"Cultist and Chosen","floor":25,"turns":6},{"damage":20,"enemies":"Book of Stabbing","floor":27,"turns":6},{"damage":0,"enemies":"Snecko","floor":28,"turns":4},{"damage":52,"enemies":"Slavers","floor":29,"turns":4}],"seed_played":"1821888901357509307","potions_obtained":[{"floor":1,"key":"PowerPotion"},{"floor":2,"key":"Weak Potion"},{"floor":7,"key":"Weak Potion"},{"floor":19,"key":"Strength Potion"},{"floor":23,"key":"FocusPotion"}],"is_trial":false,"path_per_floor":["?","?","?","?","?"],"character_chosen":"DEFECT","items_purchased":["Gambling Chip","Self Repair"],"campfire_rested":0,"item_purchase_floors":[20,20],"current_hp_per_floor":[68,61,57,42,41,29,29,29,29,29,29,29,23,23,23,23,58,58,58,58,48,48,48,48,48,48,44,48,0],"gold":191,"neow_bonus":"ONE_RARE_RELIC","is_prod":false,"is_daily":false,"chose_seed":false,"campfire_upgraded":3,"win_rate":0,"timestamp":1554148055,"path_taken":["M","M","M","?","M","E","E","?","T","?","E","R","M","E","R","BOSS","M","M","$","?","?","E","R","M","T","E","M","E"],"build_version":"2019-01-23","purchased_purges":0,"victory":false,"max_hp_per_floor":[75,75,75,75,75,75,75,75,75,69,69,69,69,69,69,69,69,69,69,69,48,48,48,48,48,48,48,48,48],"card_choices":[{"not_picked":["Rebound","Reinforced Body"],"picked":"Ball Lightning","floor":1},{"not_picked":["Redo","Fusion"],"picked":"Streamline","floor":2},{"not_picked":["Stack","Conserve Battery"],"picked":"Coolheaded","floor":3},{"not_picked":["Gash","Leap"],"picked":"Buffer","floor":5},{"not_picked":["Sweeping Beam","Gash"],"picked":"Steam","floor":6},{"not_picked":["Redo+1","Beam Cell"],"picked":"Stack+1","floor":7},{"not_picked":["Sweeping Beam","Chaos+1","Turbo+1"],"picked":"SKIP","floor":11},{"not_picked":["Rebound","Barrage"],"picked":"Steam+1","floor":13},{"not_picked":["Sunder","Steam+1"],"picked":"Creative AI","floor":14},{"not_picked":["Biased Cognition","Amplify+1"],"picked":"Electrodynamics","floor":16},{"not_picked":["Reprogram+1"],"picked":"SKIP","floor":18},{"not_picked":["Gash"],"picked":"SKIP","floor":19},{"not_picked":["Barrage"],"picked":"SKIP","floor":23},{"not_picked":["Leap+1"],"picked":"SKIP","floor":25},{"not_picked":[],"picked":"Coolheaded+1","floor":27},{"not_picked":["Redo+1"],"picked":"SKIP","floor":28}],"player_experience":1374072,"relics_obtained":[{"floor":6,"key":"Toxic Egg 2"},{"floor":7,"key":"Bag of Marbles"},{"floor":9,"key":"Happy Flower"},{"floor":11,"key":"War Paint"},{"floor":14,"key":"Blue Candle"},{"floor":23,"key":"Ice Cream"},{"floor":27,"key":"Ancient Tea Set"}],"event_choices":[{"damage_healed":0,"gold_gain":0,"player_choice":"Entered Light","damage_taken":15,"max_hp_gain":0,"max_hp_loss":0,"event_name":"Shining Light","floor":4,"gold_loss":0,"cards_upgraded":["Zap","Defend_B"]},{"damage_healed":0,"gold_gain":0,"player_choice":"Grow","damage_taken":0,"max_hp_gain":0,"max_hp_loss":0,"event_name":"Living Wall","floor":8,"gold_loss":0,"cards_upgraded":["Buffer"]},{"damage_healed":0,"gold_gain":0,"player_choice":"Lose Max HP","damage_taken":0,"relics_obtained":["Golden Idol"],"max_hp_gain":0,"max_hp_loss":6,"event_name":"Golden Idol","floor":10,"gold_loss":0},{"damage_healed":0,"gold_gain":0,"player_choice":"Became a vampire","damage_taken":0,"max_hp_gain":0,"max_hp_loss":21,"event_name":"Vampires","floor":21,"gold_loss":0,"cards_obtained":["Bite","Bite","Bite","Bite","Bite"]},{"damage_healed":0,"gold_gain":0,"player_choice":"Opened","damage_taken":0,"relics_obtained":["Pocketwatch"],"max_hp_gain":0,"max_hp_loss":0,"event_name":"The Mausoleum","floor":22,"gold_loss":0,"cards_obtained":["Writhe"]}],"is_beta":false,"boss_relics":[{"not_picked":["Philosopher\u0027s Stone","Sozu"],"picked":"Busted Crown"}],"items_purged_floors":[],"is_endless":false,"potions_floor_spawned":[1,2,6,7,19,23,28],"killed_by":"Slavers","ascension_level":11}