{"gold_per_floor":[115,115,139,152,175,208,208,248,274,292,313,70,20,33,33,33],"floor_reached":16,"playtime":715,"items_purged":[],"score":134,"play_id":"bcb84c32-ad55-4539-8a9e-2c7c8a82b8e7","local_time":"20180915124551","is_ascension_mode":true,"campfire_choices":[{"floor":7,"key":"REST"},{"data":"Armaments","floor":15,"key":"SMITH"}],"neow_cost":"PERCENT_DAMAGE","seed_source_timestamp":154911891803306,"circlet_count":0,"master_deck":["Strike_R","Strike_R","Strike_R","Strike_R","Defend_R","Defend_R","Defend_R","Bash","Limit Break","Armaments+1","Metallicize","Power Through","Heavy Blade","Heavy Blade","Rage","Rage","Deep Breath","Armaments"],"relics":["Burning Blood","Golden Idol","Centennial Puzzle","Bottled Lightning","Bronze Scales","Art of War","Bag of Marbles"],"potions_floor_usage":[6,6,8],"damage_taken":[{"damage":8,"enemies":"Jaw Worm","floor":1,"turns":6},{"damage":0,"enemies":"Cultist","floor":4,"turns":4},{"damage":6,"enemies":"2 Louse","floor":5,"turns":3},{"damage":26,"enemies":"3 Sentries","floor":6,"turns":12},{"damage":13,"enemies":"Gremlin Nob","floor":8,"turns":6},{"damage":13,"enemies":"Blue Slaver","floor":10,"turns":4},{"damage":9,"enemies":"3 Louse","floor":11,"turns":3},{"damage":4,"enemies":"2 Fungi Beasts","floor":14,"turns":3},{"damage":59,"enemies":"The Guardian","floor":16,"turns":17}],"seed_played":"2317249447251175110","potions_obtained":[{"floor":4,"key":"Explosive Potion"},{"floor":5,"key":"BloodPotion"},{"floor":6,"key":"EssenceOfSteel"}],"is_trial":false,"path_per_floor":["M","?","T","M","M","E","R","E","T","M","M","$","?","M","R"],"character_chosen":"IRONCLAD","items_purchased":["Bag of Marbles","Deep Breath"],"campfire_rested":1,"item_purchase_floors":[12,12],"current_hp_per_floor":[54,54,54,60,60,48,72,65,65,58,55,55,55,57,57,0],"gold":33,"neow_bonus":"TRANSFORM_TWO_CARDS","is_prod":false,"is_daily":false,"chose_seed":false,"campfire_upgraded":1,"win_rate":0,"timestamp":1537037151,"path_taken":["M","?","?","?","M","E","R","E","T","M","M","$","?","M","R","BOSS"],"build_version":"2018-09-06","purchased_purges":0,"victory":false,"max_hp_per_floor":[80,80,80,80,80,80,80,80,80,80,80,80,80,80,80,80],"card_choices":[{"not_picked":["Warcry","Havoc"],"picked":"Metallicize","floor":1},{"not_picked":["Body Slam","Clash"],"picked":"Power Through","floor":4},{"not_picked":["True Grit","Dark Embrace","Combust"],"picked":"SKIP","floor":5},{"not_picked":["Thunderclap","Warcry"],"picked":"Heavy Blade","floor":6},{"not_picked":["Thunderclap","Sentinel"],"picked":"Heavy Blade","floor":8},{"not_picked":["Flame Barrier","True Grit"],"picked":"Rage","floor":10},{"not_picked":["Heavy Blade","Ghostly Armor"],"picked":"Rage","floor":11},{"not_picked":["Sword Boomerang","Shockwave"],"picked":"Armaments","floor":14}],"player_experience":524451,"relics_obtained":[{"floor":3,"key":"Centennial Puzzle"},{"floor":6,"key":"Bottled Lightning"},{"floor":8,"key":"Bronze Scales"},{"floor":9,"key":"Art of War"}],"event_choices":[{"event_name":"Golden Idol","player_choice":"Take Wound","floor":2,"damage_taken":0},{"event_name":"The Cleric","player_choice":"Card Removal","floor":13,"damage_taken":0}],"is_beta":false,"boss_relics":[],"items_purged_floors":[],"is_endless":false,"potions_floor_spawned":[4,5,6],"killed_by":"The Guardian","ascension_level":4}