{"gold_per_floor":[109,59,59,75,93,118,118,118,191,206,267,267,302,327,327,452,452,470,395,414,414,128,128,171,171,171,190,225,101,136,149,149,280,280,293,309,327,350,375,375,419,432,432,432,456,489,489,507,507,507],"floor_reached":51,"playtime":3126,"items_purged":["Strike_R","Defend_R"],"score":829,"play_id":"4f2fa2af-1753-4287-a7dd-c31844133833","local_time":"20190411001021","is_ascension_mode":false,"campfire_choices":[{"data":"Whirlwind","floor":12,"key":"SMITH"},{"data":"Carnage","floor":15,"key":"SMITH"},{"data":"Shockwave","floor":23,"key":"SMITH"},{"data":"Limit Break","floor":25,"key":"SMITH"},{"data":"Clothesline","floor":32,"key":"SMITH"},{"data":"Immolate","floor":40,"key":"SMITH"},{"data":"Bash","floor":44,"key":"SMITH"},{"data":"Armaments","floor":49,"key":"SMITH"}],"neow_cost":"NONE","seed_source_timestamp":23310185707000,"circlet_count":0,"master_deck":["Strike_R","Defend_R","Defend_R","Defend_R","Bash+1","Whirlwind+1","Carnage+1","Inflame","Anger","Headbutt","Shockwave+1","True Grit","Limit Break+1","Sword Boomerang+1","Ghostly Armor","RitualDagger","Impervious","Clothesline+1","Spot Weakness","Pommel Strike+1","Armaments+1","Immolate+1","Shrug It Off+1","Exhume","Shrug It Off","Heavy Blade+1","Parasite","Anger+1","Shrug It Off","Offering","Shockwave+1","Warcry+1"],"relics":["Burning Blood","Orichalcum","Peace Pipe","Golden Idol","Mercury Hourglass","Blood Vial","Oddly Smooth Stone","Velvet Choker","Shuriken","Pantograph","Regal Pillow","PreservedInsect","Black Star","Lantern","Bag of Preparation","Mummified Hand","Gambling Chip","Ginger"],"potions_floor_usage":[6,6,28,30,33,38,41,50,50],"damage_taken":[{"damage":6,"enemies":"2 Louse","floor":1,"turns":3},{"damage":0,"enemies":"Small Slimes","floor":4,"turns":3},{"damage":1,"enemies":"Jaw Worm","floor":5,"turns":3},{"damage":13,"enemies":"Lagavulin","floor":6,"turns":5},{"damage":4,"enemies":"Looter","floor":10,"turns":2},{"damage":8,"enemies":"Gremlin Nob","floor":11,"turns":3},{"damage":8,"enemies":"Gremlin Nob","floor":13,"turns":3},{"damage":0,"enemies":"Exordium Wildlife","floor":14,"turns":2},{"damage":27,"enemies":"Slime Boss","floor":16,"turns":9},{"damage":0,"enemies":"3 Byrds","floor":18,"turns":2},{"damage":1,"enemies":"Shell Parasite","floor":20,"turns":2},{"damage":0,"enemies":"Gremlin Leader","floor":24,"turns":5},{"damage":5,"enemies":"Chosen and Byrds","floor":27,"turns":4},{"damage":12,"enemies":"Book of Stabbing","floor":28,"turns":5},{"damage":8,"enemies":"Gremlin Leader","floor":30,"turns":5},{"damage":0,"enemies":"Centurion and Healer","floor":31,"turns":4},{"damage":11,"enemies":"Collector","floor":33,"turns":7},{"damage":1,"enemies":"3 Darklings","floor":35,"turns":3},{"damage":7,"enemies":"Orb Walker","floor":36,"turns":4},{"damage":15,"enemies":"Writhing Mass","floor":37,"turns":7},{"damage":7,"enemies":"Sphere and 2 Shapes","floor":38,"turns":4},{"damage":12,"enemies":"Maw","floor":39,"turns":8},{"damage":16,"enemies":"Reptomancer","floor":41,"turns":4},{"damage":1,"enemies":"4 Shapes","floor":42,"turns":3},{"damage":0,"enemies":"Spire Growth","floor":45,"turns":2},{"damage":6,"enemies":"Giant Head","floor":46,"turns":5},{"damage":8,"enemies":"Maw","floor":48,"turns":6},{"damage":21,"enemies":"Awakened One","floor":50,"turns":9}],"seed_played":"-2740705336504810696","potions_obtained":[{"floor":0,"key":"AttackPotion"},{"floor":0,"key":"EssenceOfSteel"},{"floor":0,"key":"Block Potion"},{"floor":5,"key":"EssenceOfSteel"},{"floor":6,"key":"SpeedPotion"},{"floor":11,"key":"Weak Potion"},{"floor":13,"key":"Dexterity Potion"},{"floor":28,"key":"SkillPotion"},{"floor":30,"key":"LiquidBronze"},{"floor":36,"key":"Energy Potion"},{"floor":37,"key":"AttackPotion"},{"floor":38,"key":"EssenceOfSteel"}],"is_trial":false,"path_per_floor":["M","?","?","M","M","E","?","$","T","M","?","R","E","M","R","B",null,"M","?","M","?","$","R","E","R","T","M","E","$","E","M","R","B",null,"M","M","M","M","M","R","E","M","T","R","M","E","?","M","R","B",null],"character_chosen":"IRONCLAD","items_purchased":["Impervious","Clothesline","Armaments"],"campfire_rested":0,"item_purchase_floors":[22,22,29],"current_hp_per_floor":[80,80,77,80,80,73,53,53,53,55,55,55,55,63,63,44,80,80,80,80,74,74,74,80,80,80,80,74,74,74,80,80,75,80,80,79,71,72,68,68,60,67,67,67,75,77,77,77,77,65],"gold":507,"neow_bonus":"THREE_SMALL_POTIONS","is_prod":false,"is_daily":false,"chose_seed":false,"campfire_upgraded":8,"win_rate":1,"timestamp":1554966621,"path_taken":["M","?","?","M","M","E","?","$","T","M","?","R","E","M","R","BOSS","M","?","M","?","$","R","E","R","T","M","E","$","E","M","R","BOSS","M","M","M","M","M","R","E","M","T","R","M","E","?","M","R","BOSS"],"build_version":"2019-01-23","purchased_purges":2,"victory":true,"max_hp_per_floor":[80,80,80,80,80,80,80,80,80,80,80,80,80,80,80,80,80,80,80,80,80,80,80,80,80,80,80,80,80,80,80,80,80,80,80,80,80,80,80,80,80,80,80,80,80,80,80,80,80,80],"card_choices":[{"not_picked":["Havoc","Pummel"],"picked":"Whirlwind","floor":1},{"not_picked":["Intimidate","Offering"],"picked":"Carnage","floor":4},{"not_picked":["Headbutt","Iron Wave"],"picked":"Inflame","floor":5},{"not_picked":["Thunderclap","Rage"],"picked":"Anger","floor":6},{"not_picked":["Thunderclap","Warcry","Perfected Strike"],"picked":"SKIP","floor":10},{"not_picked":["Brutality","Second Wind"],"picked":"Headbutt","floor":11},{"not_picked":["Metallicize","Sentinel"],"picked":"Shockwave","floor":13},{"not_picked":["Sword Boomerang","Wild Strike"],"picked":"True Grit","floor":14},{"not_picked":["Immolate","Dark Embrace"],"picked":"Limit Break","floor":16},{"not_picked":["Anger","Burning Pact+1"],"picked":"Sword Boomerang+1","floor":18},{"not_picked":["Pommel Strike","Clash+1"],"picked":"Ghostly Armor","floor":20},{"not_picked":["Searing Blow","Whirlwind"],"picked":"Spot Weakness","floor":24},{"not_picked":["Heavy Blade","Sword Boomerang","Rampage"],"picked":"SKIP","floor":27},{"not_picked":["Clothesline+1","Body Slam"],"picked":"Pommel Strike+1","floor":28},{"not_picked":["Sword Boomerang","Body Slam"],"picked":"Immolate","floor":30},{"not_picked":["Warcry","Body Slam"],"picked":"Shrug It Off+1","floor":31},{"not_picked":["Juggernaut","Limit Break"],"picked":"Exhume","floor":33},{"not_picked":["Clothesline+1","Reckless Charge+1"],"picked":"Shrug It Off","floor":35},{"not_picked":["Sword Boomerang+1","Body Slam+1"],"picked":"Heavy Blade+1","floor":36},{"not_picked":["Armaments","Flex"],"picked":"Anger+1","floor":37},{"not_picked":["Infernal Blade","Pommel Strike+1","Thunderclap"],"picked":"SKIP","floor":38},{"not_picked":["Pommel Strike+1","Shrug It Off","Anger"],"picked":"SKIP","floor":39},{"not_picked":["Pommel Strike+1","Anger"],"picked":"Shrug It Off","floor":39},{"not_picked":["Cleave+1","Seeing Red","Thunderclap"],"picked":"SKIP","floor":41},{"not_picked":["Wild Strike","Headbutt+1","Evolve"],"picked":"SKIP","floor":42},{"not_picked":["Thunderclap+1","Rampage+1"],"picked":"Offering","floor":45},{"not_picked":["Pummel","Battle Trance"],"picked":"Shockwave+1","floor":46},{"not_picked":["Headbutt+1","Cleave+1"],"picked":"Warcry+1","floor":48}],"player_experience":279406,"relics_obtained":[{"floor":6,"key":"Peace Pipe"},{"floor":9,"key":"Mercury Hourglass"},{"floor":13,"key":"Oddly Smooth Stone"},{"floor":24,"key":"Shuriken"},{"floor":26,"key":"Pantograph"},{"floor":28,"key":"Regal Pillow"},{"floor":30,"key":"PreservedInsect"},{"floor":41,"key":"Lantern"},{"floor":41,"key":"Bag of Preparation"},{"floor":43,"key":"Mummified Hand"},{"floor":46,"key":"Gambling Chip"},{"floor":46,"key":"Ginger"}],"event_choices":[{"cards_removed":["Strike_R"],"damage_healed":0,"gold_gain":0,"player_choice":"Card Removal","damage_taken":0,"max_hp_gain":0,"max_hp_loss":0,"event_name":"The Cleric","floor":2,"gold_loss":50},{"damage_healed":0,"gold_gain":0,"player_choice":"Success","damage_taken":3,"relics_obtained":["Orichalcum"],"max_hp_gain":0,"max_hp_loss":0,"event_name":"Scrap Ooze","floor":3,"gold_loss":0},{"damage_healed":0,"gold_gain":0,"player_choice":"Take Damage","damage_taken":20,"relics_obtained":["Golden Idol"],"max_hp_gain":0,"max_hp_loss":0,"event_name":"Golden Idol","floor":7,"gold_loss":0},{"damage_healed":0,"gold_gain":30,"player_choice":"Searched \u00273\u0027 times","damage_taken":0,"relics_obtained":["Blood Vial"],"max_hp_gain":0,"max_hp_loss":0,"event_name":"Dead Adventurer","floor":11,"gold_loss":0},{"cards_removed":["Strike_R"],"damage_healed":0,"gold_gain":0,"player_choice":"Gave Gold","damage_taken":0,"max_hp_gain":0,"max_hp_loss":0,"event_name":"Beggar","floor":19,"gold_loss":75},{"damage_healed":0,"gold_gain":0,"player_choice":"Joined the Cult","damage_taken":6,"max_hp_gain":0,"max_hp_loss":0,"event_name":"Nest","floor":21,"gold_loss":0,"cards_obtained":["RitualDagger"]},{"cards_removed":["Strike_R"],"damage_healed":0,"gold_gain":0,"player_choice":"Purged","damage_taken":0,"max_hp_gain":0,"max_hp_loss":0,"event_name":"Purifier","floor":47,"gold_loss":0}],"is_beta":false,"boss_relics":[{"not_picked":["Orrery","Black Blood"],"picked":"Velvet Choker"},{"not_picked":["Calling Bell","Runic Pyramid"],"picked":"Black Star"}],"items_purged_floors":[22,29],"is_endless":false,"potions_floor_spawned":[5,6,11,13,28,30,36,37,38],"ascension_level":0}