{"gold_per_floor":[116,116,132,149,167,167,26,37,37,51,64,79,79,105,105,204,204,219,232,84,97,12,12,32,32,32,50,50,64,64,83,83,181,181,194,207,21,36,36,36],"floor_reached":40,"playtime":2004,"items_purged":[],"score":446,"play_id":"501a9b70-2a48-429b-a87f-6a0c904477ce","local_time":"20180729171259","is_ascension_mode":false,"campfire_choices":[{"data":"Searing Blow","floor":6,"key":"SMITH"},{"floor":15,"key":"REST"},{"data":"Searing Blow+1","floor":23,"key":"SMITH"},{"floor":30,"key":"REST"},{"floor":32,"key":"REST"}],"neow_cost":"NONE","seed_source_timestamp":255409405707324,"circlet_count":0,"master_deck":["Strike_R","Strike_R","Strike_R","Strike_R","Strike_R","Defend_R","Defend_R","Defend_R","Defend_R","Perfected Strike","Anger","Anger","Warcry","Searing Blow+2","Reaper","Inflame","Anger","Warcry+1","Pommel Strike","Demon Form","Impervious+1","Evolve","Anger","Good Instincts+1","Heavy Blade","Whirlwind","Anger+1","Infernal Blade+1","Battle Trance+1","Exhume+1","Heavy Blade+1","Shrug It Off+1","Apotheosis+1","Warcry+1","Writhe"],"relics":["Black Blood","Toxic Egg 2","Mercury Hourglass","Eternal Feather","Kunai","Nloth\u0027s Gift","Vajra"],"potions_floor_usage":[],"damage_taken":[{"damage":11,"enemies":"Jaw Worm","floor":1,"turns":2},{"damage":0,"enemies":"Cultist","floor":3,"turns":4},{"damage":0,"enemies":"Small Slimes","floor":4,"turns":2},{"damage":3,"enemies":"2 Fungi Beasts","floor":5,"turns":4},{"damage":6,"enemies":"Red Slaver","floor":8,"turns":3},{"damage":7,"enemies":"Blue Slaver","floor":10,"turns":3},{"damage":10,"enemies":"Looter","floor":11,"turns":2},{"damage":17,"enemies":"3 Louse","floor":12,"turns":3},{"damage":6,"enemies":"Gremlin Nob","floor":14,"turns":3},{"damage":73,"enemies":"The Guardian","floor":16,"turns":10},{"damage":20,"enemies":"3 Byrds","floor":18,"turns":5},{"damage":32,"enemies":"Chosen","floor":19,"turns":6},{"damage":21,"enemies":"Snecko","floor":21,"turns":6},{"damage":14,"enemies":"Cultist and Chosen","floor":24,"turns":6},{"damage":37,"enemies":"Centurion and Healer","floor":27,"turns":7},{"damage":40,"enemies":"Slaver and Parasite","floor":29,"turns":6},{"damage":24,"enemies":"Snecko","floor":31,"turns":4},{"damage":75,"enemies":"Collector","floor":33,"turns":11},{"damage":44,"enemies":"3 Darklings","floor":35,"turns":4},{"damage":68,"enemies":"Flame Bruiser 1 Orb","floor":36,"turns":5},{"damage":36,"enemies":"Spire Growth","floor":38,"turns":4},{"damage":43,"enemies":"2 Orb Walkers","floor":40,"turns":2}],"seed_played":"1871419996112879502","potions_obtained":[{"floor":4,"key":"FearPotion"},{"floor":10,"key":"BloodPotion"},{"floor":11,"key":"FearPotion"},{"floor":14,"key":"FairyPotion"}],"is_trial":false,"path_per_floor":["M","?","M","M","M","R","$","M","T","M","M","M","?","E","R","B",null,"M","M","$","M","?","R","M","?","T","M","?","M","R","M","R","B",null,"M","M","$","M","?"],"character_chosen":"IRONCLAD","items_purchased":["Reaper","Anger","Good Instincts+1","Apotheosis+1"],"campfire_rested":3,"item_purchase_floors":[7,20,20,37],"current_hp_per_floor":[75,75,80,80,80,80,80,80,80,80,76,75,50,56,80,25,80,69,53,53,44,44,59,63,63,63,49,49,21,60,42,80,22,80,53,22,22,18,38,0],"gold":36,"neow_bonus":"THREE_CARDS","is_prod":false,"is_daily":false,"chose_seed":false,"campfire_upgraded":2,"win_rate":0.0,"timestamp":1532905979,"path_taken":["M","?","M","M","M","R","$","M","T","M","M","?","?","E","R","BOSS","M","M","$","M","?","R","M","?","T","M","?","?","R","M","R","BOSS","M","M","$","M","?","E"],"build_version":"2018-07-26","purchased_purges":0,"victory":false,"max_hp_per_floor":[80,80,80,80,80,80,80,80,80,80,80,80,80,80,80,80,80,80,80,80,80,80,80,80,80,80,80,80,80,80,80,80,80,80,80,80,80,80,80,80],"card_choices":[{"not_picked":["Thunderclap","Pommel Strike"],"picked":"Perfected Strike","floor":0},{"not_picked":["Headbutt","Disarm"],"picked":"Anger","floor":1},{"not_picked":["Pommel Strike","Warcry"],"picked":"Anger","floor":3},{"not_picked":["Feel No Pain","Shrug It Off"],"picked":"Warcry","floor":4},{"not_picked":["Armaments","Blood for Blood"],"picked":"Searing Blow","floor":5},{"not_picked":["Sentinel","Clothesline"],"picked":"Inflame","floor":8},{"not_picked":["Cleave","Sword Boomerang"],"picked":"Anger","floor":10},{"not_picked":["Shrug It Off+1","Disarm+1"],"picked":"Warcry+1","floor":11},{"not_picked":["Shockwave+1","Clash"],"picked":"Pommel Strike","floor":12},{"not_picked":["Seeing Red+1","Burning Pact+1"],"picked":"Demon Form","floor":14},{"not_picked":["Demon Form","Juggernaut"],"picked":"Impervious+1","floor":16},{"not_picked":["Power Through+1","Sever Soul","Hemokinesis"],"picked":"SKIP","floor":18},{"not_picked":["Havoc+1","True Grit+1"],"picked":"Evolve","floor":19},{"not_picked":["Flex+1","Body Slam"],"picked":"Heavy Blade","floor":21},{"not_picked":["Clash","Evolve"],"picked":"Whirlwind","floor":24},{"not_picked":["Perfected Strike","Body Slam+1"],"picked":"Anger+1","floor":27},{"not_picked":["Perfected Strike","Havoc+1"],"picked":"Infernal Blade+1","floor":29},{"not_picked":["Feel No Pain","Perfected Strike"],"picked":"Battle Trance+1","floor":31},{"not_picked":["Offering+1","Barricade"],"picked":"Exhume+1","floor":33},{"not_picked":["Uppercut","Reckless Charge"],"picked":"Heavy Blade+1","floor":35},{"not_picked":["Headbutt+1","Body Slam+1"],"picked":"Shrug It Off+1","floor":36},{"not_picked":["Fiend Fire","Twin Strike"],"picked":"Warcry+1","floor":38}],"player_experience":72829,"relics_obtained":[{"floor":9,"key":"Toxic Egg 2"},{"floor":14,"key":"Bottled Lightning"},{"floor":26,"key":"Vajra"}],"event_choices":[{"event_name":"Bonfire Elementals","player_choice":"BASIC","floor":2,"damage_taken":0},{"event_name":"Scrap Ooze","player_choice":"success","floor":13,"damage_taken":25},{"event_name":"Addict","player_choice":"Obtained Relic","floor":22,"damage_taken":0},{"event_name":"N\u0027loth","player_choice":"Traded a Bottled Lightning","floor":25,"damage_taken":0},{"event_name":"Beggar","player_choice":"Ignored","floor":28,"damage_taken":0},{"event_name":"Winding Halls","player_choice":"Writhe","floor":39,"damage_taken":0}],"is_beta":false,"boss_relics":[{"not_picked":["Coffee Dripper","Empty Cage"],"picked":"Eternal Feather"},{"not_picked":["White Beast Statue","Mark of Pain"],"picked":"Black Blood"}],"items_purged_floors":[],"is_endless":false,"potions_floor_spawned":[4,10,11,12,14,18,29,31,36],"killed_by":"2 Orb Walkers","ascension_level":0}