{"path_per_floor":["M","M","$","M","M","R","E","R","T","M","?","M","M","T","R","B",null,"M","M","?","$","M","E","M","?","T","R","M","M","R","?","R","B",null,"M","?","M","M","M","E","T","?","T","$","R","M","R","M","R","B"],"character_chosen":"IRONCLAD","items_purchased":["Mummified Hand","Inflame","Medical Kit","Combust","Flex"],"gold_per_floor":[114,129,54,69,84,84,114,114,139,154,104,119,134,134,134,234,234,249,264,164,64,79,109,124,124,149,149,164,179,179,179,179,279,279,294,294,309,324,339,369,369,619,644,17,17,32,32,47,47,47],"floor_reached":51,"campfire_rested":0,"playtime":2603,"current_hp_per_floor":[83,86,86,77,79,79,93,93,93,99,99,99,102,102,102,93,102,93,88,88,88,90,77,76,55,55,55,57,70,70,70,70,44,110,96,96,103,97,90,81,81,81,81,81,81,101,101,101,101,91],"items_purged":["Juggernaut","Demon Form","Regret"],"gold":47,"score":853,"play_id":"88631098-7462-4bd3-941a-6e8d67a0e3af","local_time":"20180416005911","daily_mods":["Shiny","Time Dilation","Uncertain Future"],"is_prod":false,"is_daily":true,"chose_seed":false,"is_ascension_mode":false,"campfire_upgraded":9,"timestamp":1523854751,"path_taken":["M","M","$","M","M","R","E","R","T","M","?","?","M","?","R","BOSS","M","M","?","$","M","E","M","?","T","R","M","M","R","?","R","BOSS","M","?","M","M","M","E","?","?","T","$","R","M","R","M","R","BOSS"],"build_version":"2018-04-13","seed_source_timestamp":0,"purchased_purges":3,"victory":true,"master_deck":["Double Tap+1","Bludgeon+1","Impervious","Feed","Brutality","Reaper","Exhume+1","Barricade+1","Offering+1","Fiend Fire+1","Dark Embrace+1","Immolate","Battle Trance","Warcry","Battle Trance","Whirlwind+1","Intimidate","Impervious","Ghostly Armor+1","J.A.X.","Body Slam+1","Entrench+1","Warcry+1","Flex+1","Brutality+1","Feel No Pain+1","Reckless Charge+1","Inflame+1","Combust+1","Flex","Warcry+1"],"max_hp_per_floor":[83,86,86,86,86,86,99,99,99,99,99,99,102,102,102,102,102,102,105,105,105,105,105,105,110,110,110,110,110,110,110,110,110,110,113,113,113,116,119,119,119,119,119,119,119,119,119,119,119,119],"relics":["Burning Blood","Strawberry","Oddly Smooth Stone","Mercury Hourglass","Black Star","Molten Egg 2","Frozen Egg 2","Juzu Bracelet","Mark of Pain","The Courier","Bottled Lightning","Letter Opener","Ancient Tea Set","Mummified Hand","Medical Kit"],"card_choices":[{"not_picked":["Flame Barrier","Reckless Charge"],"picked":"Battle Trance","floor":1},{"not_picked":["Searing Blow","Reckless Charge"],"picked":"Warcry","floor":5},{"not_picked":["Uppercut","Clash"],"picked":"Battle Trance","floor":7},{"not_picked":["Uppercut","Carnage"],"picked":"Warcry","floor":10},{"not_picked":["Sentinel","Combust"],"picked":"Whirlwind","floor":12},{"not_picked":["Cleave","Metallicize"],"picked":"Intimidate","floor":13},{"not_picked":["Demon Form","Limit Break"],"picked":"Impervious","floor":16},{"not_picked":["Pommel Strike","Intimidate"],"picked":"Ghostly Armor","floor":19},{"not_picked":["Rage","Perfected Strike"],"picked":"Body Slam","floor":22},{"not_picked":["Twin Strike","Clothesline"],"picked":"Entrench","floor":23},{"not_picked":["Armaments","Body Slam"],"picked":"Warcry","floor":24},{"not_picked":["Blood for Blood","Hemokinesis"],"picked":"Flex","floor":29},{"not_picked":["Juggernaut","Berserk"],"picked":"Brutality","floor":33},{"not_picked":["Clothesline","Flex"],"picked":"Feel No Pain","floor":35},{"not_picked":["Armaments","Heavy Blade"],"picked":"Reckless Charge","floor":38},{"not_picked":["Anger","Battle Trance"],"picked":"Warcry","floor":48}],"player_experience":96330,"potions_floor_usage":[12,16,19,24,29,35],"damage_taken":[{"damage":4,"enemies":"Cultist","floor":1,"turns":2},{"damage":9,"enemies":"Small Slimes","floor":2,"turns":2},{"damage":15,"enemies":"Jaw Worm","floor":4,"turns":3},{"damage":4,"enemies":"2 Fungi Beasts","floor":5,"turns":1},{"damage":16,"enemies":"3 Sentries","floor":7,"turns":5},{"damage":0,"enemies":"Looter","floor":10,"turns":1},{"damage":4,"enemies":"Blue Slaver","floor":12,"turns":2},{"damage":0,"enemies":"3 Louse","floor":13,"turns":1},{"damage":15,"enemies":"The Guardian","floor":16,"turns":5},{"damage":15,"enemies":"Spheric Guardian","floor":18,"turns":3},{"damage":14,"enemies":"Shell Parasite","floor":19,"turns":3},{"damage":4,"enemies":"Centurion and Healer","floor":22,"turns":2},{"damage":19,"enemies":"Book of Stabbing","floor":23,"turns":2},{"damage":7,"enemies":"Chosen and Byrds","floor":24,"turns":2},{"damage":11,"enemies":"Snake Plant","floor":28,"turns":3},{"damage":15,"enemies":"Slaver and Parasite","floor":29,"turns":3},{"damage":32,"enemies":"Automaton","floor":33,"turns":4},{"damage":42,"enemies":"3 Shapes","floor":35,"turns":4},{"damage":4,"enemies":"Orb Walker","floor":37,"turns":2},{"damage":26,"enemies":"Sphere and 2 Shapes","floor":38,"turns":3},{"damage":16,"enemies":"4 Shapes","floor":39,"turns":1},{"damage":15,"enemies":"Giant Head","floor":40,"turns":3},{"damage":4,"enemies":"Flame Bruiser 2 Orb","floor":46,"turns":1},{"damage":6,"enemies":"Maw","floor":48,"turns":2},{"damage":16,"enemies":"Time Eater","floor":50,"turns":4}],"event_choices":[{"event_name":"The Cleric","player_choice":"Card Removal","floor":11,"damage_taken":0},{"event_name":"Drug Dealer","player_choice":"Got JAXXED","floor":20,"damage_taken":0},{"event_name":"Forgotten Altar","player_choice":"Shed Blood","floor":25,"damage_taken":0},{"event_name":"Back to Basics","player_choice":"Elegance","floor":31,"damage_taken":0},{"event_name":"Golden Shrine","player_choice":"Desecrate","floor":42,"damage_taken":0}],"boss_relics":[{"not_picked":["Tiny House","White Beast Statue"],"picked":"Black Star"},{"not_picked":["Snecko Eye","Orrery"],"picked":"Mark of Pain"}],"potions_floor_spawned":[1,2,7,12,13,18,19,33,37,39,40,46],"seed_played":"-1844585125611022648","ascension_level":0,"is_trial":false}