{"gold_per_floor":[115,190,210,184,195,195,210,210,291,309,309,320,320,352,352,450,450,466,486,505,430,441,476,476,502,576,587,587,587,79,91,91,189,189],"floor_reached":34,"playtime":1656,"items_purged":["Defend_R","Strike_R"],"score":419,"play_id":"0858e3af-2ab7-46f1-9e63-4d55b7511740","local_time":"20190210164037","is_ascension_mode":false,"campfire_choices":[{"data":"1","floor":6,"key":"LIFT"},{"data":"2","floor":8,"key":"LIFT"},{"data":"3","floor":13,"key":"LIFT"},{"data":"Limit Break","floor":15,"key":"SMITH"},{"data":"Limit Break","floor":24,"key":"SMITH"},{"floor":32,"key":"REST"}],"neow_cost":"PERCENT_DAMAGE","seed_source_timestamp":273152343061118,"circlet_count":0,"master_deck":["Strike_R","Strike_R","Strike_R","Strike_R","Defend_R","Defend_R","Anger","Pommel Strike","Pommel Strike","Iron Wave","Limit Break+1","Headbutt","Clash","Metallicize","Limit Break+1","Twin Strike+1","Sword Boomerang+1","Iron Wave","Warcry+1","Battle Trance","Shrug It Off+1","Flash of Steel","Inflame","Anger+1","Double Tap"],"relics":["Burning Blood","Girya","Question Card","Centennial Puzzle","Empty Cage","Meat on the Bone","Smiling Mask","Sundial","Vajra","Lantern","Runic Cube"],"potions_floor_usage":[10,12,19,25,31,33],"damage_taken":[{"damage":6,"enemies":"Jaw Worm","floor":1,"turns":3},{"damage":0,"enemies":"2 Louse","floor":3,"turns":3},{"damage":1,"enemies":"Cultist","floor":5,"turns":3},{"damage":10,"enemies":"Looter","floor":7,"turns":2},{"damage":1,"enemies":"3 Louse","floor":10,"turns":2},{"damage":8,"enemies":"Exordium Thugs","floor":12,"turns":3},{"damage":13,"enemies":"3 Sentries","floor":14,"turns":5},{"damage":34,"enemies":"Hexaghost","floor":16,"turns":6},{"damage":7,"enemies":"Chosen","floor":18,"turns":4},{"damage":12,"enemies":"Shell Parasite","floor":19,"turns":2},{"damage":17,"enemies":"Centurion and Healer","floor":20,"turns":4},{"damage":10,"enemies":"Cultist and Chosen","floor":22,"turns":2},{"damage":0,"enemies":"Gremlin Leader","floor":23,"turns":4},{"damage":32,"enemies":"Slavers","floor":25,"turns":4},{"damage":9,"enemies":"3 Cultists","floor":27,"turns":3},{"damage":25,"enemies":"Shelled Parasite and Fungi","floor":31,"turns":3},{"damage":33,"enemies":"Champ","floor":33,"turns":5}],"seed_played":"-5648090715973090627","potions_obtained":[{"floor":3,"key":"FearPotion"},{"floor":5,"key":"GamblersBrew"},{"floor":7,"key":"Fire Potion"},{"floor":11,"key":"Fruit Juice"},{"floor":11,"key":"SmokeBomb"},{"floor":14,"key":"GamblersBrew"},{"floor":22,"key":"Weak Potion"},{"floor":25,"key":"Dexterity Potion"},{"floor":33,"key":"Regen Potion"}],"is_trial":false,"path_per_floor":["?","?","M","?","?"],"character_chosen":"IRONCLAD","items_purchased":["Pommel Strike","Flash of Steel","Vajra","Lantern","Inflame"],"campfire_rested":1,"item_purchase_floors":[4,30,30,30,30],"current_hp_per_floor":[56,45,51,51,56,56,52,52,52,57,57,60,60,53,53,25,85,84,78,67,67,63,69,69,55,55,52,36,36,36,29,56,41,90],"gold":189,"neow_bonus":"ONE_RARE_RELIC","is_prod":false,"is_daily":false,"chose_seed":false,"campfire_upgraded":2,"win_rate":0,"timestamp":1549834837,"path_taken":["M","?","M","$","M","R","M","R","T","M","?","?","R","E","R","BOSS","M","M","M","$","M","E","R","E","T","M","?","?","$","M","R","BOSS"],"build_version":"2019-01-23","purchased_purges":2,"victory":false,"max_hp_per_floor":[80,80,80,80,80,80,80,80,80,80,80,85,85,85,85,85,85,85,85,85,85,85,85,85,85,85,85,90,90,90,90,90,90,90],"card_choices":[{"not_picked":["Thunderclap","Perfected Strike"],"picked":"Anger","floor":1},{"not_picked":["Uppercut","Entrench"],"picked":"Pommel Strike","floor":3},{"not_picked":["Armaments","Heavy Blade"],"picked":"Iron Wave","floor":5},{"not_picked":["Body Slam","Thunderclap"],"picked":"Limit Break","floor":7},{"not_picked":["Thunderclap","Disarm","Clothesline"],"picked":"Headbutt","floor":10},{"not_picked":["Sever Soul","Dual Wield","Anger"],"picked":"Clash","floor":12},{"not_picked":["Sword Boomerang","True Grit","Feel No Pain"],"picked":"Metallicize","floor":14},{"not_picked":["Reaper","Exhume","Double Tap"],"picked":"Limit Break","floor":16},{"not_picked":["Searing Blow","True Grit","Perfected Strike"],"picked":"Twin Strike+1","floor":18},{"not_picked":["Entrench","Rampage","Clothesline"],"picked":"Sword Boomerang+1","floor":19},{"not_picked":["Shrug It Off","Clothesline","Combust"],"picked":"Iron Wave","floor":20},{"not_picked":["Perfected Strike","Reaper","Sever Soul"],"picked":"Warcry+1","floor":22},{"not_picked":["Spot Weakness","Thunderclap","Sentinel","Iron Wave"],"picked":"SKIP","floor":23},{"not_picked":["Fiend Fire","Perfected Strike+1","Searing Blow"],"picked":"Battle Trance","floor":25},{"not_picked":["Havoc+1","Bloodletting","Second Wind"],"picked":"Shrug It Off+1","floor":27},{"not_picked":["Shrug It Off","Heavy Blade+1","Pummel"],"picked":"Anger+1","floor":31},{"not_picked":["Demon Form","Juggernaut","Berserk"],"picked":"Double Tap","floor":33}],"player_experience":385084,"relics_obtained":[{"floor":9,"key":"Question Card"},{"floor":14,"key":"Centennial Puzzle"},{"floor":23,"key":"Meat on the Bone"},{"floor":25,"key":"Smiling Mask"},{"floor":26,"key":"Sundial"}],"event_choices":[{"damage_healed":0,"gold_gain":75,"player_choice":"Gather Gold","damage_taken":11,"max_hp_gain":0,"max_hp_loss":0,"event_name":"World of Goop","floor":2,"gold_loss":0},{"damage_healed":0,"gold_gain":0,"player_choice":"Got Potions","damage_taken":0,"max_hp_gain":0,"max_hp_loss":0,"event_name":"Lab","floor":11,"gold_loss":0},{"damage_healed":0,"gold_gain":0,"player_choice":"Shed Blood","damage_taken":21,"max_hp_gain":5,"max_hp_loss":0,"event_name":"Forgotten Altar","floor":28,"gold_loss":0},{"damage_healed":0,"gold_gain":0,"player_choice":"Bought 0 Potions","damage_taken":0,"max_hp_gain":0,"max_hp_loss":0,"event_name":"The Woman in Blue","floor":29,"gold_loss":0}],"is_beta":false,"boss_relics":[{"not_picked":["Black Blood","Runic Dome"],"picked":"Empty Cage"},{"not_picked":["Fusion Hammer","Eternal Feather"],"picked":"Runic Cube"}],"items_purged_floors":[21,30],"is_endless":false,"potions_floor_spawned":[3,5,7,14,22,25,27,33],"ascension_level":0}