{"gold_per_floor":[215,215,225,151,170,170,205,222,248,263,293,293,293,9,9,9],"floor_reached":16,"playtime":813,"items_purged":[],"score":182,"play_id":"4aacf17c-2c9b-49da-9488-6a3437969b1b","local_time":"20190318175655","is_ascension_mode":true,"campfire_choices":[{"data":"Neutralize","floor":6.0,"key":"SMITH"},{"floor":15.0,"key":"REST"}],"neow_cost":"NONE","seed_source_timestamp":416070958631700,"circlet_count":0,"master_deck":["AscendersBane","Defend_G","Defend_G+1","Defend_G","Defend_G+1","Defend_G","Strike_G","Strike_G","Strike_G","Strike_G","Survivor","Neutralize+1","Well Laid Plans","Choke","Footwork","Predator","Dodge and Roll","Crippling Poison","Corpse Explosion"],"special_seed":0,"relics":["Ring of the Snake","Blood Vial","War Paint","Art of War","Meat on the Bone","Membership Card"],"potions_floor_usage":[],"damage_taken":[{"damage":0.0,"enemies":"2 Louse","floor":1.0,"turns":3.0},{"damage":6.0,"enemies":"Small Slimes","floor":3.0,"turns":4.0},{"damage":0.0,"enemies":"Jaw Worm","floor":5.0,"turns":6.0},{"damage":24.0,"enemies":"3 Sentries","floor":7.0,"turns":11.0},{"damage":4.0,"enemies":"Looter","floor":8.0,"turns":4.0},{"damage":0.0,"enemies":"Blue Slaver","floor":10.0,"turns":5.0},{"damage":26.0,"enemies":"Lagavulin","floor":11.0,"turns":7.0},{"damage":29,"enemies":"Slime Boss","floor":16,"turns":11}],"seed_played":"-376487171199989471","potions_obtained":[{"floor":1.0,"key":"Strength Potion"},{"floor":5.0,"key":"AttackPotion"},{"floor":7.0,"key":"Block Potion"}],"is_trial":false,"path_per_floor":["M","?","M","$","M","R","E","M","T","M","E","?","T","$","R","B"],"character_chosen":"THE_SILENT","items_purchased":["Footwork","Membership Card","Corpse Explosion"],"campfire_rested":1,"item_purchase_floors":[4,14,14],"current_hp_per_floor":[63,68,62,62,62,62,38,36,36,38,14,7,7,7,29,2],"gold":9,"neow_bonus":"HUNDRED_GOLD","is_prod":false,"is_daily":false,"chose_seed":false,"campfire_upgraded":1,"win_rate":0,"timestamp":1552957015,"path_taken":["M","?","M","$","M","R","E","M","T","M","E","?","?","$","R","BOSS"],"build_version":"2019-01-23","purchased_purges":0,"victory":false,"max_hp_per_floor":[70,75,75,75,75,75,75,75,75,75,75,75,75,75,75,75],"card_choices":[{"not_picked":["Crippling Poison","Quick Slash"],"picked":"Well Laid Plans","floor":1.0},{"not_picked":["Well Laid Plans","Sucker Punch"],"picked":"Choke","floor":3.0},{"not_picked":["Setup","Finisher","Blade Dance"],"picked":"SKIP","floor":5.0},{"not_picked":["Heel Hook","Crippling Poison","Poisoned Stab"],"picked":"SKIP","floor":7.0},{"not_picked":["Deflect","Terror"],"picked":"Predator","floor":8.0},{"not_picked":["Reflex","Prepared"],"picked":"Dodge and Roll","floor":10.0},{"not_picked":["Backstab","Slice"],"picked":"Crippling Poison","floor":11.0}],"player_experience":419332,"relics_obtained":[{"floor":7.0,"key":"Blood Vial"},{"floor":9.0,"key":"War Paint"},{"floor":11.0,"key":"Art of War"},{"floor":13.0,"key":"Meat on the Bone"}],"event_choices":[{"damage_healed":0.0,"max_hp_gain":5.0,"max_hp_loss":0.0,"gold_gain":0.0,"event_name":"Big Fish","player_choice":"Donut","floor":2.0,"gold_loss":0.0,"damage_taken":0.0},{"cards_removed":["Strike_G"],"damage_healed":0.0,"max_hp_gain":0.0,"max_hp_loss":0.0,"gold_gain":0.0,"event_name":"Golden Wing","player_choice":"Card Removal","floor":12.0,"gold_loss":0.0,"damage_taken":7.0}],"is_beta":false,"boss_relics":[],"items_purged_floors":[],"is_endless":false,"potions_floor_spawned":[1,5,7],"killed_by":"Slime Boss","ascension_level":13}