{"gold_per_floor":[118,134,150,115,85,120,120,152,177,177,207,207,52,70,70,173,173,186,186,186,39,39,69,89,100,100,100,113,123,123,141,141,141],"floor_reached":33,"playtime":1967,"items_purged":[],"score":290,"play_id":"ecf6dfbe-0dd3-4e85-8995-4fa45ea36f0f","local_time":"20180731015936","is_ascension_mode":false,"campfire_choices":[{"data":"Rampage","floor":7,"key":"SMITH"},{"data":"Double Tap","floor":10,"key":"SMITH"},{"floor":12,"key":"REST"},{"floor":15,"key":"REST"},{"data":"Madness","floor":27,"key":"SMITH"},{"floor":32,"key":"REST"}],"neow_cost":"NONE","seed_source_timestamp":373445508968186,"circlet_count":0,"master_deck":["Defend_R+1","Defend_R+1","Defend_R","Defend_R","Bash","Double Tap+1","Rampage+1","Twin Strike","Iron Wave","Anger","Metallicize","Inflame","Madness+1","Armaments","Shrug It Off","Feed","RitualDagger","Bite","Bite","Bite","Bite","Bite","Armaments","Good Instincts","Twin Strike","Intimidate+1","Flame Barrier","Warcry+1","Metallicize","Headbutt+1"],"relics":["Burning Blood","Bag of Marbles","Anchor","Bronze Scales","War Paint","Eternal Feather","Red Mask","Paper Frog"],"potions_floor_usage":[6,8,8,11,11,16,24,25,33],"damage_taken":[{"damage":11,"enemies":"Small Slimes","floor":1,"turns":5},{"damage":10,"enemies":"Jaw Worm","floor":2,"turns":4},{"damage":9,"enemies":"2 Louse","floor":3,"turns":3},{"damage":26,"enemies":"3 Sentries","floor":6,"turns":8},{"damage":5,"enemies":"Gremlin Nob","floor":8,"turns":3},{"damage":25,"enemies":"Lagavulin","floor":11,"turns":4},{"damage":22,"enemies":"Gremlin Gang","floor":14,"turns":5},{"damage":25,"enemies":"Slime Boss","floor":16,"turns":7},{"damage":11,"enemies":"3 Byrds","floor":18,"turns":4},{"damage":57,"floor":23,"turns":6},{"damage":25,"enemies":"2 Thieves","floor":24,"turns":5},{"damage":30,"enemies":"Centurion and Healer","floor":25,"turns":9},{"damage":31,"enemies":"3 Cultists","floor":28,"turns":7},{"damage":15,"enemies":"Snake Plant","floor":29,"turns":4},{"damage":26,"enemies":"Snecko","floor":31,"turns":9},{"damage":75,"enemies":"Collector","floor":33,"turns":5}],"seed_played":"5646572333057323378","potions_obtained":[{"floor":1,"key":"SkillPotion"},{"floor":5,"key":"Swift Potion"},{"floor":5,"key":"FearPotion"},{"floor":6,"key":"Weak Potion"},{"floor":8,"key":"Poison Potion"},{"floor":11,"key":"Strength Potion"},{"floor":23,"key":"Regen Potion"},{"floor":24,"key":"SkillPotion"},{"floor":28,"key":"Ancient Potion"}],"is_trial":false,"path_per_floor":["M","M","M","?","?","E","R","E","T","R","E","R","$","M","R","B",null,"M","?","?","$","?","?","M","M","T","R","M","M","?","M","R"],"character_chosen":"IRONCLAD","items_purchased":["Madness","Armaments","Armaments","Good Instincts"],"campfire_rested":3,"item_purchase_floors":[13,13,21,21],"current_hp_per_floor":[75,71,68,68,68,48,48,49,49,49,30,54,54,38,62,43,80,78,72,58,58,58,19,27,26,26,41,23,22,22,12,50,0],"gold":141,"neow_bonus":"ONE_RANDOM_RARE_CARD","is_prod":false,"is_daily":false,"chose_seed":false,"campfire_upgraded":3,"win_rate":0,"timestamp":1533023976,"path_taken":["M","M","M","?","?","E","R","E","T","R","E","R","$","M","R","BOSS","M","?","?","$","?","?","M","M","T","R","?","M","?","M","R","BOSS"],"build_version":"2018-07-26","purchased_purges":0,"victory":false,"max_hp_per_floor":[80,80,80,80,80,80,80,80,80,80,80,80,80,80,80,80,80,83,83,58,58,58,62,65,65,65,65,68,68,68,68,68,68],"card_choices":[{"not_picked":["Dual Wield","Headbutt"],"picked":"Rampage","floor":1},{"not_picked":["Second Wind","Havoc"],"picked":"Twin Strike","floor":2},{"not_picked":["Power Through","Sever Soul"],"picked":"Iron Wave","floor":3},{"not_picked":["Clash","Reckless Charge"],"picked":"Anger","floor":6},{"not_picked":["Perfected Strike","Power Through"],"picked":"Metallicize","floor":8},{"not_picked":["Wild Strike","Battle Trance"],"picked":"Inflame","floor":11},{"not_picked":["Body Slam","Twin Strike"],"picked":"Shrug It Off","floor":14},{"not_picked":["Exhume","Dark Embrace"],"picked":"Feed","floor":16},{"not_picked":["Warcry","Power Through","Clash"],"picked":"SKIP","floor":18},{"not_picked":["Headbutt+1","Perfected Strike+1"],"picked":"Twin Strike","floor":23},{"not_picked":["Hemokinesis+1","Perfected Strike"],"picked":"Intimidate+1","floor":24},{"not_picked":["Wild Strike","True Grit"],"picked":"Flame Barrier","floor":25},{"not_picked":["Sever Soul+1","Dropkick"],"picked":"Warcry+1","floor":28},{"not_picked":["Shrug It Off","Rupture"],"picked":"Metallicize","floor":29},{"not_picked":["Combust","Clothesline"],"picked":"Headbutt+1","floor":31}],"player_experience":121487,"relics_obtained":[{"floor":6,"key":"Bag of Marbles"},{"floor":8,"key":"Anchor"},{"floor":9,"key":"Bronze Scales"},{"floor":11,"key":"War Paint"},{"floor":23,"key":"Red Mask"},{"floor":26,"key":"Paper Frog"}],"event_choices":[{"event_name":"World of Goop","player_choice":"Left","floor":4,"damage_taken":0},{"event_name":"The Woman in Blue","player_choice":"Bought 2 Potions","floor":5,"damage_taken":0},{"event_name":"Nest","player_choice":"Joined the Cult","floor":19,"damage_taken":0},{"event_name":"Vampires","player_choice":"Became a vampire","floor":20,"damage_taken":0},{"event_name":"Drug Dealer","player_choice":"Ignored","floor":22,"damage_taken":0},{"event_name":"Masked Bandits","player_choice":"Fought over 39 gold","floor":23,"damage_taken":0},{"event_name":"Cursed Tome","player_choice":"Ignored","floor":30,"damage_taken":0}],"is_beta":false,"boss_relics":[{"not_picked":["Tiny House","Runic Dome"],"picked":"Eternal Feather"}],"items_purged_floors":[],"is_endless":false,"potions_floor_spawned":[1,6,8,11,23,24,28],"killed_by":"Collector","ascension_level":0}