{"gold_per_floor":[116,131,131,144,161,189,201,241,280,292,319,49,61,88,88,189,189,200,200,200,44,44,44,126,158,158,193,213,213,32,48,48,152,152,170,170,445,395,412,437,437,454,481,509,172,183,195,73,73,73],"floor_reached":51,"playtime":2596,"items_purged":["Strike_B","Regret","Defend_B","Strike_B"],"score":949,"play_id":"96174ffd-45f2-4796-852d-24f8a91ae207","local_time":"20190117224721","is_ascension_mode":true,"campfire_choices":[{"data":"Dualcast","floor":7,"key":"SMITH"},{"data":"Zap","floor":10,"key":"SMITH"},{"data":"Steam","floor":15,"key":"SMITH"},{"data":"Hologram","floor":23,"key":"SMITH"},{"data":"Seek","floor":29,"key":"SMITH"},{"floor":32,"key":"REST"},{"data":"Double Energy","floor":41,"key":"SMITH"},{"data":"Hologram","floor":49,"key":"SMITH"}],"neow_cost":"NONE","seed_source_timestamp":434423684958875,"circlet_count":0,"master_deck":["Strike_B+1","Defend_B","Zap+1","Dualcast+1","Ball Lightning","Self Repair","Hologram+1","FTL+1","Leap","Seek+1","Hologram+1","Steam+1","Core Surge","Coolheaded","Leap","Electrodynamics","Rebound","Conserve Battery","Machine Learning","Static Discharge","Turbo","Double Energy+1","Core Surge","Double Energy+1","Streamline+1","Compile Driver","White Noise","Storm"],"relics":["Cracked Core","MawBank","PreservedInsect","Centennial Puzzle","Strawberry","Inserter","Nilry\u0027s Codex","DataDisk","Letter Opener","Bronze Scales","Singing Bowl","Smiling Mask","Art of War","Eternal Feather","Emotion Chip","Whetstone","Darkstone Periapt","Frozen Eye"],"potions_floor_usage":[6,31,40,42,50,50,50],"damage_taken":[{"damage":0,"enemies":"Cultist","floor":1,"turns":2},{"damage":8,"enemies":"2 Louse","floor":2,"turns":3},{"damage":0,"enemies":"Small Slimes","floor":4,"turns":2},{"damage":7,"enemies":"Looter","floor":5,"turns":4},{"damage":12,"enemies":"Lagavulin","floor":6,"turns":5},{"damage":31,"enemies":"Gremlin Nob","floor":8,"turns":4},{"damage":7,"enemies":"Lots of Slimes","floor":11,"turns":3},{"damage":7,"enemies":"2 Fungi Beasts","floor":13,"turns":2},{"damage":4,"enemies":"Lagavulin","floor":14,"turns":4},{"damage":40,"enemies":"Slime Boss","floor":16,"turns":10},{"damage":11,"enemies":"Shell Parasite","floor":18,"turns":6},{"damage":0,"enemies":"Gremlin Leader","floor":25,"turns":4},{"damage":20,"enemies":"Slavers","floor":27,"turns":2},{"damage":16,"enemies":"3 Byrds","floor":28,"turns":3},{"damage":18,"enemies":"Snake Plant","floor":31,"turns":3},{"damage":46,"enemies":"Collector","floor":33,"turns":9},{"damage":3,"enemies":"Orb Walker","floor":35,"turns":3},{"damage":9,"enemies":"3 Shapes","floor":39,"turns":3},{"damage":31,"enemies":"Reptomancer","floor":40,"turns":4},{"damage":28,"enemies":"3 Darklings","floor":42,"turns":3},{"damage":13,"enemies":"Nemesis","floor":44,"turns":7},{"damage":7,"enemies":"Transient","floor":46,"turns":5},{"damage":2,"enemies":"4 Shapes","floor":47,"turns":3},{"damage":30,"enemies":"Donu and Deca","floor":50,"turns":4}],"seed_played":"1978044478049597221","potions_obtained":[{"floor":2,"key":"Weak Potion"},{"floor":5,"key":"Energy Potion"},{"floor":6,"key":"LiquidBronze"},{"floor":8,"key":"Weak Potion"},{"floor":25,"key":"Regen Potion"},{"floor":31,"key":"Poison Potion"},{"floor":33,"key":"Regen Potion"},{"floor":44,"key":"LiquidBronze"}],"is_trial":false,"path_per_floor":["M","M","?","M","M","E","R","E","T","R","M","$","M","E","R","B",null,"M","?","?","$","?","R","T","E","T","E","M","R","$","M","R","B",null,"M","?","?","$","M","E","R","M","T","E","$","M","M","$","R","B",null],"character_chosen":"DEFECT","items_purchased":["Steam","Core Surge","DataDisk","Art of War","Double Energy","Compile Driver","FocusPotion","Frozen Eye","Storm"],"campfire_rested":1,"item_purchase_floors":[12,12,21,30,30,45,45,45,48],"current_hp_per_floor":[82,74,74,81,81,76,76,52,52,52,45,45,45,55,55,22,89,85,69,69,69,69,69,69,69,69,49,42,42,42,35,62,23,93,95,95,95,95,93,69,84,63,63,59,59,59,66,66,81,58],"gold":73,"neow_bonus":"TEN_PERCENT_HP_BONUS","is_prod":false,"is_daily":false,"chose_seed":false,"campfire_upgraded":7,"win_rate":0,"timestamp":1547794041,"path_taken":["M","?","?","M","M","E","R","E","T","R","?","$","M","E","R","BOSS","M","?","?","$","?","R","?","E","T","E","M","R","$","?","R","BOSS","M","?","?","$","M","E","R","?","T","E","?","M","M","$","R","BOSS"],"build_version":"2019-01-17","purchased_purges":4,"victory":true,"max_hp_per_floor":[82,82,82,82,82,82,82,82,82,82,82,82,82,89,89,89,89,89,89,89,89,89,89,89,89,89,89,91,91,91,93,93,93,93,95,95,95,95,95,95,95,97,97,99,99,99,101,101,101,101],"card_choices":[{"not_picked":["Redo","Sweeping Beam"],"picked":"Ball Lightning","floor":1},{"not_picked":["Barrage","Stack"],"picked":"Self Repair","floor":2},{"not_picked":["Rebound","Gash"],"picked":"Hologram","floor":4},{"not_picked":["Amplify","Cold Snap"],"picked":"FTL","floor":5},{"not_picked":["Chill","Hologram"],"picked":"Leap","floor":6},{"not_picked":["Go for the Eyes","Rip and Tear"],"picked":"Seek","floor":8},{"not_picked":["Force Field","Stack"],"picked":"Hologram","floor":11},{"not_picked":["Storm","Undo"],"picked":"Coolheaded","floor":13},{"not_picked":["Beam Cell","Stack"],"picked":"Leap","floor":14},{"not_picked":["Hyperbeam","Machine Learning"],"picked":"Electrodynamics","floor":16},{"not_picked":["Ball Lightning","BootSequence"],"picked":"Rebound","floor":18},{"not_picked":["Gash","Heatsinks"],"picked":"Go for the Eyes","floor":25},{"not_picked":["Gash","Tempest"],"picked":"Turbo","floor":27},{"not_picked":["Fusion","Skim","Coolheaded"],"picked":"Singing Bowl","floor":28},{"not_picked":["Steam","Coolheaded+1","Stack"],"picked":"Singing Bowl","floor":31},{"not_picked":["Meteor Strike","Fission"],"picked":"Core Surge","floor":33},{"not_picked":["Rip and Tear","Rebound","Beam Cell+1"],"picked":"Singing Bowl","floor":35},{"not_picked":["Streamline+1","Redo"],"picked":"Double Energy+1","floor":39},{"not_picked":["Gash+1","Scrape"],"picked":"Streamline+1","floor":40},{"not_picked":["Hologram","Chill","Cold Snap"],"picked":"Singing Bowl","floor":42},{"not_picked":["Conserve Battery","Stack+1","Core Surge"],"picked":"Singing Bowl","floor":44},{"not_picked":["Compile Driver+1","Sweeping Beam+1"],"picked":"White Noise","floor":46},{"not_picked":["Cold Snap+1","Reboot","Hologram+1"],"picked":"Singing Bowl","floor":47}],"player_experience":244689,"relics_obtained":[{"floor":6,"key":"MawBank"},{"floor":8,"key":"PreservedInsect"},{"floor":9,"key":"Centennial Puzzle"},{"floor":14,"key":"Strawberry"},{"floor":19,"key":"Nilry\u0027s Codex"},{"floor":24,"key":"Letter Opener"},{"floor":25,"key":"Bronze Scales"},{"floor":26,"key":"Singing Bowl"},{"floor":27,"key":"Smiling Mask"},{"floor":40,"key":"Emotion Chip"},{"floor":43,"key":"Whetstone"},{"floor":44,"key":"Darkstone Periapt"}],"event_choices":[{"cards_removed":["Strike_B"],"damage_healed":0,"gold_gain":0,"player_choice":"Offered Basic","damage_taken":0,"max_hp_gain":0,"max_hp_loss":0,"event_name":"Bonfire Elementals","floor":3,"gold_loss":0},{"damage_healed":0,"gold_gain":0,"player_choice":"Obtained Book","damage_taken":16,"max_hp_gain":0,"max_hp_loss":0,"event_name":"Cursed Tome","floor":19,"gold_loss":0},{"damage_healed":0,"gold_gain":0,"player_choice":"Read","damage_taken":0,"max_hp_gain":0,"max_hp_loss":0,"event_name":"The Library","floor":20,"gold_loss":0,"cards_obtained":["Conserve Battery"]},{"damage_healed":0,"gold_gain":0,"cards_transformed":["Defend_B","Defend_B"],"player_choice":"Became Test Subject","damage_taken":0,"max_hp_gain":0,"max_hp_loss":0,"event_name":"Drug Dealer","floor":22,"gold_loss":0,"cards_obtained":["Machine Learning","Static Discharge"]},{"cards_removed":["Go for the Eyes"],"damage_healed":0,"gold_gain":0,"player_choice":"Removed Attack","damage_taken":0,"max_hp_gain":0,"max_hp_loss":0,"event_name":"Falling","floor":36,"gold_loss":0},{"damage_healed":0,"gold_gain":275,"player_choice":"Desecrate","damage_taken":0,"max_hp_gain":0,"max_hp_loss":0,"event_name":"Golden Shrine","floor":37,"gold_loss":0,"cards_obtained":["Regret"]}],"is_beta":false,"boss_relics":[{"not_picked":["Calling Bell","Lizard Tail"],"picked":"Inserter"},{"not_picked":["Runic Pyramid","Snecko Eye"],"picked":"Eternal Feather"}],"items_purged_floors":[12,38,45,48],"is_endless":false,"potions_floor_spawned":[2,5,6,8,14,16,25,27,31,33,44,47],"ascension_level":3}