{"gold_per_floor":[114,114,128,148,148,173,173,185,185,185,197,74,74,91,91,196,196,213,213,240,339,327,327,327,327,327,354,370,370,370,385,385,385],"floor_reached":33,"playtime":1804,"items_purged":[],"score":427,"play_id":"debf8de9-7cc0-4c04-8f62-0b4f522c41dd","local_time":"20181017163106","is_ascension_mode":true,"campfire_choices":[{"floor":7,"key":"REST"},{"floor":10,"key":"REST"},{"data":"Adrenaline","floor":15,"key":"SMITH"},{"data":"Reflex","floor":23,"key":"SMITH"},{"floor":25,"key":"REST"},{"floor":29,"key":"REST"},{"floor":32,"key":"REST"}],"neow_cost":"PERCENT_DAMAGE","seed_source_timestamp":7486348903240,"circlet_count":0,"master_deck":["Defend_G","Defend_G","Defend_G","Defend_G","Defend_G","Strike_G","Strike_G","Survivor","Neutralize","AscendersBane","Adrenaline+1","Skewer","Footwork","Cloak And Dagger","Footwork","Dodge and Roll","Blade Dance","Blur","Cloak And Dagger","Parasite","Blade Dance","A Thousand Cuts","Acrobatics","Eviscerate","Cloak And Dagger","Reflex+1","Venomology","Terror","Escape Plan"],"relics":["Ring of the Snake","Pocketwatch","Peace Pipe","HoveringKite","Centennial Puzzle","Matryoshka","Bottled Flame"],"potions_floor_usage":[6,16,27,28,28,30,30,33],"damage_taken":[{"damage":0,"enemies":"2 Louse","floor":1,"turns":4},{"damage":1,"enemies":"Cultist","floor":3,"turns":4},{"damage":0,"enemies":"Small Slimes","floor":4,"turns":4},{"damage":41,"enemies":"Lagavulin","floor":6,"turns":6},{"damage":37,"enemies":"Gremlin Gang","floor":8,"turns":8},{"damage":0,"enemies":"2 Fungi Beasts","floor":11,"turns":4},{"damage":0,"enemies":"Blue Slaver","floor":14,"turns":5},{"damage":47,"enemies":"Slime Boss","floor":16,"turns":27},{"damage":2,"enemies":"Shell Parasite","floor":18,"turns":9},{"damage":20,"enemies":"2 Thieves","floor":22,"turns":4},{"damage":24,"enemies":"Slavers","floor":27,"turns":11},{"damage":13,"enemies":"Centurion and Healer","floor":28,"turns":14},{"damage":3,"enemies":"Cultist and Chosen","floor":30,"turns":2},{"damage":8,"enemies":"Shelled Parasite and Fungi","floor":31,"turns":8},{"damage":62,"enemies":"Automaton","floor":33,"turns":12}],"seed_played":"-892715458849250429","potions_obtained":[{"floor":4,"key":"FearPotion"},{"floor":14,"key":"Explosive Potion"},{"floor":16,"key":"EssenceOfSteel"},{"floor":22,"key":"Dexterity Potion"},{"floor":28,"key":"Regen Potion"}],"is_trial":false,"path_per_floor":["M","?","M","M","?","E","R","M","T","R","M","$","?","M","R","B",null,"M","?","T","?","M","R","?","R","T","E","M","R","M","M","R"],"character_chosen":"THE_SILENT","items_purchased":["Blur","Cloak And Dagger"],"campfire_rested":5,"item_purchase_floors":[12,12],"current_hp_per_floor":[45,45,44,44,67,26,47,10,10,31,31,31,48,48,48,1,53,51,51,51,51,31,31,18,40,40,16,3,25,27,19,41,0],"gold":385,"neow_bonus":"THREE_RARE_CARDS","is_prod":false,"is_daily":false,"chose_seed":false,"campfire_upgraded":2,"win_rate":0,"timestamp":1539808266,"path_taken":["M","?","M","?","?","E","R","M","T","R","M","$","?","M","R","BOSS","M","?","?","?","M","R","?","R","T","E","?","R","M","M","R","BOSS"],"build_version":"2018-10-17","purchased_purges":0,"victory":false,"max_hp_per_floor":[70,70,70,70,70,70,70,70,70,70,70,70,70,70,70,70,70,70,70,70,70,70,70,75,75,75,75,75,75,75,75,75,75],"card_choices":[{"not_picked":["Bullet Time","Night Terror"],"picked":"Adrenaline","floor":0},{"not_picked":["Outmaneuver","Predator"],"picked":"Skewer","floor":1},{"not_picked":["Deflect","Escape Plan"],"picked":"Footwork","floor":3},{"not_picked":["Blade Dance","PiercingWail"],"picked":"Cloak And Dagger","floor":4},{"not_picked":["Cloak And Dagger","Deadly Poison"],"picked":"Footwork","floor":6},{"not_picked":["Deadly Poison","Envenom"],"picked":"Dodge and Roll","floor":8},{"not_picked":["Infinite Blades","All Out Attack"],"picked":"Blade Dance","floor":11},{"not_picked":["Quick Slash","Poisoned Stab"],"picked":"Blade Dance","floor":14},{"not_picked":["Tools of the Trade","Doppelganger"],"picked":"A Thousand Cuts","floor":16},{"not_picked":["Slice","Prepared"],"picked":"Acrobatics","floor":18},{"not_picked":["Sucker Punch+1","Leg Sweep"],"picked":"Reflex","floor":22},{"not_picked":["Escape Plan","Heel Hook+1"],"picked":"Venomology","floor":27},{"not_picked":["Deflect","Bane+1"],"picked":"Terror","floor":28},{"not_picked":["Outmaneuver","Skewer"],"picked":"Escape Plan","floor":31}],"player_experience":358581,"relics_obtained":[{"floor":6,"key":"Pocketwatch"},{"floor":9,"key":"Peace Pipe"},{"floor":20,"key":"Centennial Puzzle"},{"floor":26,"key":"Matryoshka"},{"floor":27,"key":"Bottled Flame"}],"event_choices":[{"cards_removed":["Strike_G"],"damage_healed":0,"gold_gain":0,"player_choice":"Purged","damage_taken":0,"max_hp_gain":0,"max_hp_loss":0,"event_name":"Purifier","floor":2,"gold_loss":0},{"damage_healed":23,"gold_gain":0,"player_choice":"Banana","damage_taken":0,"max_hp_gain":0,"max_hp_loss":0,"event_name":"Big Fish","floor":5,"gold_loss":0},{"damage_healed":17,"gold_gain":0,"player_choice":"Healed and dodged fight","damage_taken":0,"max_hp_gain":0,"max_hp_loss":0,"event_name":"Mushrooms","floor":13,"gold_loss":0,"cards_obtained":["Parasite"]},{"damage_healed":0,"gold_gain":0,"cards_transformed":["Strike_G","Strike_G"],"player_choice":"Became Test Subject","damage_taken":0,"max_hp_gain":0,"max_hp_loss":0,"event_name":"Drug Dealer","floor":19,"gold_loss":0,"cards_obtained":["Eviscerate","Cloak And Dagger"]},{"damage_healed":0,"gold_gain":99,"player_choice":"Stole From Cult","damage_taken":0,"max_hp_gain":0,"max_hp_loss":0,"event_name":"Nest","floor":21,"gold_loss":0},{"damage_healed":0,"gold_gain":0,"player_choice":"Shed Blood","damage_taken":18,"max_hp_gain":5,"max_hp_loss":0,"event_name":"Forgotten Altar","floor":24,"gold_loss":0}],"is_beta":true,"boss_relics":[{"not_picked":["Velvet Choker","Ectoplasm"],"picked":"HoveringKite"}],"items_purged_floors":[],"is_endless":false,"potions_floor_spawned":[4,14,16,22,28],"killed_by":"Automaton","ascension_level":12}