{"gold_per_floor":[369,193,208,208,221,221,236,236,236,252,267,280,299,318,318,416,416,428,428,440,238,238,238,254,268,315,315,315,315,315,329,329,329],"floor_reached":33,"playtime":818,"items_purged":["Decay"],"score":243,"play_id":"60a2ba43-65dd-4502-901a-c0856031b73c","local_time":"20190215104354","is_ascension_mode":false,"campfire_choices":[{"data":"Armaments","floor":6,"key":"SMITH"},{"data":"Perfected Strike","floor":8,"key":"SMITH"},{"data":"Perfected Strike","floor":15,"key":"SMITH"},{"floor":23,"key":"REST"},{"floor":30,"key":"REST"},{"floor":32,"key":"REST"}],"neow_cost":"TEN_PERCENT_HP_LOSS","seed_source_timestamp":227918914768894,"circlet_count":0,"master_deck":["Strike_R","Strike_R","Strike_R","Strike_R","Strike_R","Defend_R","Defend_R","Defend_R","Defend_R","Bash","Pummel","Armaments+1","Thunderclap","Wild Strike","True Grit","Perfected Strike+1","Pommel Strike","Evolve","Pommel Strike","Battle Trance","Perfected Strike+1","Pommel Strike","Spot Weakness","Demon Form","Wild Strike+1","Shrug It Off+1","Twin Strike","Swift Strike","RitualDagger","Shockwave+1","Ghostly Armor","J.A.X.","Dual Wield"],"relics":["Burning Blood"],"potions_floor_usage":[10,14,16,20],"damage_taken":[{"damage":1,"enemies":"Cultist","floor":1,"turns":3},{"damage":5,"enemies":"Small Slimes","floor":3,"turns":3},{"damage":6,"enemies":"Jaw Worm","floor":5,"turns":2},{"damage":10,"enemies":"3 Louse","floor":7,"turns":3},{"damage":7,"enemies":"Large Slime","floor":10,"turns":3},{"damage":7,"enemies":"Blue Slaver","floor":11,"turns":3},{"damage":4,"enemies":"Gremlin Gang","floor":12,"turns":6},{"damage":0,"enemies":"Large Slime","floor":13,"turns":4},{"damage":6,"enemies":"Lots of Slimes","floor":14,"turns":5},{"damage":13,"enemies":"Slime Boss","floor":16,"turns":5},{"damage":15,"enemies":"Shell Parasite","floor":18,"turns":5},{"damage":25,"enemies":"Spheric Guardian","floor":20,"turns":4},{"damage":27,"enemies":"Snake Plant","floor":24,"turns":4},{"damage":11,"enemies":"Snecko","floor":25,"turns":3},{"damage":21,"enemies":"Cultist and Chosen","floor":31,"turns":5},{"damage":86,"enemies":"Automaton","floor":33,"turns":6}],"seed_played":"-7150176943926595695","potions_obtained":[{"floor":1,"key":"Weak Potion"},{"floor":7,"key":"AttackPotion"},{"floor":11,"key":"PowerPotion"},{"floor":12,"key":"SkillPotion"}],"is_trial":false,"path_per_floor":["M","$","M","?","M","R","M","R","T","M","M","M","M","M","R","B",null,"M","T","M","$","?","R","M","M","T","?","?","T","R","M","R","B"],"character_chosen":"IRONCLAD","items_purchased":["Armaments","Thunderclap","Wild Strike","True Grit","Twin Strike","Swift Strike"],"campfire_rested":3,"item_purchase_floors":[2,2,2,2,21,21],"current_hp_per_floor":[72,72,72,72,72,72,68,68,68,67,66,68,72,72,72,65,72,63,63,44,44,38,59,38,33,33,33,33,33,54,39,60,0],"gold":329,"neow_bonus":"TWO_FIFTY_GOLD","is_prod":false,"is_daily":false,"chose_seed":false,"campfire_upgraded":3,"win_rate":0,"timestamp":1550252634,"path_taken":["M","?","M","?","M","R","M","R","T","M","M","M","M","M","R","BOSS","M","?","M","$","?","R","M","M","T","?","?","?","R","?","R","BOSS"],"build_version":"2019-01-23","purchased_purges":1,"victory":false,"max_hp_per_floor":[72,72,72,72,72,72,72,72,72,72,72,72,72,72,72,72,72,72,72,72,72,72,72,72,72,72,72,72,72,72,72,72,72],"card_choices":[{"not_picked":["Whirlwind","Sever Soul"],"picked":"Pummel","floor":1},{"not_picked":["Headbutt","Sword Boomerang"],"picked":"Perfected Strike","floor":3},{"not_picked":["Sword Boomerang","Metallicize"],"picked":"Pommel Strike","floor":5},{"not_picked":["Seeing Red","Thunderclap"],"picked":"Evolve","floor":7},{"not_picked":["Searing Blow","Flex"],"picked":"Pommel Strike","floor":10},{"not_picked":["True Grit","Metallicize"],"picked":"Battle Trance","floor":11},{"not_picked":["Entrench","Anger"],"picked":"Perfected Strike","floor":12},{"not_picked":["Dual Wield","Reckless Charge"],"picked":"Pommel Strike","floor":13},{"not_picked":["Body Slam","Headbutt"],"picked":"Spot Weakness","floor":14},{"not_picked":["Dark Embrace","Berserk"],"picked":"Demon Form","floor":16},{"not_picked":["Shrug It Off","Thunderclap"],"picked":"Wild Strike+1","floor":18},{"not_picked":["Clash","Thunderclap"],"picked":"Shrug It Off+1","floor":20},{"not_picked":["Sword Boomerang","Headbutt+1"],"picked":"Shockwave+1","floor":24},{"not_picked":["Evolve","Burning Pact"],"picked":"Ghostly Armor","floor":25},{"not_picked":["Seeing Red","Headbutt"],"picked":"Dual Wield","floor":31}],"player_experience":1488137,"relics_obtained":[],"event_choices":[{"damage_healed":0,"gold_gain":0,"player_choice":"Cursed","damage_taken":0,"max_hp_gain":0,"max_hp_loss":0,"event_name":"Wheel of Change","floor":4,"gold_loss":0,"cards_obtained":["Decay"]},{"damage_healed":0,"gold_gain":0,"player_choice":"Joined the Cult","damage_taken":6,"max_hp_gain":0,"max_hp_loss":0,"event_name":"Nest","floor":22,"gold_loss":0,"cards_obtained":["RitualDagger"]},{"damage_healed":0,"gold_gain":0,"player_choice":"Ignored","damage_taken":0,"max_hp_gain":0,"max_hp_loss":0,"event_name":"Ghosts","floor":27,"gold_loss":0},{"damage_healed":0,"gold_gain":0,"player_choice":"Obtain J.A.X.","damage_taken":0,"max_hp_gain":0,"max_hp_loss":0,"event_name":"Drug Dealer","floor":28,"gold_loss":0,"cards_obtained":["J.A.X."]}],"is_beta":false,"boss_relics":[{"not_picked":["Runic Cube","Pandora\u0027s Box","Eternal Feather"]}],"items_purged_floors":[21],"is_endless":false,"potions_floor_spawned":[1,7,11,12],"killed_by":"Automaton","ascension_level":0}