{"gold_per_floor":[113,63,63,78,6,41,65,65,65,80,115,134,154,154,154,285,285,299,299,224,243,243],"floor_reached":22,"playtime":913,"items_purged":[],"score":221,"play_id":"cec9bb54-6056-4288-a07b-2471a2ac64fb","local_time":"20190117074204","is_ascension_mode":false,"campfire_choices":[{"data":"beaked:WindBringer","floor":8,"key":"SMITH"},{"data":"beaked:WarriorSpirit","floor":15,"key":"SMITH"}],"neow_cost":"NONE","seed_source_timestamp":140589915120567,"circlet_count":0,"master_deck":["beaked:Strike_Y+1","beaked:Strike_Y+1","beaked:Strike_Y+1","beaked:Strike_Y+1","beaked:Defend_Y+1","beaked:Defend_Y+1","beaked:Defend_Y+1","beaked:Defend_Y+1","beaked:Ceremony","beaked:Ceremony","beaked:Ceremony","beaked:TuckingFeathers","beaked:Roost","beaked:WindBringer+1","beaked:HuntressEssence","beaked:WarriorSpirit+1","beaked:Insight","beaked:Insight","beaked:FeelMyPain","beaked:WildInstinct+1","beaked:Tweet","beaked:BraceForImpact"],"relics":["beaked:MendingPlumage","NeowsBlessing","Golden Idol","Gremlin Horn","Molten Egg 2","Strawberry","Eternal Feather"],"potions_floor_usage":[11,16,21],"damage_taken":[{"damage":0,"enemies":"Jaw Worm","floor":1,"turns":1},{"damage":0,"enemies":"Small Slimes","floor":4,"turns":1},{"damage":0,"enemies":"3 Sentries","floor":6,"turns":1},{"damage":0,"enemies":"2 Louse","floor":7,"turns":2},{"damage":9,"enemies":"Blue Slaver","floor":10,"turns":5},{"damage":36,"enemies":"Gremlin Nob","floor":11,"turns":5},{"damage":0,"enemies":"2 Fungi Beasts","floor":12,"turns":2},{"damage":0,"enemies":"Gremlin Gang","floor":13,"turns":2},{"damage":93,"enemies":"The Guardian","floor":16,"turns":12},{"damage":37,"enemies":"3 Byrds","floor":18,"turns":5},{"damage":40,"enemies":"Spheric Guardian","floor":21,"turns":5},{"damage":33,"enemies":"Snecko","floor":22,"turns":5}],"seed_played":"1084534745931670293","potions_obtained":[{"floor":1,"key":"Poison Potion"},{"floor":6,"key":"AttackPotion"},{"floor":13,"key":"Regen Potion"},{"floor":16,"key":"SpeedPotion"}],"is_trial":false,"path_per_floor":["M","?","?","M","$","E","M","R","T","M","E","M","M","?","R","B",null,"M","?","?","M","M"],"character_chosen":"BEAKED_THE_CULTIST","items_purchased":["beaked:WindBringer"],"campfire_rested":0,"item_purchase_floors":[5],"current_hp_per_floor":[50,50,46,46,46,46,46,46,46,46,24,31,38,38,38,7,53,37,37,37,11,0],"gold":243,"neow_bonus":"THREE_ENEMY_KILL","is_prod":false,"is_daily":false,"chose_seed":false,"campfire_upgraded":2,"win_rate":0.0,"timestamp":1547728924,"path_taken":["M","?","?","M","$","E","M","R","T","M","E","M","M","?","R","BOSS","M","?","?","M","M"],"build_version":"2019-01-16","purchased_purges":0,"victory":false,"max_hp_per_floor":[50,50,46,46,46,46,46,46,46,46,53,53,53,53,53,53,53,53,53,53,53,53],"card_choices":[{"not_picked":["beaked:SacrificialDive","beaked:Cower"],"picked":"beaked:TuckingFeathers","floor":1},{"not_picked":["beaked:Redirect","beaked:DigDeeper"],"picked":"beaked:Roost","floor":4},{"not_picked":["beaked:SurvivalInstinct","beaked:CursingBlood","beaked:Brace"],"picked":"SKIP","floor":6},{"not_picked":["beaked:Brace","beaked:Roost"],"picked":"beaked:HuntressEssence","floor":7},{"not_picked":["beaked:SurvivalInstinct","beaked:TuckingFeathers"],"picked":"beaked:WarriorSpirit","floor":10},{"not_picked":["beaked:Hexing","beaked:SowTheSeeds"],"picked":"beaked:Insight","floor":11},{"not_picked":["beaked:ScreechingChant","beaked:Foresight"],"picked":"beaked:Insight","floor":12},{"not_picked":["beaked:SurvivalInstinct","beaked:DesperateSwing+1"],"picked":"beaked:FeelMyPain","floor":13},{"not_picked":["beaked:KnowThyFoe","beaked:ShadowFade"],"picked":"beaked:WildInstinct+1","floor":16},{"not_picked":["beaked:Tradeoff","beaked:Foresight"],"picked":"beaked:Tweet","floor":18},{"not_picked":["beaked:RuinSticks+1","beaked:TuckingFeathers"],"picked":"beaked:BraceForImpact","floor":21}],"player_experience":511752,"relics_obtained":[{"floor":6,"key":"Gremlin Horn"},{"floor":9,"key":"Molten Egg 2"},{"floor":11,"key":"Strawberry"}],"event_choices":[{"cards_removed":["beaked:Strike_Y"],"damage_healed":0,"gold_gain":0,"player_choice":"Card Removal","damage_taken":0,"max_hp_gain":0,"max_hp_loss":0,"event_name":"The Cleric","floor":2,"gold_loss":50},{"damage_healed":0,"gold_gain":0,"player_choice":"Lose Max HP","damage_taken":0,"relics_obtained":["Golden Idol"],"max_hp_gain":0,"max_hp_loss":4,"event_name":"Golden Idol","floor":3,"gold_loss":0},{"damage_healed":0,"gold_gain":0,"player_choice":"Ignored","damage_taken":0,"max_hp_gain":0,"max_hp_loss":0,"event_name":"Liars Game","floor":14,"gold_loss":0},{"damage_healed":0,"gold_gain":0,"player_choice":"Simplicity","damage_taken":0,"max_hp_gain":0,"max_hp_loss":0,"event_name":"Back to Basics","floor":19,"gold_loss":0,"cards_upgraded":[]},{"cards_removed":["beaked:Strike_Y"],"damage_healed":0,"gold_gain":0,"player_choice":"Gave Gold","damage_taken":0,"max_hp_gain":0,"max_hp_loss":0,"event_name":"Beggar","floor":20,"gold_loss":75}],"is_beta":true,"boss_relics":[{"not_picked":["Black Star","Ectoplasm"],"picked":"Eternal Feather"}],"items_purged_floors":[],"is_endless":false,"potions_floor_spawned":[1,6,13,16],"killed_by":"Snecko","ascension_level":0}