{"gold_per_floor":[114,0,0,17,17,49,49,74,74,74,87,97,107,125,125,201,201,221,239,42,59,77,111,127,127,153,153,153,153,153],"floor_reached":30,"playtime":1249,"items_purged":[],"score":474,"play_id":"5fca04eb-932d-4fd2-a6b2-4574448201db","local_time":"20190129204644","is_ascension_mode":true,"campfire_choices":[{"data":"Armaments","floor":7,"key":"SMITH"},{"data":"Uppercut","floor":10,"key":"SMITH"},{"floor":15,"key":"REST"},{"floor":25,"key":"REST"},{"floor":29,"key":"REST"}],"neow_cost":"NONE","seed_source_timestamp":29989497215045,"circlet_count":0,"master_deck":["AscendersBane","Strike_R","Strike_R","Strike_R","Strike_R","Defend_R","Defend_R","Defend_R","Defend_R","Bash","Armaments","Immolate","Armaments+1","Wild Strike","Bludgeon","Uppercut+1","Sentinel","Shrug It Off","Intimidate","Immolate","Rupture+1","Sever Soul","Shrug It Off","True Grit","Clothesline+1","Exhume","Pummel+1","Writhe","Shrug It Off"],"relics":["Burning Blood","NeowsBlessing","Shuriken","Turnip","Orichalcum","Cursed Key","Bronze Scales","Dream Catcher","Blood Vial"],"potions_floor_usage":[16,19,22,23,24],"damage_taken":[{"damage":0,"enemies":"Jaw Worm","floor":1,"turns":1},{"damage":0,"enemies":"Cultist","floor":4,"turns":1},{"damage":0,"enemies":"3 Sentries","floor":6,"turns":2},{"damage":35,"enemies":"Lagavulin","floor":8,"turns":5},{"damage":1,"enemies":"2 Louse","floor":11,"turns":2},{"damage":0,"enemies":"Gremlin Gang","floor":12,"turns":4},{"damage":8,"enemies":"Blue Slaver","floor":13,"turns":3},{"damage":11,"enemies":"3 Louse","floor":14,"turns":3},{"damage":42,"enemies":"The Guardian","floor":16,"turns":17},{"damage":21,"enemies":"Shell Parasite","floor":18,"turns":5},{"damage":12,"enemies":"Spheric Guardian","floor":19,"turns":4},{"damage":17,"enemies":"Centurion and Healer","floor":21,"turns":4},{"damage":3,"enemies":"Sentry and Sphere","floor":22,"turns":4},{"damage":41,"enemies":"Book of Stabbing","floor":23,"turns":6},{"damage":5,"enemies":"Chosen and Byrds","floor":24,"turns":7},{"damage":17,"enemies":"Colosseum Slavers","floor":27,"turns":4},{"damage":53,"enemies":"Gremlin Leader","floor":30,"turns":5}],"seed_played":"8605246018520823517","potions_obtained":[{"floor":12,"key":"EssenceOfSteel"},{"floor":13,"key":"Swift Potion"},{"floor":14,"key":"FearPotion"},{"floor":16,"key":"SpeedPotion"},{"floor":21,"key":"Explosive Potion"},{"floor":22,"key":"AttackPotion"}],"is_trial":false,"path_per_floor":["M","$","?","M","$","E","R","E","T","R","M","M","M","M","R","B",null,"M","M","$","M","M","E","M","R","T","?","?","R","E"],"character_chosen":"IRONCLAD","items_purchased":["Immolate","Armaments","Shrug It Off","Bronze Scales"],"campfire_rested":3,"item_purchase_floors":[2,2,20,20],"current_hp_per_floor":[78,78,78,80,80,80,80,51,51,51,56,62,60,55,79,43,71,56,50,50,39,42,7,8,32,32,23,23,47,0],"gold":153,"neow_bonus":"THREE_ENEMY_KILL","is_prod":false,"is_daily":false,"chose_seed":false,"campfire_upgraded":2,"win_rate":0,"timestamp":1548820004,"path_taken":["M","$","?","M","$","E","R","E","T","R","?","M","M","M","R","BOSS","M","M","?","M","M","E","M","R","T","?","?","R","E"],"build_version":"2019-01-23","purchased_purges":0,"victory":false,"max_hp_per_floor":[80,80,80,80,80,80,80,80,80,80,80,80,80,80,80,80,80,80,80,80,80,80,80,80,80,80,80,80,80,80],"card_choices":[{"not_picked":["Headbutt","Havoc"],"picked":"Armaments","floor":1},{"not_picked":["Whirlwind","Spot Weakness"],"picked":"Wild Strike","floor":4},{"not_picked":["Dark Embrace","Inflame"],"picked":"Bludgeon","floor":6},{"not_picked":["Seeing Red","Body Slam"],"picked":"Uppercut","floor":8},{"not_picked":["Blood for Blood","Armaments"],"picked":"Sentinel","floor":11},{"not_picked":["Blood for Blood","Entrench","Feel No Pain"],"picked":"SKIP","floor":12},{"not_picked":["Havoc","Double Tap"],"picked":"Shrug It Off","floor":13},{"not_picked":["Clash","Anger"],"picked":"Intimidate","floor":14},{"not_picked":["Barricade","Demon Form"],"picked":"Immolate","floor":16},{"not_picked":["Wild Strike","Thunderclap"],"picked":"Rupture","floor":18},{"not_picked":["Infernal Blade","Seeing Red"],"picked":"Sever Soul","floor":19},{"not_picked":["Clothesline","Shrug It Off"],"picked":"True Grit","floor":21},{"not_picked":["Sword Boomerang","Heavy Blade"],"picked":"Clothesline+1","floor":22},{"not_picked":["Fire Breathing","Anger"],"picked":"Exhume","floor":23},{"not_picked":["Hemokinesis","Body Slam"],"picked":"Pummel+1","floor":24},{"not_picked":["Offering","Whirlwind"],"picked":"Shrug It Off","floor":29}],"player_experience":1338707,"relics_obtained":[{"floor":6,"key":"Shuriken"},{"floor":8,"key":"Turnip"},{"floor":9,"key":"Orichalcum"},{"floor":23,"key":"Dream Catcher"},{"floor":26,"key":"Blood Vial"}],"event_choices":[{"cards_removed":["Strike_R"],"damage_healed":0,"gold_gain":0,"player_choice":"Offered Basic","damage_taken":0,"max_hp_gain":0,"max_hp_loss":0,"event_name":"Bonfire Elementals","floor":3,"gold_loss":0},{"damage_healed":0,"gold_gain":0,"player_choice":"Fight","damage_taken":0,"max_hp_gain":0,"max_hp_loss":0,"event_name":"Colosseum","floor":27,"gold_loss":0},{"damage_healed":0,"gold_gain":0,"player_choice":"Fled From Nobs","damage_taken":0,"max_hp_gain":0,"max_hp_loss":0,"event_name":"Colosseum","floor":27,"gold_loss":0},{"damage_healed":0,"gold_gain":0,"player_choice":"Upgraded","damage_taken":0,"max_hp_gain":0,"max_hp_loss":0,"event_name":"Upgrade Shrine","floor":28,"gold_loss":0,"cards_upgraded":["Rupture"]}],"is_beta":false,"boss_relics":[{"not_picked":["Runic Dome","Coffee Dripper"],"picked":"Cursed Key"}],"items_purged_floors":[],"is_endless":false,"potions_floor_spawned":[12,13,14,16,21,22],"killed_by":"Gremlin Leader","ascension_level":13}