{"gold_per_floor":[119,119,130,140,140,140,157,174,174,186,196,206,178,178,178,278,278,297,308,12,12],"floor_reached":21,"playtime":3164,"items_purged":["Strike_G"],"score":177,"play_id":"14346d27-b6d7-413b-bdfb-00d26d2c3e7b","local_time":"20190331212646","is_ascension_mode":false,"campfire_choices":[{"floor":6.0,"key":"REST"},{"floor":15.0,"key":"REST"}],"neow_cost":"NONE","seed_source_timestamp":0,"circlet_count":0,"master_deck":["Defend_G","Defend_G","Defend_G","Defend_G+1","Defend_G+1","Strike_G","Strike_G","Survivor","Neutralize","Dagger Throw","Escape Plan","Acrobatics","Cloak And Dagger","Outmaneuver","Envenom","Quick Slash","A Thousand Cuts","Terror","Noxious Fumes","Prepared"],"special_seed":0,"relics":["Ring of the Snake","Sundial","Black Star"],"potions_floor_usage":[18,21,21],"damage_taken":[{"damage":1.0,"enemies":"Cultist","floor":1.0,"turns":4.0},{"damage":0.0,"enemies":"Small Slimes","floor":3.0,"turns":4.0},{"damage":0.0,"enemies":"2 Louse","floor":4.0,"turns":3.0},{"damage":0.0,"enemies":"Exordium Wildlife","floor":7.0,"turns":7.0},{"damage":14.0,"enemies":"Exordium Thugs","floor":8.0,"turns":9.0},{"damage":2.0,"enemies":"Lots of Slimes","floor":10.0,"turns":5.0},{"damage":0.0,"enemies":"Blue Slaver","floor":11.0,"turns":4.0},{"damage":0.0,"enemies":"Exordium Wildlife","floor":12.0,"turns":4.0},{"damage":4.0,"enemies":"Exordium Thugs","floor":13.0,"turns":6.0},{"damage":9.0,"enemies":"Hexaghost","floor":16.0,"turns":11.0},{"damage":28,"enemies":"3 Byrds","floor":18,"turns":9},{"damage":27,"enemies":"Shell Parasite","floor":19,"turns":9},{"damage":15,"enemies":"3 Cultists","floor":21,"turns":4}],"seed_played":"8270342763197706736","potions_obtained":[{"floor":3.0,"key":"PowerPotion"},{"floor":10.0,"key":"EssenceOfSteel"},{"floor":11.0,"key":"EssenceOfSteel"},{"floor":12.0,"key":"SneckoOil"},{"floor":13.0,"key":"FearPotion"},{"floor":16.0,"key":"SpeedPotion"}],"is_trial":false,"path_per_floor":["M","?","M","M","?","R","M","M","T","M","M","M","M","?","R","B",null,"M","M","$","M"],"character_chosen":"THE_SILENT","items_purchased":["Noxious Fumes","Prepared","Energy Potion","Block Potion"],"campfire_rested":2,"item_purchase_floors":[20,20,20,20],"current_hp_per_floor":[69,69,69,69,55,70,70,56,56,54,54,54,50,50,70,61,70,42,15,15,0],"gold":12,"neow_bonus":"REMOVE_CARD","is_prod":false,"is_daily":false,"chose_seed":false,"campfire_upgraded":0,"win_rate":0,"timestamp":1554082006,"path_taken":["M","?","M","?","?","R","M","M","T","M","M","M","M","?","R","BOSS","M","M","$","M"],"build_version":"2019-01-23","purchased_purges":1,"victory":false,"max_hp_per_floor":[70,70,70,70,70,70,70,70,70,70,70,70,70,70,70,70,70,70,70,70,70],"card_choices":[{"not_picked":["PiercingWail","Acrobatics"],"picked":"Dagger Throw","floor":1.0},{"not_picked":["Prepared","Slice"],"picked":"Escape Plan","floor":3.0},{"not_picked":["Heel Hook","Sucker Punch"],"picked":"Acrobatics","floor":4.0},{"not_picked":["Bane","Catalyst","Eviscerate"],"picked":"SKIP","floor":7.0},{"not_picked":["Calculated Gamble","Accuracy"],"picked":"Cloak And Dagger","floor":8.0},{"not_picked":["Dagger Throw","Poisoned Stab"],"picked":"Outmaneuver","floor":10.0},{"not_picked":["Dodge and Roll","Slice","Deflect"],"picked":"SKIP","floor":11.0},{"not_picked":["Dagger Spray","Poisoned Stab"],"picked":"Envenom","floor":12.0},{"not_picked":["Reflex","PiercingWail"],"picked":"Quick Slash","floor":13.0},{"not_picked":["Tools of the Trade","Adrenaline"],"picked":"A Thousand Cuts","floor":16.0},{"not_picked":["Cloak And Dagger+1","Backstab"],"picked":"Terror","floor":18},{"not_picked":["Blade Dance","Acrobatics","Slice"],"picked":"SKIP","floor":19}],"player_experience":69378,"relics_obtained":[{"floor":9.0,"key":"Sundial"}],"event_choices":[{"cards_removed":["Strike_G"],"damage_healed":0.0,"max_hp_gain":0.0,"max_hp_loss":0.0,"gold_gain":0.0,"event_name":"Purifier","player_choice":"Purged","floor":2.0,"gold_loss":0.0,"damage_taken":0.0},{"damage_healed":0.0,"max_hp_gain":0.0,"max_hp_loss":0.0,"gold_gain":0.0,"event_name":"Shining Light","player_choice":"Entered Light","floor":5.0,"gold_loss":0.0,"damage_taken":14.0,"cards_upgraded":["Defend_G","Defend_G"]},{"damage_healed":0.0,"max_hp_gain":0.0,"max_hp_loss":0.0,"gold_gain":0.0,"event_name":"Liars Game","player_choice":"Ignored","floor":14.0,"gold_loss":0.0,"damage_taken":0.0}],"is_beta":false,"boss_relics":[{"not_picked":["Busted Crown","Velvet Choker"],"picked":"Black Star"}],"items_purged_floors":[20],"is_endless":false,"potions_floor_spawned":[3,10,11,12,13,16],"killed_by":"3 Cultists","ascension_level":0}