{"gold_per_floor":[115,115,65,85,85,115,115,190,213,213,231,266,266,279,279,380,380,364,364,279,279,299,330,330,330,330,17,17,343,214,229,229,327,327,346,346,346,81,81,81,106,106,131,131,84,103,153,153],"floor_reached":48,"playtime":2360,"items_purged":["Strike_B"],"score":573,"play_id":"ea27ef55-748d-46ff-966f-2601ed7bd6ff","local_time":"20190103010449","is_ascension_mode":true,"campfire_choices":[{"data":"Zap","floor":7,"key":"SMITH"},{"floor":10,"key":"REST"},{"data":"Cold Snap","floor":15,"key":"SMITH"},{"floor":24,"key":"REST"},{"floor":25,"key":"REST"},{"floor":28,"key":"REST"},{"floor":32,"key":"REST"},{"data":"Echo Form","floor":40,"key":"SMITH"},{"floor":42,"key":"REST"},{"floor":44,"key":"REST"}],"neow_cost":"NONE","seed_source_timestamp":115786334661741,"circlet_count":0,"master_deck":["Strike_B+1","Strike_B+1","Strike_B+1","Defend_B","Defend_B","Defend_B","Zap+1","Dualcast","Blind+1","BootSequence","Go for the Eyes","Gash+1","Cold Snap+1","Echo Form+1","Leap","Gash+1","Compile Driver+1","Machine Learning","Coolheaded","Conserve Battery","Hologram+1","Loop","Conserve Battery","Ball Lightning+1","Buffer","Electrodynamics","Capacitor","Madness","Buffer","Blizzard+1","Madness","Madness","Heatsinks+1","Cold Snap+1","Streamline+1","Streamline+1","Consume+1","Gash+1"],"relics":["Cracked Core","Pantograph","Dream Catcher","Juzu Bracelet","Black Star","Molten Egg 2","WingedGreaves","MutagenicStrength","Dodecahedron","Bronze Scales","StoneCalendar","Ice Cream","Whetstone","Old Coin","Sozu","Vajra","Question Card","Kunai","Boot","Torii"],"potions_floor_usage":[16,33,41],"damage_taken":[{"damage":0,"enemies":"2 Louse","floor":1,"turns":3},{"damage":10,"enemies":"Small Slimes","floor":4,"turns":3},{"damage":13,"enemies":"Lagavulin","floor":6,"turns":7},{"damage":5,"enemies":"Jaw Worm","floor":11,"turns":3},{"damage":13,"enemies":"Gremlin Nob","floor":12,"turns":5},{"damage":0,"enemies":"Lots of Slimes","floor":14,"turns":4},{"damage":35,"enemies":"Slime Boss","floor":16,"turns":10},{"damage":18,"enemies":"2 Thieves","floor":18,"turns":4},{"damage":5,"enemies":"Chosen","floor":22,"turns":5},{"damage":41,"enemies":"Gremlin Leader","floor":23,"turns":10},{"damage":5,"enemies":"Book of Stabbing","floor":29,"turns":6},{"damage":22,"enemies":"Snake Plant","floor":31,"turns":5},{"damage":15,"enemies":"Collector","floor":33,"turns":10},{"damage":9,"enemies":"3 Darklings","floor":35,"turns":5},{"damage":56,"enemies":"Reptomancer","floor":41,"turns":8},{"damage":0,"enemies":"3 Shapes","floor":46,"turns":5},{"damage":53,"enemies":"2 Orb Walkers","floor":47,"turns":6},{"damage":14,"enemies":"Spire Growth","floor":48,"turns":3}],"seed_played":"8879466985416465705","potions_obtained":[{"floor":1,"key":"Fire Potion"},{"floor":6,"key":"EssenceOfSteel"},{"floor":18,"key":"Poison Potion"},{"floor":23,"key":"FearPotion"},{"floor":33,"key":"Poison Potion"}],"is_trial":false,"path_per_floor":["M","?","?","M","?","E","R","?","T","R","M","E","?","M","R","B",null,"M","?","?","?","M","E","R","R","T","$","R","E","$","M","R","B",null,"M","?","?","$","?","R","E","R","T","R","$","M","?","M"],"character_chosen":"DEFECT","items_purchased":["Ice Cream","Loop","Conserve Battery","Blizzard+1","Vajra","Streamline+1"],"campfire_rested":7,"item_purchase_floors":[27,30,30,38,38,45],"current_hp_per_floor":[75,75,75,65,50,37,37,26,26,48,43,30,85,85,85,50,85,67,67,67,67,62,21,46,71,71,71,85,80,80,58,83,70,85,76,76,76,76,65,65,9,34,34,59,59,59,6,0],"gold":153,"neow_bonus":"RANDOM_COLORLESS","is_prod":false,"is_daily":false,"chose_seed":false,"campfire_upgraded":3,"win_rate":0,"timestamp":1546506289,"path_taken":["M","?","?","M","?","E","R","?","T","R","M","E","?","M","R","BOSS","M","?","?","?","M","E","R","R","T","$","R","E","$","M","R","BOSS","M","?","?","$","?","R","E","R","T","R","$","M","?","M"],"build_version":"2018-12-20","purchased_purges":1,"victory":false,"max_hp_per_floor":[75,75,75,75,75,75,75,75,75,75,75,75,85,85,85,85,85,85,85,85,85,85,85,85,85,85,85,85,85,85,85,85,85,85,85,85,85,85,85,85,85,85,85,85,85,85,85,85],"card_choices":[{"not_picked":["Tempest","Steam","Rebound"],"picked":"SKIP","floor":1},{"not_picked":["Cold Snap","Gash"],"picked":"BootSequence","floor":4},{"not_picked":["Hologram","Hello World"],"picked":"Go for the Eyes","floor":6},{"not_picked":["Coolheaded","Hello World"],"picked":"Echo Form","floor":10},{"not_picked":["Scrape","Skim","Gash"],"picked":"SKIP","floor":11},{"not_picked":["Lockon","Stack"],"picked":"Gash","floor":12},{"not_picked":["Barrage","Beam Cell"],"picked":"Cold Snap","floor":14},{"not_picked":["Seek","Creative AI"],"picked":"Echo Form","floor":16},{"not_picked":["Gash","Stack"],"picked":"Leap","floor":18},{"not_picked":["Stack","Compile Driver+1"],"picked":"Gash+1","floor":22},{"not_picked":["Beam Cell+1","Sunder+1"],"picked":"Compile Driver+1","floor":23},{"not_picked":["Undo","Turbo"],"picked":"Machine Learning","floor":24},{"not_picked":["Sweeping Beam+1","Reinforced Body"],"picked":"Coolheaded","floor":25},{"not_picked":["Ball Lightning+1","Steam"],"picked":"Conserve Battery","floor":28},{"not_picked":["Consume+1","Coolheaded"],"picked":"Hologram+1","floor":29},{"not_picked":["Compile Driver+1","Double Energy"],"picked":"Ball Lightning+1","floor":31},{"not_picked":["Cold Snap+1","Reinforced Body"],"picked":"Buffer","floor":32},{"not_picked":["All For One+1","Echo Form"],"picked":"Electrodynamics","floor":33},{"not_picked":["Leap+1","Turbo+1"],"picked":"Capacitor","floor":35},{"not_picked":["Swift Strike+1","Metamorphosis"],"picked":"Madness","floor":36},{"not_picked":["Ball Lightning+1","Barrage+1"],"picked":"Heatsinks+1","floor":41},{"not_picked":["Chill+1","Hologram+1","Sweeping Beam+1"],"picked":"Cold Snap+1","floor":42},{"not_picked":["Go for the Eyes+1","Beam Cell+1","Sweeping Beam+1"],"picked":"Streamline+1","floor":44},{"not_picked":["Fusion+1","Stack+1","Hologram"],"picked":"Consume+1","floor":46},{"not_picked":["Conserve Battery","Go for the Eyes+1","Heatsinks"],"picked":"Gash+1","floor":47}],"player_experience":42590,"relics_obtained":[{"floor":6,"key":"Pantograph"},{"floor":9,"key":"Dream Catcher"},{"floor":12,"key":"Juzu Bracelet"},{"floor":23,"key":"Dodecahedron"},{"floor":23,"key":"Bronze Scales"},{"floor":26,"key":"StoneCalendar"},{"floor":29,"key":"Whetstone"},{"floor":29,"key":"Old Coin"},{"floor":41,"key":"Question Card"},{"floor":41,"key":"Kunai"},{"floor":43,"key":"Boot"},{"floor":47,"key":"Torii"}],"event_choices":[{"damage_healed":0,"gold_gain":0,"player_choice":"Grow","damage_taken":0,"max_hp_gain":0,"max_hp_loss":0,"event_name":"Living Wall","floor":2,"gold_loss":0,"cards_upgraded":["Blind"]},{"cards_removed":["Defend_B"],"damage_healed":0,"gold_gain":0,"player_choice":"Card Removal","damage_taken":0,"max_hp_gain":0,"max_hp_loss":0,"event_name":"The Cleric","floor":3,"gold_loss":50},{"damage_healed":0,"gold_gain":0,"player_choice":"Entered Light","damage_taken":15,"max_hp_gain":0,"max_hp_loss":0,"event_name":"Shining Light","floor":5,"gold_loss":0,"cards_upgraded":["Strike_B","Strike_B"]},{"damage_healed":0,"gold_gain":75,"player_choice":"Gather Gold","damage_taken":11,"max_hp_gain":0,"max_hp_loss":0,"event_name":"World of Goop","floor":8,"gold_loss":0},{"cards_removed":["Echo Form"],"damage_healed":45,"gold_gain":0,"player_choice":"Offered Rare","damage_taken":0,"max_hp_gain":10,"max_hp_loss":0,"event_name":"Bonfire Elementals","floor":13,"gold_loss":0},{"damage_healed":0,"gold_gain":0,"player_choice":"Opened","damage_taken":0,"relics_obtained":["Molten Egg 2"],"max_hp_gain":0,"max_hp_loss":0,"event_name":"The Mausoleum","floor":19,"gold_loss":0},{"damage_healed":0,"gold_gain":0,"player_choice":"Obtained Relic","damage_taken":0,"relics_obtained":["WingedGreaves"],"max_hp_gain":0,"max_hp_loss":0,"event_name":"Addict","floor":20,"gold_loss":85},{"damage_healed":0,"gold_gain":0,"player_choice":"Inject Mutagens","damage_taken":0,"relics_obtained":["MutagenicStrength"],"max_hp_gain":0,"max_hp_loss":0,"event_name":"Drug Dealer","floor":21,"gold_loss":0},{"damage_healed":0,"gold_gain":0,"player_choice":"Memory 1","damage_taken":0,"max_hp_gain":0,"max_hp_loss":0,"event_name":"SensoryStone","floor":36,"gold_loss":0},{"damage_healed":0,"gold_gain":0,"player_choice":"Copied","damage_taken":0,"max_hp_gain":0,"max_hp_loss":0,"event_name":"Duplicator","floor":37,"gold_loss":0,"cards_obtained":["Buffer"]},{"damage_healed":0,"gold_gain":0,"player_choice":"Embrace Madness","damage_taken":11,"max_hp_gain":0,"max_hp_loss":0,"event_name":"Winding Halls","floor":39,"gold_loss":0,"cards_obtained":["Madness","Madness"]},{"damage_healed":0,"gold_gain":0,"player_choice":"Fight","damage_taken":0,"max_hp_gain":0,"max_hp_loss":0,"event_name":"Mysterious Sphere","floor":47,"gold_loss":0}],"is_beta":false,"boss_relics":[{"not_picked":["Eternal Feather","Empty Cage"],"picked":"Black Star"},{"not_picked":["Runic Dome","Calling Bell"],"picked":"Sozu"}],"items_purged_floors":[38],"is_endless":false,"potions_floor_spawned":[1,6,18,23,33,35,41],"killed_by":"Spire Growth","ascension_level":1}