{"gold_per_floor":[364,364,378,378,41,41,51,51,51,16,89,107,107,127,127,230,230,243,51,70,87,101,101,28,43,90,90,90,106,106,117,117,215,215,234,234,41,41,52,52,70,70,147,147,182,197,212,243,243,243],"floor_reached":51,"playtime":2053,"items_purged":["Strike_G"],"score":774,"play_id":"c3c9583e-beb1-499b-b7d3-e03245ae40e4","local_time":"20190328233135","is_ascension_mode":false,"campfire_choices":[{"data":"Neutralize","floor":6.0,"key":"SMITH"},{"data":"Crippling Poison","floor":8.0,"key":"SMITH"},{"data":"Footwork","floor":13.0,"key":"SMITH"},{"data":"Deadly Poison","floor":15.0,"key":"SMITH"},{"data":"Metallicize","floor":23.0,"key":"SMITH"},{"data":"Bouncing Flask","floor":27.0,"key":"SMITH"},{"data":"Double Energy","floor":30.0,"key":"SMITH"},{"floor":32.0,"key":"REST"},{"data":"Deadly Poison","floor":40.0,"key":"SMITH"},{"data":"Deadly Poison","floor":42.0,"key":"SMITH"},{"data":"After Image","floor":44.0,"key":"SMITH"},{"floor":49,"key":"REST"}],"neow_cost":"CURSE","seed_source_timestamp":8416280881807,"circlet_count":0,"master_deck":["Defend_G","Defend_G","Defend_G","Defend_G+1","Defend_G","Strike_G+1","Strike_G","Survivor","Neutralize+1","Crippling Poison+1","Deadly Poison+1","Deadly Poison+1","Footwork+1","Backflip","Deadly Poison+1","After Image+1","Metallicize+1","Outmaneuver+1","Headbutt+1","Bouncing Flask+1","Shrug It Off+1","Double Energy+1","Exhume","Uppercut+1","Disarm+1","Ball Lightning+1","Tools of the Trade+1","Armaments+1","Cold Snap+1","Caltrops+1"],"special_seed":0,"relics":["Ring of the Snake","Paper Crane","Ice Cream","Blue Candle","Velvet Choker","PrismaticShard","Bag of Preparation","Black Star","Strange Spoon","Frozen Egg 2","The Specimen","Anchor","Shuriken","Omamori"],"potions_floor_usage":[50],"damage_taken":[{"damage":0.0,"enemies":"Cultist","floor":1.0,"turns":6.0},{"damage":0.0,"enemies":"2 Louse","floor":3.0,"turns":3.0},{"damage":0.0,"enemies":"Jaw Worm","floor":7.0,"turns":5.0},{"damage":0.0,"enemies":"Blue Slaver","floor":12.0,"turns":3.0},{"damage":0.0,"enemies":"Red Slaver","floor":14.0,"turns":4.0},{"damage":0.0,"enemies":"Hexaghost","floor":16.0,"turns":8.0},{"damage":0.0,"enemies":"Chosen","floor":18.0,"turns":4.0},{"damage":0.0,"enemies":"3 Byrds","floor":20.0,"turns":5.0},{"damage":0.0,"enemies":"Shelled Parasite and Fungi","floor":21.0,"turns":5.0},{"damage":8.0,"enemies":"Cultist and Chosen","floor":22.0,"turns":7.0},{"damage":14.0,"enemies":"3 Cultists","floor":25.0,"turns":7.0},{"damage":0.0,"enemies":"Sentry and Sphere","floor":29.0,"turns":3.0},{"damage":0.0,"enemies":"Snecko","floor":31.0,"turns":6.0},{"damage":24.0,"enemies":"Champ","floor":33.0,"turns":9.0},{"damage":0.0,"enemies":"3 Shapes","floor":35.0,"turns":4.0},{"damage":0.0,"enemies":"Orb Walker","floor":39.0,"turns":4.0},{"damage":3.0,"enemies":"3 Darklings","floor":41.0,"turns":8.0},{"damage":38.0,"enemies":"Reptomancer","floor":45.0,"turns":9.0},{"damage":0.0,"enemies":"Spire Growth","floor":46.0,"turns":5.0},{"damage":24.0,"enemies":"Jaw Worm Horde","floor":47.0,"turns":5.0},{"damage":0,"enemies":"Giant Head","floor":48,"turns":9},{"damage":10,"enemies":"Awakened One","floor":50,"turns":15}],"seed_played":"4776848160898253889","potions_obtained":[{"floor":3.0,"key":"Weak Potion"},{"floor":7.0,"key":"Swift Potion"},{"floor":12.0,"key":"Block Potion"},{"floor":21.0,"key":"Poison Potion"},{"floor":22.0,"key":"GamblersBrew"},{"floor":31.0,"key":"Poison Potion"},{"floor":33.0,"key":"Swift Potion"},{"floor":35.0,"key":"Weak Potion"},{"floor":45.0,"key":"Energy Potion"},{"floor":46.0,"key":"FearPotion"}],"is_trial":false,"path_per_floor":["M","?","M","?","$","R","M","R","T","$","T","M","R","M","R","B",null,"M","$","M","M","M","R","$","M","T","R","$","M","R","M","R","B",null,"M","?","$","?","M","R","M","R","T","R","E","M","M","E","R","B",null],"character_chosen":"THE_SILENT","items_purchased":["Paper Crane","Footwork","PrismaticShard","Bouncing Flask","Strange Spoon"],"campfire_rested":2,"item_purchase_floors":[5,10,19,24,37],"current_hp_per_floor":[70,70,70,56,56,56,56,56,56,56,56,56,56,56,56,56,70,70,70,70,70,62,62,62,48,48,48,48,48,48,48,69,45,70,70,70,70,70,70,70,67,67,67,67,29,29,5,5,26,16],"gold":243,"neow_bonus":"TWO_FIFTY_GOLD","is_prod":false,"is_daily":false,"chose_seed":false,"campfire_upgraded":10,"win_rate":0,"timestamp":1553837495,"path_taken":["M","?","M","?","$","R","M","R","T","?","?","M","R","M","R","BOSS","M","?","M","M","M","R","?","M","T","R","$","M","R","M","R","BOSS","M","?","$","?","M","R","M","R","T","R","E","M","M","E","R","BOSS"],"build_version":"2019-01-23","purchased_purges":1,"victory":true,"max_hp_per_floor":[70,70,70,70,70,70,70,70,70,70,70,70,70,70,70,70,70,70,70,70,70,70,70,70,70,70,70,70,70,70,70,70,70,70,70,70,70,70,70,70,70,70,70,70,70,70,70,70,70,70],"card_choices":[{"not_picked":["Sucker Punch","Dodge and Roll"],"picked":"Crippling Poison","floor":1.0},{"not_picked":["Sucker Punch","Dagger Spray"],"picked":"Deadly Poison","floor":3.0},{"not_picked":["Bane","Prepared"],"picked":"Deadly Poison","floor":7.0},{"not_picked":["Cloak And Dagger","Sucker Punch"],"picked":"Backflip","floor":12.0},{"not_picked":["Outmaneuver","Reflex"],"picked":"Deadly Poison","floor":14.0},{"not_picked":["Doppelganger","Bullet Time"],"picked":"After Image","floor":16.0},{"not_picked":["Calculated Gamble","Prepared","Dagger Throw"],"picked":"SKIP","floor":18.0},{"not_picked":["Flying Knee+1","Go for the Eyes"],"picked":"Metallicize","floor":20.0},{"not_picked":["Backstab","Outmaneuver+1","Wild Strike"],"picked":"SKIP","floor":21.0},{"not_picked":["Backstab","Outmaneuver+1","Wild Strike"],"picked":"SKIP","floor":21.0},{"not_picked":["Backstab","Wild Strike"],"picked":"Outmaneuver+1","floor":21.0},{"not_picked":["Leap","Slice"],"picked":"Headbutt+1","floor":22.0},{"not_picked":["Pommel Strike+1","Coolheaded"],"picked":"Shrug It Off+1","floor":25.0},{"not_picked":["Footwork","Fission"],"picked":"Double Energy","floor":29.0},{"not_picked":["Sweeping Beam","PanicButton+1","Aggregate"],"picked":"SKIP","floor":31.0},{"not_picked":["Wraith Form v2","Feed"],"picked":"Exhume","floor":33.0},{"not_picked":["Evolve+1","Thunderclap+1"],"picked":"Uppercut+1","floor":35.0},{"not_picked":["Chill+1","Compile Driver"],"picked":"Disarm+1","floor":39.0},{"not_picked":["Heel Hook","Cleave+1"],"picked":"Ball Lightning+1","floor":41.0},{"not_picked":["Backflip+1","Inflame+1"],"picked":"Tools of the Trade+1","floor":45.0},{"not_picked":["Anger","Acrobatics+1"],"picked":"Armaments+1","floor":46.0},{"not_picked":["Rebound","Steam+1"],"picked":"Cold Snap+1","floor":47.0},{"not_picked":["Jack Of All Trades+1","Body Slam"],"picked":"Caltrops+1","floor":48}],"player_experience":1135601,"relics_obtained":[{"floor":9.0,"key":"Ice Cream"},{"floor":11.0,"key":"Blue Candle"},{"floor":26.0,"key":"Bag of Preparation"},{"floor":43.0,"key":"Frozen Egg 2"},{"floor":45.0,"key":"The Specimen"},{"floor":45.0,"key":"Anchor"},{"floor":48,"key":"Shuriken"},{"floor":48,"key":"Omamori"}],"event_choices":[{"cards_removed":["Doubt"],"damage_healed":0.0,"max_hp_gain":0.0,"max_hp_loss":0.0,"gold_gain":0.0,"event_name":"Living Wall","player_choice":"Forget","floor":2.0,"gold_loss":0.0,"damage_taken":0.0},{"damage_healed":0.0,"max_hp_gain":0.0,"max_hp_loss":0.0,"gold_gain":0.0,"event_name":"Shining Light","player_choice":"Entered Light","floor":4.0,"gold_loss":0.0,"damage_taken":14.0,"cards_upgraded":["Strike_G","Defend_G"]},{"cards_removed":["Strike_G"],"damage_healed":0.0,"max_hp_gain":0.0,"max_hp_loss":0.0,"gold_gain":0.0,"event_name":"Falling","player_choice":"Removed Attack","floor":36.0,"gold_loss":0.0,"damage_taken":0.0},{"cards_removed":["Strike_G"],"damage_healed":0.0,"max_hp_gain":0.0,"max_hp_loss":0.0,"gold_gain":0.0,"event_name":"Purifier","player_choice":"Purged","floor":38.0,"gold_loss":0.0,"damage_taken":0.0}],"is_beta":false,"boss_relics":[{"not_picked":["Empty Cage","Fusion Hammer"],"picked":"Velvet Choker"},{"not_picked":["WristBlade","White Beast Statue"],"picked":"Black Star"}],"items_purged_floors":[5],"is_endless":false,"potions_floor_spawned":[3,7,12,21,22,31,33,35,45,46],"ascension_level":0}