{"gold_per_floor":[10,24,24,24,42,42,42,42,120,80,105,115,115,128,128,226,226,243,259,225,150,161,161,161],"floor_reached":24,"playtime":900,"items_purged":[],"score":196,"play_id":"df244507-29aa-45e1-8b72-7e1f18d6de01","local_time":"20190211164750","is_ascension_mode":false,"campfire_choices":[{"data":"Neutralize","floor":6,"key":"SMITH"},{"data":"Leg Sweep","floor":8,"key":"SMITH"},{"floor":13,"key":"REST"},{"data":"Survivor","floor":15,"key":"SMITH"},{"floor":23,"key":"REST"}],"neow_cost":"NO_GOLD","seed_source_timestamp":1139230266647454,"circlet_count":0,"master_deck":["Defend_G","Defend_G","Defend_G","Defend_G","Strike_G","Strike_G","Strike_G","Strike_G","Survivor+1","Neutralize+1","Burst+1","Poisoned Stab","Leg Sweep","Leg Sweep+1","Deflect","Bane","Backflip","Burst","Blur","Noxious Fumes+1","Footwork","Sucker Punch+1"],"relics":["Ring of the Snake"],"potions_floor_usage":[11,16,22,24],"damage_taken":[{"damage":0,"enemies":"Jaw Worm","floor":1,"turns":5},{"damage":3,"enemies":"2 Louse","floor":2,"turns":3},{"damage":0,"enemies":"Small Slimes","floor":5,"turns":4},{"damage":24,"enemies":"Gremlin Nob","floor":11,"turns":6},{"damage":1,"enemies":"2 Fungi Beasts","floor":12,"turns":6},{"damage":0,"enemies":"Blue Slaver","floor":14,"turns":5},{"damage":15,"enemies":"Hexaghost","floor":16,"turns":14},{"damage":20,"enemies":"Shell Parasite","floor":18,"turns":15},{"damage":24,"enemies":"Chosen","floor":19,"turns":13},{"damage":3,"enemies":"Snecko","floor":22,"turns":8},{"damage":48,"enemies":"Gremlin Leader","floor":24,"turns":4}],"seed_played":"-1274804746721117585","potions_obtained":[{"floor":1,"key":"Poison Potion"},{"floor":2,"key":"Strength Potion"},{"floor":14,"key":"PowerPotion"},{"floor":19,"key":"Block Potion"}],"is_trial":false,"path_per_floor":["M","M","?","$","M","R","?","R","T","?","E","M","R","M","R","B",null,"M","M","$","?","M","R","E"],"character_chosen":"THE_SILENT","items_purchased":["Footwork"],"campfire_rested":2,"item_purchase_floors":[20],"current_hp_per_floor":[70,67,67,67,67,67,60,60,60,60,36,35,56,56,56,41,70,50,26,26,26,23,44,0],"gold":161,"neow_bonus":"THREE_RARE_CARDS","is_prod":false,"is_daily":false,"chose_seed":false,"campfire_upgraded":3,"win_rate":0,"timestamp":1549928870,"path_taken":["M","M","?","$","M","R","?","R","T","?","E","M","R","M","R","BOSS","M","M","$","?","M","R","E"],"build_version":"2019-01-23","purchased_purges":0,"victory":false,"max_hp_per_floor":[70,70,70,70,70,70,70,70,70,70,70,70,70,70,70,70,70,70,70,70,70,70,70,70],"card_choices":[{"not_picked":["Night Terror","Phantasmal Killer"],"picked":"Burst","floor":0},{"not_picked":["Expertise","Dash"],"picked":"Poisoned Stab","floor":1},{"not_picked":["Caltrops","Cloak And Dagger"],"picked":"Leg Sweep","floor":2},{"not_picked":["Terror","Blade Dance"],"picked":"Leg Sweep","floor":5},{"not_picked":["Caltrops","Distraction"],"picked":"Deflect","floor":11},{"not_picked":["Backflip","PiercingWail"],"picked":"Bane","floor":12},{"not_picked":["Grand Finale","Outmaneuver"],"picked":"Backflip","floor":14},{"not_picked":["Grand Finale","Wraith Form v2"],"picked":"Burst","floor":16},{"not_picked":["Quick Slash","Slice"],"picked":"Blur","floor":18},{"not_picked":["Masterful Stab+1","Prepared"],"picked":"Noxious Fumes+1","floor":19},{"not_picked":["Flying Knee","Acrobatics"],"picked":"Sucker Punch+1","floor":22}],"player_experience":1439636,"relics_obtained":[],"event_choices":[{"damage_healed":0,"gold_gain":0,"player_choice":"Grow","damage_taken":0,"max_hp_gain":0,"max_hp_loss":0,"event_name":"Living Wall","floor":3,"gold_loss":0,"cards_upgraded":["Burst"]},{"cards_removed":["Strike_G"],"damage_healed":0,"gold_gain":0,"player_choice":"Card Removal","damage_taken":7,"max_hp_gain":0,"max_hp_loss":0,"event_name":"Golden Wing","floor":7,"gold_loss":0},{"damage_healed":0,"gold_gain":0,"player_choice":"Left Gold","damage_taken":0,"max_hp_gain":0,"max_hp_loss":0,"event_name":"World of Goop","floor":10,"gold_loss":40},{"cards_removed":["Defend_G"],"damage_healed":0,"gold_gain":0,"player_choice":"Gave Gold","damage_taken":0,"max_hp_gain":0,"max_hp_loss":0,"event_name":"Beggar","floor":21,"gold_loss":75}],"is_beta":false,"boss_relics":[{"not_picked":["Orrery","Astrolabe","Empty Cage"]}],"items_purged_floors":[],"is_endless":false,"potions_floor_spawned":[1,2,14,19],"killed_by":"Gremlin Leader","ascension_level":0}