{"gold_per_floor":[109,188,363,363,380,412,22,22,97,97,110,35,35,49,49,173,173,197,197,197,197,220,220,220,258,258,258,18,34,34,34,34,132,132,146,198,215,0,0,0,11,11,11,11,11,11,23,34,34,34],"floor_reached":51,"playtime":1623,"items_purged":[],"score":834,"play_id":"d2f409b4-14c0-4a00-a643-2204f4152218","local_time":"20181116183015","is_ascension_mode":false,"campfire_choices":[{"floor":8,"key":"DIG"},{"floor":13,"key":"DIG"},{"floor":15,"key":"REST"},{"floor":23,"key":"DIG"},{"floor":32,"key":"REST"},{"floor":46,"key":"DIG"},{"floor":49,"key":"DIG"}],"neow_cost":"NONE","seed_source_timestamp":260661977478105,"circlet_count":0,"master_deck":["Defend_G","Defend_G","Defend_G","Defend_G","Strike_G","Survivor","Neutralize","Noxious Fumes","Masterful Stab+1","Doubt","Sucker Punch+1","Noxious Fumes","Blade Dance","Dagger Throw","Injury","Slice","Backflip","Cloak And Dagger","A Thousand Cuts","Dagger Spray+1","RitualDagger","Shame","Sucker Punch","Cloak And Dagger","Slice+1","Dagger Spray+1","A Thousand Cuts+1","Underhanded Strike+1","Endless Agony+1","Sucker Punch+1","Deflect","Writhe","Secret Technique","Doubt","Dodge and Roll"],"relics":["Ring of the Snake","Du-Vu Doll","Shovel","Ginger","Juzu Bracelet","Singing Bowl","Bloody Idol","Regal Pillow","Busted Crown","Torii","Gambling Chip","Anchor","Molten Egg 2","Snake Skull","Astrolabe","StoneCalendar","Red Mask","Pear","Turnip","Whetstone"],"potions_floor_usage":[18,25,25,33,35,50,50,50],"damage_taken":[{"damage":1,"enemies":"2 Louse","floor":1,"turns":3},{"damage":1,"enemies":"Jaw Worm","floor":5,"turns":5},{"damage":22,"enemies":"Lagavulin","floor":6,"turns":8},{"damage":2,"enemies":"Small Slimes","floor":11,"turns":3},{"damage":9,"enemies":"Looter","floor":14,"turns":3},{"damage":7,"enemies":"Slime Boss","floor":16,"turns":8},{"damage":16,"enemies":"Spheric Guardian","floor":18,"turns":4},{"damage":0,"enemies":"Chosen","floor":22,"turns":4},{"damage":13,"enemies":"Book of Stabbing","floor":25,"turns":5},{"damage":0,"enemies":"Colosseum Slavers","floor":27,"turns":3},{"damage":8,"enemies":"Snake Plant","floor":29,"turns":4},{"damage":69,"enemies":"Collector","floor":33,"turns":8},{"damage":1,"enemies":"3 Darklings","floor":35,"turns":3},{"damage":59,"enemies":"2 Orb Walkers","floor":36,"turns":5},{"damage":1,"enemies":"Orb Walker","floor":37,"turns":2},{"damage":18,"enemies":"3 Darklings","floor":41,"turns":4},{"damage":9,"enemies":"Jaw Worm Horde","floor":47,"turns":4},{"damage":9,"enemies":"Transient","floor":48,"turns":5},{"damage":50,"enemies":"Time Eater","floor":50,"turns":9}],"seed_played":"4999602112754949641","potions_obtained":[{"floor":1,"key":"EssenceOfSteel"},{"floor":6,"key":"LiquidBronze"},{"floor":18,"key":"Fruit Juice"},{"floor":22,"key":"GhostInAJar"},{"floor":33,"key":"Swift Potion"},{"floor":37,"key":"Dexterity Potion"},{"floor":47,"key":"FearPotion"},{"floor":48,"key":"Strength Potion"}],"is_trial":false,"path_per_floor":["M","?","?","T","M","E","$","R","T","?","M","$","R","M","R","B",null,"M","?","?","?","M","R","?","E","T","?","$","M","?","?","R","B",null,"M","?","M","?","$","?","M","?","T","?","?","R","M","M","R","B",null],"character_chosen":"THE_SILENT","items_purchased":["Blade Dance","Ginger","Dagger Throw","Slice","Backflip","Snake Skull","Cloak And Dagger","Slice+1"],"campfire_rested":2,"item_purchase_floors":[7,7,7,12,12,28,28,28],"current_hp_per_floor":[69,69,69,69,68,46,46,46,46,46,46,46,46,37,72,65,72,61,55,55,55,55,55,55,44,44,44,44,36,36,36,74,12,81,81,29,35,35,35,35,22,43,53,53,95,95,93,89,89,39],"gold":34,"neow_bonus":"TRANSFORM_CARD","is_prod":false,"is_daily":false,"chose_seed":false,"campfire_upgraded":0,"win_rate":0,"timestamp":1542418215,"path_taken":["M","?","?","?","M","E","$","R","T","?","M","$","R","M","R","BOSS","M","?","?","?","M","R","?","E","T","?","$","M","?","?","R","BOSS","M","?","M","?","$","?","M","?","T","?","?","R","M","M","R","BOSS"],"build_version":"2018-11-15","purchased_purges":0,"victory":true,"max_hp_per_floor":[70,70,70,70,70,70,70,70,70,70,72,72,72,72,72,72,72,77,77,77,77,77,77,77,79,79,79,79,79,79,79,79,81,81,81,83,85,85,85,85,85,85,95,95,95,95,97,97,97,97],"card_choices":[{"not_picked":["Finisher","Outmaneuver"],"picked":"Masterful Stab","floor":1},{"not_picked":["Flying Knee","Bane"],"picked":"Sucker Punch","floor":5},{"not_picked":["Underhanded Strike","Dagger Spray"],"picked":"Noxious Fumes","floor":6},{"not_picked":["Masterful Stab","Catalyst","PiercingWail"],"picked":"Singing Bowl","floor":11},{"not_picked":["Acrobatics","Terror"],"picked":"Cloak And Dagger","floor":14},{"not_picked":["Malaise","Venomology"],"picked":"A Thousand Cuts","floor":16},{"not_picked":[],"picked":"Dagger Spray+1","floor":18},{"not_picked":[],"picked":"Sucker Punch","floor":22},{"not_picked":["Prepared"],"picked":"Singing Bowl","floor":25},{"not_picked":[],"picked":"Dagger Spray+1","floor":29},{"not_picked":["Wraith Form v2"],"picked":"Singing Bowl","floor":33},{"not_picked":[],"picked":"Sucker Punch+1","floor":35},{"not_picked":["Poisoned Stab+1"],"picked":"Singing Bowl","floor":36},{"not_picked":["Dagger Throw+1"],"picked":"Singing Bowl","floor":37},{"not_picked":[],"picked":"Deflect","floor":41},{"not_picked":[],"picked":"Secret Technique","floor":44},{"not_picked":["Dagger Throw+1"],"picked":"Singing Bowl","floor":47},{"not_picked":[],"picked":"Dodge and Roll","floor":48}],"player_experience":1073217,"relics_obtained":[{"floor":4,"key":"Du-Vu Doll"},{"floor":6,"key":"Shovel"},{"floor":8,"key":"Juzu Bracelet"},{"floor":9,"key":"Singing Bowl"},{"floor":13,"key":"Regal Pillow"},{"floor":23,"key":"Gambling Chip"},{"floor":25,"key":"Anchor"},{"floor":26,"key":"Molten Egg 2"},{"floor":36,"key":"StoneCalendar"},{"floor":43,"key":"Pear"},{"floor":46,"key":"Turnip"},{"floor":49,"key":"Whetstone"}],"event_choices":[{"damage_healed":0,"gold_gain":79,"player_choice":"Gained Gold","damage_taken":0,"max_hp_gain":0,"max_hp_loss":0,"event_name":"Golden Wing","floor":2,"gold_loss":0},{"damage_healed":0,"gold_gain":175,"player_choice":"AGREE","damage_taken":0,"max_hp_gain":0,"max_hp_loss":0,"event_name":"Liars Game","floor":3,"gold_loss":0,"cards_obtained":["Doubt"]},{"damage_healed":0,"gold_gain":0,"player_choice":"Take Wound","damage_taken":0,"relics_obtained":["Golden Idol"],"max_hp_gain":0,"max_hp_loss":0,"event_name":"Golden Idol","floor":10,"gold_loss":0,"cards_obtained":["Injury"]},{"damage_healed":0,"gold_gain":0,"player_choice":"Joined the Cult","damage_taken":6,"max_hp_gain":0,"max_hp_loss":0,"event_name":"Nest","floor":19,"gold_loss":0,"cards_obtained":["RitualDagger"]},{"damage_healed":0,"gold_gain":0,"player_choice":"Ignored","damage_taken":0,"max_hp_gain":0,"max_hp_loss":0,"event_name":"Beggar","floor":20,"gold_loss":0},{"damage_healed":0,"gold_gain":0,"player_choice":"Stole Relic","damage_taken":0,"relics_obtained":["Torii"],"max_hp_gain":0,"max_hp_loss":0,"event_name":"Addict","floor":21,"gold_loss":0,"cards_obtained":["Shame"]},{"damage_healed":0,"gold_gain":0,"player_choice":"Ignored","damage_taken":0,"max_hp_gain":0,"max_hp_loss":0,"event_name":"Ghosts","floor":24,"gold_loss":0},{"damage_healed":0,"gold_gain":0,"player_choice":"Fight","damage_taken":0,"max_hp_gain":0,"max_hp_loss":0,"event_name":"Colosseum","floor":27,"gold_loss":0},{"damage_healed":0,"gold_gain":0,"player_choice":"Fled From Nobs","damage_taken":0,"max_hp_gain":0,"max_hp_loss":0,"event_name":"Colosseum","floor":27,"gold_loss":0},{"damage_healed":0,"gold_gain":0,"player_choice":"Ignored","damage_taken":0,"max_hp_gain":0,"max_hp_loss":0,"event_name":"Cursed Tome","floor":30,"gold_loss":0},{"damage_healed":0,"gold_gain":0,"player_choice":"Gave Idol","damage_taken":0,"relics_obtained":["Bloody Idol"],"max_hp_gain":0,"max_hp_loss":0,"event_name":"Forgotten Altar","floor":31,"relics_lost":["Golden Idol"],"gold_loss":0},{"damage_healed":0,"gold_gain":0,"player_choice":"Fight","damage_taken":0,"max_hp_gain":0,"max_hp_loss":0,"event_name":"Mysterious Sphere","floor":36,"gold_loss":0},{"damage_healed":0,"gold_gain":0,"player_choice":"Paid","damage_taken":0,"relics_obtained":["Red Mask"],"max_hp_gain":0,"max_hp_loss":0,"event_name":"Tomb of Lord Red Mask","floor":38,"gold_loss":215},{"cards_removed":["Defend_G"],"damage_healed":0,"gold_gain":0,"player_choice":"Removed Skill","damage_taken":0,"max_hp_gain":0,"max_hp_loss":0,"event_name":"Falling","floor":40,"gold_loss":0},{"damage_healed":21,"gold_gain":0,"player_choice":"Writhe","damage_taken":0,"max_hp_gain":0,"max_hp_loss":0,"event_name":"Winding Halls","floor":42,"gold_loss":0,"cards_obtained":["Writhe"]},{"damage_healed":0,"gold_gain":0,"player_choice":"Memory 1","damage_taken":0,"max_hp_gain":0,"max_hp_loss":0,"event_name":"SensoryStone","floor":44,"gold_loss":0},{"damage_healed":42,"gold_gain":0,"player_choice":"Heal","damage_taken":0,"max_hp_gain":0,"max_hp_loss":0,"event_name":"MindBloom","floor":45,"gold_loss":0,"cards_obtained":["Doubt"]}],"is_beta":false,"boss_relics":[{"not_picked":["Fusion Hammer","Runic Dome"],"picked":"Busted Crown"},{"not_picked":["Runic Pyramid","Philosopher\u0027s Stone"],"picked":"Astrolabe"}],"items_purged_floors":[],"is_endless":false,"potions_floor_spawned":[1,6,18,22,33,37,47,48],"ascension_level":0}