{"gold_per_floor":[116,291,309,309,128,143,143,143,143,182,182,217,217,241,241,370,370,394,394,417,83,83,123,138,182,182,30,44,58,8,21,21,145,145,168,501,12,0,0,0,32,32,32,60,79,79,97,97,97,97],"floor_reached":50,"playtime":2131,"items_purged":[],"score":730,"play_id":"4e797291-c98a-47e4-8080-5824f90fc765","local_time":"20180924155637","is_ascension_mode":true,"campfire_choices":[{"floor":11,"key":"REST"},{"floor":13,"key":"REST"},{"data":"Rampage","floor":15,"key":"SMITH"},{"floor":32,"key":"REST"},{"data":"1","floor":40,"key":"LIFT"},{"data":"2","floor":42,"key":"LIFT"},{"floor":46,"key":"REST"},{"floor":49,"key":"REST"}],"neow_cost":"NONE","seed_source_timestamp":942555118075167,"circlet_count":0,"master_deck":["Strike_R","Strike_R","Strike_R","Strike_R","Strike_R","Defend_R+1","Defend_R","Defend_R+1","Defend_R","Bash","Clothesline","Anger","True Grit","Shrug It Off","Deep Breath+1","True Grit+1","Rampage+1","Demon Form","Flame Barrier","Bludgeon","Sword Boomerang","Warcry","Inflame","Madness","Spot Weakness","Intimidate","Shrug It Off","Anger","Heavy Blade","Infernal Blade+1","Exhume","Armaments","Clothesline","Purity","Heavy Blade"],"relics":["Burning Blood","War Paint","Ornamental Fan","Vajra","Busted Crown","Sling","Bag of Marbles","Sundial","Torii","Anchor","Snecko Eye","Girya","Strawberry","Red Mask","StoneCalendar","Bag of Preparation","Boot"],"potions_floor_usage":[12,24,25,29,41,47,50,50],"damage_taken":[{"damage":10,"enemies":"2 Louse","floor":1,"turns":2},{"damage":10,"enemies":"Small Slimes","floor":3,"turns":4},{"damage":12,"enemies":"Jaw Worm","floor":6,"turns":4},{"damage":10,"enemies":"3 Sentries","floor":10,"turns":9},{"damage":13,"enemies":"Lagavulin","floor":12,"turns":11},{"damage":22,"enemies":"Lots of Slimes","floor":14,"turns":5},{"damage":32,"enemies":"Hexaghost","floor":16,"turns":11},{"damage":13,"enemies":"Spheric Guardian","floor":18,"turns":5},{"damage":7,"enemies":"Shell Parasite","floor":20,"turns":5},{"damage":29,"enemies":"Slavers","floor":23,"turns":6},{"damage":0,"enemies":"Snecko","floor":24,"turns":3},{"damage":25,"enemies":"Book of Stabbing","floor":25,"turns":6},{"damage":9,"enemies":"Cultist and Chosen","floor":28,"turns":6},{"damage":17,"enemies":"Centurion and Healer","floor":29,"turns":6},{"damage":19,"enemies":"Sentry and Sphere","floor":31,"turns":7},{"damage":46,"enemies":"Champ","floor":33,"turns":10},{"damage":16,"enemies":"3 Shapes","floor":35,"turns":4},{"damage":23,"enemies":"Giant Head","floor":41,"turns":7},{"damage":64,"enemies":"Nemesis","floor":44,"turns":7},{"damage":7,"enemies":"Orb Walker","floor":45,"turns":4},{"damage":11,"enemies":"Spire Growth","floor":47,"turns":3},{"damage":79,"enemies":"Donu and Deca","floor":50,"turns":6}],"seed_played":"-4289812789468559318","potions_obtained":[{"floor":3,"key":"Fire Potion"},{"floor":6,"key":"SkillPotion"},{"floor":16,"key":"SmokeBomb"},{"floor":23,"key":"AttackPotion"},{"floor":25,"key":"SteroidPotion"},{"floor":28,"key":"Regen Potion"},{"floor":33,"key":"Weak Potion"},{"floor":44,"key":"Dexterity Potion"},{"floor":45,"key":"Regen Potion"}],"is_trial":false,"path_per_floor":["M","?","M","?","$","M","?","?","T","E","R","E","R","M","R","B",null,"M","?","M","$","?","E","M","E","T","$","M","M","$","M","R","B",null,"M","?","$","?","?","R","E","R","T","E","M","R","M","$","R"],"character_chosen":"IRONCLAD","items_purchased":["Shrug It Off","Deep Breath","True Grit","Inflame","Sling","Madness","Anchor","Heavy Blade","Girya","Strawberry","Clothesline"],"campfire_rested":5,"item_purchase_floors":[5,5,5,21,21,21,27,30,37,37,37],"current_hp_per_floor":[76,76,72,72,72,66,46,30,30,26,50,43,67,51,51,25,80,73,73,72,72,72,49,55,36,36,36,33,37,37,24,48,8,80,70,70,77,77,77,77,79,79,79,21,20,46,50,50,76,0],"gold":97,"neow_bonus":"THREE_CARDS","is_prod":false,"is_daily":false,"chose_seed":false,"campfire_upgraded":1,"win_rate":0,"timestamp":1537826197,"path_taken":["M","?","M","?","?","?","?","?","T","E","R","E","R","M","R","BOSS","M","?","M","$","?","E","?","E","T","$","M","M","?","M","R","BOSS","M","?","$","?","?","R","E","R","T","E","M","R","?","?","R","BOSS"],"build_version":"2018-09-20","purchased_purges":0,"victory":false,"max_hp_per_floor":[80,80,80,80,80,80,80,80,80,80,80,80,80,80,80,80,80,80,80,80,80,80,80,80,80,80,80,80,80,80,80,80,80,80,80,80,87,87,87,87,87,87,87,87,87,87,87,87,87,87],"card_choices":[{"not_picked":["Carnage","Warcry"],"picked":"Clothesline","floor":0},{"not_picked":["Reckless Charge","Thunderclap"],"picked":"Anger","floor":1},{"not_picked":["Warcry","Cleave"],"picked":"True Grit","floor":3},{"not_picked":["Clothesline","Perfected Strike"],"picked":"Rampage","floor":6},{"not_picked":["Evolve","Brutality","Wild Strike"],"picked":"SKIP","floor":10},{"not_picked":["Iron Wave","Sentinel"],"picked":"Demon Form","floor":12},{"not_picked":["Uppercut","Thunderclap"],"picked":"Flame Barrier","floor":14},{"not_picked":["Reaper","Dark Embrace"],"picked":"Bludgeon","floor":16},{"not_picked":[],"picked":"Sword Boomerang","floor":18},{"not_picked":[],"picked":"Warcry","floor":20},{"not_picked":[],"picked":"Intimidate","floor":23},{"not_picked":["Feel No Pain"],"picked":"SKIP","floor":24},{"not_picked":["Clothesline"],"picked":"SKIP","floor":25},{"not_picked":[],"picked":"Shrug It Off","floor":28},{"not_picked":[],"picked":"Anger","floor":29},{"not_picked":[],"picked":"Infernal Blade+1","floor":31},{"not_picked":[],"picked":"Exhume","floor":33},{"not_picked":[],"picked":"Armaments","floor":35},{"not_picked":[],"picked":"Purity","floor":39},{"not_picked":["Warcry"],"picked":"SKIP","floor":41},{"not_picked":["Thunderclap"],"picked":"SKIP","floor":44},{"not_picked":[],"picked":"Heavy Blade","floor":45},{"not_picked":["Wild Strike"],"picked":"SKIP","floor":47}],"player_experience":572269,"relics_obtained":[{"floor":9,"key":"War Paint"},{"floor":10,"key":"Ornamental Fan"},{"floor":12,"key":"Vajra"},{"floor":23,"key":"Bag of Marbles"},{"floor":25,"key":"Sundial"},{"floor":26,"key":"Torii"},{"floor":41,"key":"StoneCalendar"},{"floor":43,"key":"Bag of Preparation"},{"floor":44,"key":"Boot"}],"event_choices":[{"event_name":"Liars Game","player_choice":"agreed","floor":2,"damage_taken":0},{"event_name":"Living Wall","player_choice":"Forget","floor":4,"damage_taken":0},{"event_name":"Golden Idol","player_choice":"Take Damage","floor":7,"damage_taken":0},{"event_name":"Shining Light","player_choice":"Entered Light","floor":8,"damage_taken":0},{"event_name":"Ghosts","player_choice":"Ignored","floor":19,"damage_taken":0},{"event_name":"The Library","player_choice":"Read","floor":22,"damage_taken":0},{"event_name":"The Moai Head","player_choice":"Gave Idol","floor":36,"damage_taken":0},{"event_name":"Tomb of Lord Red Mask","player_choice":"Paid","floor":38,"damage_taken":0},{"event_name":"SensoryStone","player_choice":"Memory 1","floor":39,"damage_taken":0}],"is_beta":false,"boss_relics":[{"not_picked":["Empty Cage","Black Blood"],"picked":"Busted Crown"},{"not_picked":["Tiny House","Velvet Choker"],"picked":"Snecko Eye"}],"items_purged_floors":[],"is_endless":false,"potions_floor_spawned":[3,6,16,23,25,28,33,44,45],"killed_by":"Donu and Deca","ascension_level":4}