{"gold_per_floor":[144,144,193,242,42,140,215,264,314,314,363,30,79,128,128,453,453,502,551,59,108,157,157,7,7,57,57,155,5,54,152,152,477,477,526,335,384,433,482,580,629,629,629,954,954,1052,1101,1101,1101,1101],"floor_reached":50,"playtime":5975,"items_purged":[],"score":671,"play_id":"46588aad-76c7-4a0f-a3a3-9be3a76a8cca","local_time":"20190301161636","daily_mods":["Insanity","Diverse","Midas"],"is_ascension_mode":false,"campfire_choices":[{"floor":15.0,"key":"REST"},{"floor":23.0,"key":"REST"},{"floor":32.0,"key":"REST"},{"floor":42,"key":"REST"},{"floor":49,"key":"REST"}],"neow_cost":"","seed_source_timestamp":0,"circlet_count":0,"master_deck":["Sword Boomerang","Noxious Fumes","Flex","Footwork","BootSequence","Redo","Caltrops","Sunder+1","Scrape","Heavy Blade","Wild Strike","Streamline","True Grit","Go for the Eyes","Twin Strike","Body Slam","Hello World","Skewer","Sever Soul","Beam Cell","Sword Boomerang","Ball Lightning","Headbutt","Dagger Throw","Go for the Eyes","Sucker Punch","Outmaneuver","Heavy Blade","Dodge and Roll","Streamline","Stack","Iron Wave","Warcry","Twin Strike+1","Whirlwind","Chill","Poisoned Stab","Dual Wield","Wild Strike","Slice","Deflect","Armaments","Chaos","Distraction","Endless Agony","Dagger Spray","Armaments","Endless Agony","Barrage","Injury","Cold Snap","Go for the Eyes","Dash","Adrenaline","Melter","Steam","Sweeping Beam","Fire Breathing","FTL","Sweeping Beam","Creative AI","Rebound","Seeing Red","Mayhem","Leap","Rupture","Distraction+1","Necronomicurse","Cleave","Backstab+1","Dagger Throw","After Image","Havoc+1","Apotheosis","Steam Power+1","Dodge and Roll+1","Underhanded Strike+1","Setup+1","Deflect","Ball Lightning+1","Coolheaded","Bash"],"special_seed":17956,"relics":["Burning Blood","Golden Idol","TheAbacus","Gremlin Horn","Smiling Mask","Darkstone Periapt","Mark of Pain","Charon\u0027s Ashes","Happy Flower","MutagenicStrength","PreservedInsect","Necronomicon","Centennial Puzzle","Whetstone","Oddly Smooth Stone","Busted Crown","Dream Catcher","Sundial","Nunchaku","Gambling Chip"],"potions_floor_usage":[40,50,50],"damage_taken":[{"damage":3.0,"enemies":"Jaw Worm","floor":1.0,"turns":3.0},{"damage":0.0,"enemies":"Small Slimes","floor":3.0,"turns":2.0},{"damage":0.0,"enemies":"2 Louse","floor":4.0,"turns":1.0},{"damage":11.0,"enemies":"3 Sentries","floor":6.0,"turns":6.0},{"damage":0.0,"enemies":"Lots of Slimes","floor":8.0,"turns":3.0},{"damage":0.0,"enemies":"Looter","floor":11.0,"turns":2.0},{"damage":0.0,"enemies":"Large Slime","floor":13.0,"turns":5.0},{"damage":7.0,"enemies":"Blue Slaver","floor":14.0,"turns":3.0},{"damage":61.0,"enemies":"The Guardian","floor":16.0,"turns":9.0},{"damage":22.0,"enemies":"2 Thieves","floor":18.0,"turns":4.0},{"damage":9.0,"enemies":"Shell Parasite","floor":19.0,"turns":5.0},{"damage":0.0,"enemies":"Chosen and Byrds","floor":21.0,"turns":3.0},{"damage":13.0,"enemies":"3 Cultists","floor":22.0,"turns":3.0},{"damage":11.0,"enemies":"Slavers","floor":28.0,"turns":3.0},{"damage":0.0,"enemies":"Centurion and Healer","floor":30.0,"turns":4.0},{"damage":2.0,"enemies":"Book of Stabbing","floor":31.0,"turns":2.0},{"damage":34.0,"enemies":"Collector","floor":33.0,"turns":8.0},{"damage":23.0,"enemies":"3 Shapes","floor":35.0,"turns":3.0},{"damage":3.0,"enemies":"Orb Walker","floor":37.0,"turns":3.0},{"damage":0,"enemies":"Spire Growth","floor":38,"turns":4},{"damage":12,"enemies":"4 Shapes","floor":39,"turns":2},{"damage":0,"enemies":"Reptomancer","floor":40,"turns":2},{"damage":21,"enemies":"Maw","floor":41,"turns":5},{"damage":8,"enemies":"Mind Bloom Boss Battle","floor":44,"turns":4},{"damage":16,"enemies":"Nemesis","floor":46,"turns":3},{"damage":16,"enemies":"3 Darklings","floor":47,"turns":3},{"damage":125,"enemies":"Time Eater","floor":50,"turns":10}],"seed_played":"8353618742473353149","potions_obtained":[{"floor":3.0,"key":"EssenceOfSteel"},{"floor":8.0,"key":"SteroidPotion"},{"floor":11.0,"key":"FairyPotion"},{"floor":18.0,"key":"Explosive Potion"},{"floor":21.0,"key":"PowerPotion"},{"floor":22.0,"key":"Ancient Potion"},{"floor":28.0,"key":"SteroidPotion"},{"floor":37,"key":"Block Potion"},{"floor":39,"key":"SmokeBomb"},{"floor":40,"key":"Regen Potion"},{"floor":41,"key":"Weak Potion"}],"is_trial":false,"path_per_floor":["M","?","M","M","$","E","?","M","T","?","M","$","M","M","R","B",null,"M","M","$","M","M","R","$","?","T","?","E","$","M","E","R","B",null,"M","$","M","M","M","E","M","R","T","?","?","E","M","?","R","B"],"character_chosen":"IRONCLAD","items_purchased":["TheAbacus","Darkstone Periapt","Sweeping Beam","Fire Breathing","Charon\u0027s Ashes","Mayhem","Leap","Happy Flower","Whetstone","Apotheosis"],"campfire_rested":5,"item_purchase_floors":[5,12,12,12,20,20,20,24,29,36],"current_hp_per_floor":[80,80,80,80,80,75,64,70,70,70,76,76,80,79,80,25,80,64,61,61,67,60,80,80,80,80,70,65,65,71,75,86,58,86,69,69,72,78,72,78,63,86,86,84,84,74,64,64,86,0],"gold":1101,"neow_bonus":"","is_prod":false,"is_daily":true,"chose_seed":false,"campfire_upgraded":0,"win_rate":0,"timestamp":1551456996,"path_taken":["M","?","M","M","$","E","?","M","T","?","M","$","M","M","R","BOSS","M","M","$","M","M","R","?","?","T","?","E","?","M","E","R","BOSS","M","$","M","M","?","E","M","R","T","?","?","E","M","?","R","BOSS"],"build_version":"2019-01-23","purchased_purges":0,"victory":false,"max_hp_per_floor":[80,80,80,80,80,80,80,80,80,80,80,80,80,80,80,80,80,80,80,80,80,80,80,80,80,80,86,86,86,86,86,86,86,86,86,86,86,86,86,86,86,86,86,86,86,86,86,86,86,86],"card_choices":[{"not_picked":["Wild Strike","Shrug It Off"],"picked":"Barrage","floor":1.0},{"not_picked":["Gash","Distraction"],"picked":"Cold Snap","floor":3.0},{"not_picked":["Masterful Stab","Concentrate"],"picked":"Go for the Eyes","floor":4.0},{"not_picked":["Carnage","Pommel Strike"],"picked":"Dash","floor":6.0},{"not_picked":["Dagger Throw","Hologram"],"picked":"Adrenaline","floor":8.0},{"not_picked":["Entrench","Barrage"],"picked":"Steam","floor":11.0},{"not_picked":["Whirlwind","True Grit"],"picked":"FTL","floor":13.0},{"not_picked":["Slice","Cold Snap"],"picked":"Sweeping Beam","floor":14.0},{"not_picked":["Amplify","Fiend Fire"],"picked":"Creative AI","floor":16.0},{"not_picked":["Burning Pact","Cold Snap"],"picked":"Rebound","floor":18.0},{"not_picked":["Armaments","Quick Slash+1"],"picked":"Seeing Red","floor":19.0},{"not_picked":["Body Slam","Steam"],"picked":"Rupture","floor":21.0},{"not_picked":["Hologram+1","Compile Driver"],"picked":"Distraction+1","floor":22.0},{"not_picked":["Reboot","Eviscerate"],"picked":"Cleave","floor":28.0},{"not_picked":["Beam Cell","Steam"],"picked":"Backstab+1","floor":30.0},{"not_picked":["Offering","Hemokinesis"],"picked":"Dagger Throw","floor":31.0},{"not_picked":["Offering","Wraith Form v2"],"picked":"After Image","floor":33.0},{"not_picked":[],"picked":"Havoc+1","floor":35.0},{"not_picked":[],"picked":"Steam Power+1","floor":37},{"not_picked":[],"picked":"Dodge and Roll+1","floor":38},{"not_picked":[],"picked":"Underhanded Strike+1","floor":39},{"not_picked":[],"picked":"Setup+1","floor":40},{"not_picked":[],"picked":"Deflect","floor":41},{"not_picked":[],"picked":"Ball Lightning+1","floor":42},{"not_picked":[],"picked":"Coolheaded","floor":44},{"not_picked":["Setup"],"picked":"SKIP","floor":46},{"not_picked":["Havoc"],"picked":"SKIP","floor":47}],"player_experience":249831,"relics_obtained":[{"floor":6.0,"key":"Gremlin Horn"},{"floor":9.0,"key":"Smiling Mask"},{"floor":26.0,"key":"PreservedInsect"},{"floor":27.0,"key":"Necronomicon"},{"floor":28.0,"key":"Centennial Puzzle"},{"floor":31.0,"key":"Oddly Smooth Stone"},{"floor":40,"key":"Dream Catcher"},{"floor":43,"key":"Sundial"},{"floor":44,"key":"Nunchaku"},{"floor":46,"key":"Gambling Chip"}],"event_choices":[{"damage_healed":0.0,"max_hp_gain":0.0,"max_hp_loss":0.0,"gold_gain":0.0,"event_name":"Golden Idol","player_choice":"Take Wound","floor":2.0,"gold_loss":0.0,"damage_taken":0.0,"relics_obtained":["Golden Idol"],"cards_obtained":["Injury"]},{"damage_healed":0.0,"max_hp_gain":0.0,"max_hp_loss":0.0,"gold_gain":75.0,"event_name":"World of Goop","player_choice":"Gather Gold","floor":7.0,"gold_loss":0.0,"damage_taken":11.0},{"damage_healed":0.0,"max_hp_gain":0.0,"max_hp_loss":0.0,"gold_gain":0.0,"cards_transformed":["Twin Strike"],"event_name":"Transmorgrifier","player_choice":"Transformed","floor":10.0,"gold_loss":0.0,"damage_taken":0.0,"cards_obtained":["Melter"]},{"damage_healed":0.0,"max_hp_gain":0.0,"max_hp_loss":0.0,"gold_gain":0.0,"event_name":"Drug Dealer","player_choice":"Inject Mutagens","floor":25.0,"gold_loss":0.0,"damage_taken":0.0,"relics_obtained":["MutagenicStrength"]},{"damage_healed":0.0,"max_hp_gain":0.0,"max_hp_loss":0.0,"gold_gain":0.0,"event_name":"Cursed Tome","player_choice":"Obtained Book","floor":27.0,"gold_loss":0.0,"damage_taken":16.0},{"damage_healed":0,"gold_gain":0,"player_choice":"Fight","damage_taken":0,"max_hp_gain":0,"max_hp_loss":0,"event_name":"MindBloom","floor":44,"gold_loss":0},{"cards_removed":["Headbutt"],"damage_healed":0,"gold_gain":0,"player_choice":"Removed Attack","damage_taken":0,"max_hp_gain":0,"max_hp_loss":0,"event_name":"Falling","floor":45,"gold_loss":0},{"damage_healed":0,"gold_gain":0,"player_choice":"1 cards matched","damage_taken":0,"max_hp_gain":0,"max_hp_loss":0,"event_name":"Match and Keep!","floor":48,"gold_loss":0,"cards_obtained":["Bash"]}],"is_beta":false,"boss_relics":[{"not_picked":["Runic Dome","Velvet Choker"],"picked":"Mark of Pain"},{"not_picked":["Astrolabe","Calling Bell"],"picked":"Busted Crown"}],"items_purged_floors":[],"is_endless":false,"potions_floor_spawned":[3,8,11,18,21,22,28,37,39,40,41],"killed_by":"Time Eater","ascension_level":0}