{"gold_per_floor":[109,109,120,25,45,80,80,97,123,135,164,164,184,211,211,211],"floor_reached":16,"playtime":938,"items_purged":[],"score":165,"play_id":"d40c7258-7df6-47dd-91a1-7d5d99424081","local_time":"20190323123852","is_ascension_mode":true,"campfire_choices":[{"floor":7,"key":"REST"},{"data":"Defragment","floor":15,"key":"SMITH"}],"neow_cost":"NONE","seed_source_timestamp":652105230221817,"circlet_count":0,"master_deck":["Strike_B","Strike_B","Strike_B","Strike_B","Defend_B","Defend_B","Defend_B","Defend_B","Zap","Dualcast","Conserve Battery","Defragment+1","Self Repair","Leap","Undo","FTL","Chill","Chill","Glacier","Reboot"],"relics":["Cracked Core","NeowsBlessing","Dream Catcher","Lantern","Blood Vial","Matryoshka","Pantograph"],"potions_floor_usage":[],"damage_taken":[{"damage":0,"enemies":"2 Louse","floor":1,"turns":1},{"damage":0,"enemies":"Jaw Worm","floor":3,"turns":1},{"damage":0,"enemies":"Small Slimes","floor":5,"turns":1},{"damage":40,"enemies":"3 Sentries","floor":6,"turns":10},{"damage":6,"enemies":"Looter","floor":8,"turns":4},{"damage":0,"enemies":"Lots of Slimes","floor":10,"turns":5},{"damage":28,"enemies":"Gremlin Nob","floor":11,"turns":5},{"damage":4,"enemies":"2 Fungi Beasts","floor":13,"turns":4},{"damage":5,"enemies":"3 Sentries","floor":14,"turns":12},{"damage":78,"enemies":"Hexaghost","floor":16,"turns":16}],"seed_played":"6563746124137371774","potions_obtained":[{"floor":3,"key":"Regen Potion"},{"floor":11,"key":"FocusPotion"},{"floor":13,"key":"SpeedPotion"}],"is_trial":false,"path_per_floor":["?","?"],"character_chosen":"DEFECT","items_purchased":["Self Repair","Leap"],"campfire_rested":1,"item_purchase_floors":[4,4],"current_hp_per_floor":[68,61,61,61,61,28,50,51,51,60,41,66,71,75,75,0],"gold":211,"neow_bonus":"THREE_ENEMY_KILL","is_prod":false,"is_daily":false,"chose_seed":false,"campfire_upgraded":1,"win_rate":0,"timestamp":1553359132,"path_taken":["M","?","M","$","M","E","R","M","T","M","E","?","M","E","R","BOSS"],"build_version":"2019-01-23","purchased_purges":0,"victory":false,"max_hp_per_floor":[75,75,75,75,75,75,75,75,75,75,75,75,75,75,75,75],"card_choices":[{"not_picked":["Stack","Rebound"],"picked":"Conserve Battery","floor":1},{"not_picked":["Sweeping Beam","FTL"],"picked":"Defragment","floor":3},{"not_picked":["Rebound","Sweeping Beam"],"picked":"Undo","floor":5},{"not_picked":["Streamline","Thunder Strike","Rainbow"],"picked":"SKIP","floor":6},{"not_picked":["Redo","Barrage"],"picked":"FTL","floor":7},{"not_picked":["Turbo","Streamline"],"picked":"Chill","floor":8},{"not_picked":["Beam Cell","Hologram","Go for the Eyes"],"picked":"SKIP","floor":10},{"not_picked":["Gash","Coolheaded"],"picked":"Chill","floor":11},{"not_picked":["Sweeping Beam","Coolheaded"],"picked":"Glacier","floor":13},{"not_picked":["Scrape","Go for the Eyes"],"picked":"Reboot","floor":14}],"player_experience":924743,"relics_obtained":[{"floor":6,"key":"Lantern"},{"floor":9,"key":"Blood Vial"},{"floor":11,"key":"Matryoshka"},{"floor":14,"key":"Pantograph"}],"event_choices":[{"damage_healed":0,"gold_gain":0,"player_choice":"Success","damage_taken":7,"relics_obtained":["Dream Catcher"],"max_hp_gain":0,"max_hp_loss":0,"event_name":"Scrap Ooze","floor":2,"gold_loss":0},{"damage_healed":25,"gold_gain":0,"player_choice":"Banana","damage_taken":0,"max_hp_gain":0,"max_hp_loss":0,"event_name":"Big Fish","floor":12,"gold_loss":0}],"is_beta":false,"boss_relics":[],"items_purged_floors":[],"is_endless":false,"potions_floor_spawned":[3,11,13],"killed_by":"Hexaghost","ascension_level":7}