{"gold_per_floor":[109,109,89,17,35,48,48,63,87,87,105,4,4,0,0,98,98,110,125,125,125,142,142,65,65,119,132,132,149,199,214,214,319,319,329,429,8,8,8,8,36,46,46,62,76,76,91,102,102,102],"floor_reached":51,"playtime":10529,"items_purged":["Strike_G"],"score":644,"play_id":"510093ae-a822-4a47-a441-b849858a0f31","local_time":"20190331130017","is_ascension_mode":false,"campfire_choices":[{"data":"Noxious Fumes","floor":7.0,"key":"SMITH"},{"floor":10.0,"key":"REST"},{"data":"Well Laid Plans","floor":13.0,"key":"SMITH"},{"data":"Neutralize","floor":15.0,"key":"SMITH"},{"floor":23.0,"key":"REST"},{"floor":25.0,"key":"REST"},{"floor":32.0,"key":"REST"},{"floor":40.0,"key":"REST"},{"floor":49,"key":"REST"}],"neow_cost":"NONE","seed_source_timestamp":0,"circlet_count":0,"master_deck":["Defend_G","Defend_G","Defend_G","Defend_G","Defend_G","Survivor","Neutralize+1","Accuracy","Noxious Fumes+1","Backflip+1","Prepared","Flying Knee","Well Laid Plans+1","Quick Slash","Cloak And Dagger","After Image","Cloak And Dagger","Backflip","Well Laid Plans","Dash+1","Outmaneuver","Bullet Time+1","A Thousand Cuts","Backflip","Outmaneuver","Bandage Up","Acrobatics","Backflip","Tactician+1","Escape Plan+1","Leg Sweep","Acrobatics+1","Dagger Throw+1"],"special_seed":0,"relics":["Ring of the Snake","Regal Pillow","White Beast Statue","PreservedInsect","Empty Cage","The Specimen","Potion Belt","War Paint","Centennial Puzzle"],"potions_floor_usage":[45,47,48,50],"damage_taken":[{"damage":2.0,"enemies":"Jaw Worm","floor":1.0,"turns":9.0},{"damage":0.0,"enemies":"2 Louse","floor":5.0,"turns":4.0},{"damage":0.0,"enemies":"Cultist","floor":6.0,"turns":5.0},{"damage":3.0,"enemies":"Large Slime","floor":8.0,"turns":8.0},{"damage":7.0,"enemies":"Exordium Wildlife","floor":11.0,"turns":6.0},{"damage":0.0,"enemies":"Looter","floor":14.0,"turns":4.0},{"damage":32.0,"enemies":"The Guardian","floor":16.0,"turns":10.0},{"damage":19.0,"enemies":"3 Byrds","floor":18.0,"turns":6.0},{"damage":5.0,"enemies":"Chosen","floor":19.0,"turns":7.0},{"damage":17.0,"enemies":"Colosseum Slavers","floor":21.0,"turns":6.0},{"damage":7.0,"enemies":"Centurion and Healer","floor":22.0,"turns":9.0},{"damage":47.0,"enemies":"3 Cultists","floor":27.0,"turns":8.0},{"damage":4.0,"enemies":"Sentry and Sphere","floor":29.0,"turns":7.0},{"damage":4.0,"enemies":"Snake Plant","floor":31.0,"turns":8.0},{"damage":32.0,"enemies":"Automaton","floor":33.0,"turns":15.0},{"damage":23.0,"enemies":"Orb Walker","floor":35.0,"turns":7.0},{"damage":13.0,"enemies":"Mind Bloom Boss Battle","floor":36.0,"turns":10.0},{"damage":38.0,"enemies":"Reptomancer","floor":41.0,"turns":7.0},{"damage":0.0,"enemies":"3 Shapes","floor":42.0,"turns":7.0},{"damage":16.0,"enemies":"Spire Growth","floor":44.0,"turns":8.0},{"damage":94,"enemies":"4 Shapes","floor":45,"turns":6},{"damage":24,"enemies":"3 Darklings","floor":47,"turns":6},{"damage":14,"enemies":"Sphere and 2 Shapes","floor":48,"turns":7},{"damage":49,"enemies":"Donu and Deca","floor":50,"turns":15}],"seed_played":"3036773147902786949","potions_obtained":[{"floor":6.0,"key":"FearPotion"},{"floor":18.0,"key":"Swift Potion"},{"floor":19.0,"key":"Swift Potion"},{"floor":22.0,"key":"EssenceOfSteel"},{"floor":27.0,"key":"Weak Potion"},{"floor":29.0,"key":"GamblersBrew"},{"floor":31.0,"key":"Energy Potion"},{"floor":33.0,"key":"SpeedPotion"},{"floor":35.0,"key":"SpeedPotion"},{"floor":36.0,"key":"SteroidPotion"},{"floor":41.0,"key":"FairyPotion"},{"floor":42.0,"key":"Regen Potion"},{"floor":44.0,"key":"Weak Potion"},{"floor":45,"key":"Swift Potion"},{"floor":47,"key":"PowerPotion"},{"floor":48,"key":"SpeedPotion"}],"is_trial":false,"path_per_floor":["M","?","?","$","M","M","R","M","T","R","M","$","R","M","R","B",null,"M","M","?","?","M","R","$","R","T","M","?","M","?","M","R","B",null,"M","?","$","?","?","R","E","M","T","M","M","?","M","M","R","B",null],"character_chosen":"THE_SILENT","items_purchased":["Noxious Fumes","Well Laid Plans","Quick Slash","Well Laid Plans","Outmaneuver","Potion Belt","Regen Potion","EssenceOfSteel"],"campfire_rested":6,"item_purchase_floors":[4,12,12,24,37,37,37,37],"current_hp_per_floor":[75,68,68,68,68,68,68,65,65,77,70,70,70,70,70,38,77,58,53,39,22,15,54,54,82,82,35,62,58,58,54,82,50,82,59,46,46,46,46,82,59,63,63,66,1,72,52,42,72,27],"gold":102,"neow_bonus":"TEN_PERCENT_HP_BONUS","is_prod":false,"is_daily":false,"chose_seed":false,"campfire_upgraded":3,"win_rate":0.0,"timestamp":1554051617,"path_taken":["M","?","?","$","M","M","R","?","T","R","M","$","R","M","R","BOSS","M","M","?","?","M","R","$","R","T","M","?","?","?","M","R","BOSS","M","?","$","?","?","R","E","M","T","?","M","?","M","M","R","BOSS"],"build_version":"2019-01-23","purchased_purges":1,"victory":true,"max_hp_per_floor":[77,77,77,77,77,77,77,77,77,77,77,77,77,77,77,77,77,77,77,82,82,82,82,82,82,82,82,82,82,82,82,82,82,82,82,82,82,82,82,82,82,82,82,82,82,72,72,72,72,72],"card_choices":[{"not_picked":["Blade Dance","Catalyst"],"picked":"Accuracy","floor":1.0},{"not_picked":["Dodge and Roll","Skewer"],"picked":"Backflip","floor":5.0},{"not_picked":["Backflip","Heel Hook"],"picked":"Prepared","floor":6.0},{"not_picked":["PiercingWail","Underhanded Strike"],"picked":"Flying Knee","floor":8.0},{"not_picked":["Distraction","Accuracy","Dodge and Roll"],"picked":"SKIP","floor":11.0},{"not_picked":["All Out Attack","Dash"],"picked":"Cloak And Dagger","floor":14.0},{"not_picked":["Wraith Form v2","Tools of the Trade"],"picked":"After Image","floor":16.0},{"not_picked":["Flying Knee","Acrobatics"],"picked":"Cloak And Dagger","floor":18.0},{"not_picked":["Calculated Gamble","Backstab"],"picked":"Backflip","floor":19.0},{"not_picked":["PiercingWail","Underhanded Strike","Crippling Poison"],"picked":"SKIP","floor":22.0},{"not_picked":["Blade Dance","PiercingWail"],"picked":"Dash+1","floor":27.0},{"not_picked":["Underhanded Strike","Prepared"],"picked":"Outmaneuver","floor":29.0},{"not_picked":["Prepared+1","Outmaneuver"],"picked":"Bullet Time","floor":31.0},{"not_picked":["Doppelganger","Bullet Time"],"picked":"A Thousand Cuts","floor":33.0},{"not_picked":["Choke+1","Deadly Poison"],"picked":"Backflip","floor":35.0},{"not_picked":["Finesse","Deep Breath"],"picked":"Bandage Up","floor":38.0},{"not_picked":["Sucker Punch+1","Corpse Explosion"],"picked":"Backflip","floor":41.0},{"not_picked":["Calculated Gamble","Flying Knee"],"picked":"Tactician+1","floor":42.0},{"not_picked":["Leg Sweep","Dagger Spray+1"],"picked":"Escape Plan+1","floor":44.0},{"not_picked":["Blade Dance+1","Bane+1"],"picked":"Leg Sweep","floor":45},{"not_picked":["Bouncing Flask+1","Quick Slash"],"picked":"Acrobatics+1","floor":47},{"not_picked":["Sucker Punch+1","Distraction"],"picked":"Dagger Throw+1","floor":48}],"player_experience":48234,"relics_obtained":[{"floor":9.0,"key":"Regal Pillow"},{"floor":26.0,"key":"PreservedInsect"},{"floor":36.0,"key":"The Specimen"},{"floor":41.0,"key":"War Paint"},{"floor":43.0,"key":"Centennial Puzzle"}],"event_choices":[{"cards_removed":["Strike_G"],"damage_healed":0.0,"max_hp_gain":0.0,"max_hp_loss":0.0,"gold_gain":0.0,"event_name":"Golden Wing","player_choice":"Card Removal","floor":2.0,"gold_loss":0.0,"damage_taken":7.0},{"damage_healed":0.0,"max_hp_gain":0.0,"max_hp_loss":0.0,"gold_gain":0.0,"event_name":"The Woman in Blue","player_choice":"Bought 1 Potion","floor":3.0,"gold_loss":0.0,"damage_taken":0.0},{"damage_healed":0.0,"max_hp_gain":5.0,"max_hp_loss":0.0,"gold_gain":0.0,"event_name":"Forgotten Altar","player_choice":"Shed Blood","floor":20.0,"gold_loss":0.0,"damage_taken":19.0},{"damage_healed":0.0,"max_hp_gain":0.0,"max_hp_loss":0.0,"gold_gain":0.0,"event_name":"Colosseum","player_choice":"Fight","floor":21.0,"gold_loss":0.0,"damage_taken":0.0},{"damage_healed":0.0,"max_hp_gain":0.0,"max_hp_loss":0.0,"gold_gain":0.0,"event_name":"Colosseum","player_choice":"Fled From Nobs","floor":21.0,"gold_loss":0.0,"damage_taken":0.0},{"damage_healed":27.0,"max_hp_gain":0.0,"max_hp_loss":0.0,"gold_gain":0.0,"event_name":"The Library","player_choice":"Heal","floor":28.0,"gold_loss":0.0,"damage_taken":0.0},{"damage_healed":0.0,"max_hp_gain":0.0,"max_hp_loss":0.0,"gold_gain":100.0,"event_name":"The Joust","player_choice":"Bet on Murderer","floor":30.0,"gold_loss":50.0,"damage_taken":0.0},{"damage_healed":0.0,"max_hp_gain":0.0,"max_hp_loss":0.0,"gold_gain":0.0,"event_name":"MindBloom","player_choice":"Fight","floor":36.0,"gold_loss":0.0,"damage_taken":0.0},{"damage_healed":0.0,"max_hp_gain":0.0,"max_hp_loss":0.0,"gold_gain":0.0,"event_name":"SensoryStone","player_choice":"Memory 1","floor":38.0,"gold_loss":0.0,"damage_taken":0.0},{"damage_healed":0.0,"max_hp_gain":0.0,"max_hp_loss":0.0,"gold_gain":0.0,"cards_transformed":["Strike_G"],"event_name":"Transmorgrifier","player_choice":"Transformed","floor":39.0,"gold_loss":0.0,"damage_taken":0.0,"cards_obtained":["Acrobatics"]},{"damage_healed":72,"gold_gain":0,"player_choice":"Heal","damage_taken":0,"max_hp_gain":0,"max_hp_loss":10,"event_name":"The Moai Head","floor":46,"gold_loss":0}],"is_beta":false,"boss_relics":[{"not_picked":["Philosopher\u0027s Stone","Runic Dome"],"picked":"White Beast Statue"},{"not_picked":["Runic Pyramid","Cursed Key"],"picked":"Empty Cage"}],"items_purged_floors":[37],"is_endless":false,"potions_floor_spawned":[6,18,19,21,22,27,29,31,33,35,36,41,42,44,45,47,48],"ascension_level":0}