{"gold_per_floor":[111,126,139,158,173,173,207,218,243,255,287,297,297,315,315,420,420,431,446,456,456],"floor_reached":21,"playtime":1251,"items_purged":[],"score":308,"play_id":"633de502-04b8-46ab-898c-c1866aac9047","local_time":"20190401222854","is_ascension_mode":true,"campfire_choices":[{"data":"Zap","floor":6,"key":"SMITH"},{"floor":13,"key":"REST"},{"data":"Go for the Eyes","floor":15,"key":"SMITH"}],"neow_cost":"NONE","seed_source_timestamp":1464795328064366,"circlet_count":0,"master_deck":["AscendersBane","Strike_B","Strike_B","Strike_B","Strike_B","Defend_B","Defend_B","Defend_B","Defend_B","Zap+1","Dualcast","Compile Driver","Glacier","Rip and Tear","Compile Driver","Go for the Eyes+1","Rip and Tear","Leap","Sweeping Beam","Seek","Ball Lightning","Go for the Eyes","Rainbow","Stack+1","Defragment","Steam+1"],"relics":["FrozenCore","Letter Opener","Boot","Matryoshka"],"potions_floor_usage":[4,4,7],"damage_taken":[{"damage":0,"enemies":"Cultist","floor":1,"turns":4},{"damage":2,"enemies":"Jaw Worm","floor":2,"turns":3},{"damage":6,"enemies":"Small Slimes","floor":3,"turns":3},{"damage":7,"enemies":"Gremlin Gang","floor":4,"turns":6},{"damage":3,"enemies":"Blue Slaver","floor":5,"turns":3},{"damage":16,"enemies":"3 Sentries","floor":7,"turns":6},{"damage":6,"enemies":"Exordium Wildlife","floor":8,"turns":3},{"damage":8,"enemies":"Looter","floor":10,"turns":3},{"damage":24,"enemies":"Gremlin Nob","floor":11,"turns":4},{"damage":7,"enemies":"Gremlin Gang","floor":12,"turns":3},{"damage":1,"enemies":"Exordium Wildlife","floor":14,"turns":3},{"damage":30,"enemies":"Hexaghost","floor":16,"turns":10},{"damage":20,"enemies":"3 Byrds","floor":18,"turns":4},{"damage":4,"enemies":"Shell Parasite","floor":19,"turns":7},{"damage":26,"enemies":"Snake Plant","floor":20,"turns":5},{"damage":20,"enemies":"Cultist and Chosen","floor":21,"turns":5}],"seed_played":"-7875017056744763922","potions_obtained":[{"floor":1,"key":"Energy Potion"},{"floor":3,"key":"Energy Potion"},{"floor":4,"key":"FairyPotion"},{"floor":5,"key":"Poison Potion"},{"floor":14,"key":"Regen Potion"},{"floor":16,"key":"GamblersBrew"}],"is_trial":false,"path_per_floor":[],"character_chosen":"DEFECT","items_purchased":[],"campfire_rested":1,"item_purchase_floors":[],"current_hp_per_floor":[75,73,67,60,57,57,41,35,35,27,3,8,32,31,31,1,62,42,38,12,0],"gold":456,"neow_bonus":"TEN_PERCENT_HP_BONUS","is_prod":false,"is_daily":false,"chose_seed":false,"campfire_upgraded":2,"win_rate":0,"timestamp":1554172134,"path_taken":["M","M","M","M","M","R","E","M","T","M","E","M","R","M","R","BOSS","M","M","M","M"],"build_version":"2019-01-23","purchased_purges":0,"victory":false,"max_hp_per_floor":[82,82,82,82,82,82,82,82,82,82,82,82,82,82,82,82,82,82,82,82,82],"card_choices":[{"not_picked":["Stack","Barrage"],"picked":"Compile Driver","floor":1},{"not_picked":["Barrage","Sweeping Beam"],"picked":"Glacier","floor":2},{"not_picked":["Scrape","Rebound"],"picked":"Rip and Tear","floor":3},{"not_picked":["Streamline","Steam Power"],"picked":"Compile Driver","floor":4},{"not_picked":["Coolheaded","Storm"],"picked":"Go for the Eyes","floor":5},{"not_picked":["Gash","Compile Driver"],"picked":"Rip and Tear","floor":7},{"not_picked":["Conserve Battery","Blizzard"],"picked":"Leap","floor":8},{"not_picked":["Steam Power","Barrage"],"picked":"Sweeping Beam","floor":10},{"not_picked":["Rebound","Gash"],"picked":"Seek","floor":11},{"not_picked":["Rip and Tear","Heatsinks"],"picked":"Ball Lightning","floor":12},{"not_picked":["Skim","Gash"],"picked":"Go for the Eyes","floor":14},{"not_picked":["Reboot","Meteor Strike"],"picked":"Rainbow","floor":16},{"not_picked":["Rip and Tear","Gash"],"picked":"Stack+1","floor":18},{"not_picked":["Lockon","Stack"],"picked":"Defragment","floor":19},{"not_picked":["Turbo","Conserve Battery"],"picked":"Steam+1","floor":20}],"player_experience":1390708,"relics_obtained":[{"floor":7,"key":"Letter Opener"},{"floor":9,"key":"Boot"},{"floor":11,"key":"Matryoshka"}],"event_choices":[],"is_beta":false,"boss_relics":[{"not_picked":["Runic Pyramid","White Beast Statue"],"picked":"FrozenCore"}],"items_purged_floors":[],"is_endless":false,"potions_floor_spawned":[1,3,4,5,14,16],"killed_by":"Cultist and Chosen","ascension_level":11}