{"gold_per_floor":[112,126,126,137,151,177,177,190,190,140,197,217,217,217,217,312,312,328,328,328,12,28,40,40],"floor_reached":24,"playtime":1410,"items_purged":["Writhe"],"score":208,"play_id":"d6459792-e8f9-4a4a-b630-fd72563d6f45","local_time":"20190212000416","is_ascension_mode":false,"campfire_choices":[{"data":"Terror","floor":7,"key":"SMITH"},{"floor":13,"key":"REST"},{"data":"A Thousand Cuts","floor":15,"key":"SMITH"}],"neow_cost":"NONE","seed_source_timestamp":386413959674795,"circlet_count":0,"master_deck":["Defend_G","Defend_G","Defend_G","Defend_G","Strike_G","Strike_G","Strike_G","Strike_G","Survivor","Neutralize","Cloak And Dagger","Terror+1","Adrenaline","A Thousand Cuts+1","Flying Knee","Flying Knee","Dagger Throw","Noxious Fumes","After Image","Noxious Fumes","Well Laid Plans","Mayhem","Noxious Fumes","Escape Plan"],"relics":["Ring of the Serpent","Regal Pillow","Orichalcum","Tiny Chest","Unceasing Top","Mercury Hourglass","Singing Bowl"],"potions_floor_usage":[6,18],"damage_taken":[{"damage":0,"enemies":"Jaw Worm","floor":1,"turns":5},{"damage":0,"enemies":"Cultist","floor":2,"turns":4},{"damage":0,"enemies":"2 Louse","floor":4,"turns":3},{"damage":0,"enemies":"Blue Slaver","floor":5,"turns":6},{"damage":20,"enemies":"Gremlin Nob","floor":6,"turns":4},{"damage":2,"enemies":"3 Louse","floor":8,"turns":3},{"damage":13,"enemies":"3 Sentries","floor":11,"turns":9},{"damage":4,"enemies":"Exordium Wildlife","floor":12,"turns":3},{"damage":28,"enemies":"The Guardian","floor":16,"turns":9},{"damage":9,"enemies":"2 Thieves","floor":18,"turns":4},{"damage":8,"enemies":"3 Byrds","floor":22,"turns":3},{"damage":7,"enemies":"Cultist and Chosen","floor":23,"turns":5},{"damage":57,"enemies":"Slavers","floor":24,"turns":4}],"seed_played":"-9206118948832769402","potions_obtained":[{"floor":2,"key":"EssenceOfSteel"},{"floor":5,"key":"GamblersBrew"},{"floor":11,"key":"LiquidBronze"},{"floor":16,"key":"LiquidBronze"}],"is_trial":false,"path_per_floor":["?","M","?","T","?","T"],"character_chosen":"THE_SILENT","items_purchased":["Well Laid Plans","Mayhem"],"campfire_rested":1,"item_purchase_floors":[21,21],"current_hp_per_floor":[70,70,70,70,70,50,50,48,48,48,35,31,67,67,67,39,70,61,61,61,61,53,46,0],"gold":40,"neow_bonus":"THREE_CARDS","is_prod":false,"is_daily":false,"chose_seed":false,"campfire_upgraded":2,"win_rate":0,"timestamp":1549947856,"path_taken":["M","M","?","M","M","E","R","?","T","?","E","M","R","?","R","BOSS","M","?","?","$","M","M","E"],"build_version":"2019-01-23","purchased_purges":1,"victory":false,"max_hp_per_floor":[70,70,70,70,70,70,70,70,70,70,70,70,70,70,70,70,70,70,70,70,70,70,70,70],"card_choices":[{"not_picked":["Caltrops","Deadly Poison"],"picked":"Cloak And Dagger","floor":0},{"not_picked":["Prepared","Poisoned Stab","Dagger Spray"],"picked":"SKIP","floor":1},{"not_picked":["Acrobatics","Slice"],"picked":"Terror","floor":2},{"not_picked":["Acrobatics","Quick Slash"],"picked":"A Thousand Cuts","floor":4},{"not_picked":["Caltrops","Bane"],"picked":"Flying Knee","floor":5},{"not_picked":["Catalyst","Acrobatics"],"picked":"Flying Knee","floor":6},{"not_picked":["Outmaneuver","Quick Slash"],"picked":"Dagger Throw","floor":8},{"not_picked":["Setup","Finisher","Predator"],"picked":"SKIP","floor":11},{"not_picked":["PiercingWail","Skewer"],"picked":"Noxious Fumes","floor":12},{"not_picked":["Unload","Wraith Form v2"],"picked":"After Image","floor":16},{"not_picked":["Prepared","Underhanded Strike"],"picked":"Noxious Fumes","floor":18},{"not_picked":["Deflect","Prepared"],"picked":"Noxious Fumes","floor":22},{"not_picked":["Prepared","Slice"],"picked":"Escape Plan","floor":23}],"player_experience":427726,"relics_obtained":[{"floor":6,"key":"Regal Pillow"},{"floor":9,"key":"Orichalcum"},{"floor":11,"key":"Tiny Chest"},{"floor":14,"key":"Unceasing Top"},{"floor":20,"key":"Singing Bowl"}],"event_choices":[{"damage_healed":0,"gold_gain":0,"cards_transformed":["Defend_G"],"player_choice":"Transformed","damage_taken":0,"max_hp_gain":0,"max_hp_loss":0,"event_name":"Transmorgrifier","floor":3,"gold_loss":0,"cards_obtained":["Adrenaline"]},{"cards_removed":["Strike_G"],"damage_healed":0,"gold_gain":0,"player_choice":"Card Removal","damage_taken":0,"max_hp_gain":0,"max_hp_loss":0,"event_name":"The Cleric","floor":10,"gold_loss":50},{"damage_healed":0,"gold_gain":0,"player_choice":"Opened","damage_taken":0,"relics_obtained":["Mercury Hourglass"],"max_hp_gain":0,"max_hp_loss":0,"event_name":"The Mausoleum","floor":19,"gold_loss":0,"cards_obtained":["Writhe"]}],"is_beta":false,"boss_relics":[{"not_picked":["Coffee Dripper","Velvet Choker"],"picked":"Ring of the Serpent"}],"items_purged_floors":[21],"is_endless":false,"potions_floor_spawned":[2,5,11,16],"killed_by":"Slavers","ascension_level":0}