{"gold_per_floor":[111,111,123,41,41,41,82,82,82,102,145,145,164,189,189,189],"floor_reached":16,"playtime":1310,"items_purged":[],"score":200,"play_id":"a45c32b0-9b2b-41a8-9803-09a265ee9727","local_time":"20190325225139","is_ascension_mode":true,"campfire_choices":[{"data":"Dodge and Roll","floor":6,"key":"SMITH"},{"data":"Well Laid Plans","floor":8,"key":"SMITH"},{"data":"Dodge and Roll","floor":12,"key":"SMITH"},{"floor":15,"key":"REST"}],"neow_cost":"NONE","seed_source_timestamp":861303414689735,"circlet_count":0,"master_deck":["AscendersBane","Defend_G","Defend_G","Defend_G","Defend_G","Defend_G","Strike_G","Strike_G","Strike_G","Strike_G","Strike_G","Survivor","Neutralize+1","Dodge and Roll+1","Well Laid Plans+1","Dodge and Roll+1","Backflip","Dodge and Roll","Backflip"],"relics":["Ring of the Snake","NeowsBlessing","Golden Idol","Ancient Tea Set","Peace Pipe","Blue Candle","Odd Mushroom"],"potions_floor_usage":[16],"damage_taken":[{"damage":0,"enemies":"Jaw Worm","floor":1,"turns":1},{"damage":0,"enemies":"Small Slimes","floor":3,"turns":1},{"damage":0,"enemies":"Gremlin Nob","floor":7,"turns":1},{"damage":1,"enemies":"2 Louse","floor":10,"turns":3},{"damage":20,"enemies":"3 Sentries","floor":11,"turns":18},{"damage":1,"enemies":"Large Slime","floor":13,"turns":12},{"damage":15,"enemies":"The Mushroom Lair","floor":14,"turns":9},{"damage":37,"enemies":"Slime Boss","floor":16,"turns":17}],"seed_played":"4493236377743018728","potions_obtained":[{"floor":1,"key":"Weak Potion"},{"floor":10,"key":"SpeedPotion"},{"floor":11,"key":"Energy Potion"}],"is_trial":false,"path_per_floor":["?","?","?"],"character_chosen":"THE_SILENT","items_purchased":["Well Laid Plans"],"campfire_rested":1,"item_purchase_floors":[4],"current_hp_per_floor":[63,63,63,63,46,46,46,46,46,45,25,25,24,9,30,0],"gold":189,"neow_bonus":"THREE_ENEMY_KILL","is_prod":false,"is_daily":false,"chose_seed":false,"campfire_upgraded":3,"win_rate":0,"timestamp":1553568699,"path_taken":["M","?","M","$","?","R","E","R","T","M","E","R","M","?","R","BOSS"],"build_version":"2019-01-23","purchased_purges":0,"victory":false,"max_hp_per_floor":[70,70,70,70,70,70,70,70,70,70,70,70,70,70,70,70],"card_choices":[{"not_picked":["Catalyst","Skewer"],"picked":"Dodge and Roll","floor":1},{"not_picked":["Escape Plan","Choke","Terror"],"picked":"SKIP","floor":3},{"not_picked":["Flying Knee","Blade Dance","Sucker Punch"],"picked":"SKIP","floor":7},{"not_picked":["Blade Dance","Acrobatics"],"picked":"Dodge and Roll","floor":10},{"not_picked":["Acrobatics","Dagger Throw"],"picked":"Backflip","floor":11},{"not_picked":["Adrenaline","Dash"],"picked":"Dodge and Roll","floor":13},{"not_picked":["Heel Hook","Blade Dance"],"picked":"Backflip","floor":14}],"player_experience":1018697,"relics_obtained":[{"floor":7,"key":"Ancient Tea Set"},{"floor":9,"key":"Peace Pipe"},{"floor":11,"key":"Blue Candle"},{"floor":14,"key":"Odd Mushroom"}],"event_choices":[{"damage_healed":0,"gold_gain":0,"player_choice":"Grow","damage_taken":0,"max_hp_gain":0,"max_hp_loss":0,"event_name":"Living Wall","floor":2,"gold_loss":0,"cards_upgraded":["Neutralize"]},{"damage_healed":0,"gold_gain":0,"player_choice":"Take Damage","damage_taken":17,"relics_obtained":["Golden Idol"],"max_hp_gain":0,"max_hp_loss":0,"event_name":"Golden Idol","floor":5,"gold_loss":0},{"damage_healed":0,"gold_gain":0,"player_choice":"Fought Mushrooms","damage_taken":0,"max_hp_gain":0,"max_hp_loss":0,"event_name":"Mushrooms","floor":14,"gold_loss":0}],"is_beta":false,"boss_relics":[],"items_purged_floors":[],"is_endless":false,"potions_floor_spawned":[1,10,11],"killed_by":"Slime Boss","ascension_level":10}