{"gold_per_floor":[119,133,145,1,11,38,55,55,78,78,103,103,30,63,63,163,163,147,147,162,180,196,196],"floor_reached":23,"playtime":1188,"items_purged":[],"score":224,"play_id":"3f664be7-a86b-4985-9e7b-5b306eabb67d","local_time":"20180805140045","is_ascension_mode":true,"campfire_choices":[{"data":"Echo Form","floor":8,"key":"SMITH"},{"data":"Defragment","floor":12,"key":"SMITH"},{"floor":15,"key":"REST"}],"neow_cost":"","seed_source_timestamp":360232834591531,"circlet_count":0,"master_deck":["Strike_B","Strike_B","Strike_B","Strike_B","Defend_B","Defend_B","Defend_B","Defend_B","Zap","Dualcast","Chaos","Redo+1","Conserve Battery+1","Self Repair+1","Cold Snap","Leap","Echo Form+1","Darkness","White Noise","Defragment+1","Capacitor","Redo","Redo","Core Surge","Cold Snap+1","Machine Learning","Zap","Static Discharge","Coolheaded+1","Cold Snap","Stack"],"relics":["Cracked Core","War Paint","Boot","Oddly Smooth Stone","Dream Catcher","Nuclear Battery"],"potions_floor_usage":[6,11,21,21,22],"damage_taken":[{"damage":6,"enemies":"Jaw Worm","floor":1,"turns":3},{"damage":1,"enemies":"Cultist","floor":2,"turns":3},{"damage":7,"enemies":"2 Louse","floor":3,"turns":3},{"damage":25,"enemies":"Exordium Thugs","floor":5,"turns":5},{"damage":3,"enemies":"3 Sentries","floor":6,"turns":7},{"damage":16,"enemies":"Lots of Slimes","floor":7,"turns":4},{"damage":12,"enemies":"Lagavulin","floor":11,"turns":8},{"damage":30,"enemies":"3 Sentries","floor":14,"turns":10},{"damage":24,"enemies":"Slime Boss","floor":16,"turns":8},{"damage":14,"enemies":"2 Thieves","floor":18,"turns":4},{"damage":14,"enemies":"Spheric Guardian","floor":20,"turns":4},{"damage":15,"enemies":"Snecko","floor":21,"turns":5},{"damage":17,"enemies":"Snake Plant","floor":22,"turns":3},{"damage":64,"enemies":"Gremlin Leader","floor":23,"turns":6}],"seed_played":"-7362807422517351963","potions_obtained":[{"floor":2,"key":"AttackPotion"},{"floor":3,"key":"Strength Potion"},{"floor":16,"key":"EssenceOfSteel"},{"floor":20,"key":"Dexterity Potion"},{"floor":21,"key":"Poison Potion"}],"is_trial":false,"path_per_floor":["M","M","M","$","M","E","M","R","T","?","E","R","$","E","R","B",null,"M","?","M","M","M"],"character_chosen":"DEFECT","items_purchased":["Self Repair","Cold Snap","Leap","Capacitor"],"campfire_rested":1,"item_purchase_floors":[4,4,4,13],"current_hp_per_floor":[69,68,61,61,43,54,45,45,45,45,43,43,43,23,45,41,75,71,71,67,69,62,0],"gold":196,"neow_bonus":"","is_prod":false,"is_daily":false,"chose_seed":false,"campfire_upgraded":2,"win_rate":0,"timestamp":1533499245,"path_taken":["M","M","M","$","M","E","M","R","T","?","E","R","?","E","R","BOSS","M","?","M","?","M","E"],"build_version":"2018-08-02","purchased_purges":0,"victory":false,"max_hp_per_floor":[75,75,75,75,75,75,75,75,75,75,75,75,75,75,75,75,75,75,75,75,75,75,75],"card_choices":[{"not_picked":["Coolheaded","Auto Shields"],"picked":"Chaos","floor":1},{"not_picked":["Recycle","Aggregate"],"picked":"Redo","floor":2},{"not_picked":["Beam Cell","Steam"],"picked":"Conserve Battery","floor":3},{"not_picked":["Beam Cell","Recycle"],"picked":"Echo Form","floor":5},{"not_picked":["Heatsinks","Leap"],"picked":"Darkness","floor":6},{"not_picked":["Barrage","Force Field"],"picked":"White Noise","floor":7},{"not_picked":["Beam Cell","Auto Shields"],"picked":"Defragment","floor":11},{"not_picked":["Chaos","Conserve Battery"],"picked":"Redo","floor":14},{"not_picked":["Gash","Fission"],"picked":"Redo","floor":15},{"not_picked":["Machine Learning","Seek"],"picked":"Core Surge","floor":16},{"not_picked":["Force Field","Sunder"],"picked":"Cold Snap+1","floor":18},{"not_picked":["Sweeping Beam","Conserve Battery"],"picked":"Coolheaded+1","floor":20},{"not_picked":["Redo","Rebound"],"picked":"Cold Snap","floor":21},{"not_picked":["Ball Lightning+1","Reprogram"],"picked":"Stack","floor":22}],"player_experience":203104,"relics_obtained":[{"floor":6,"key":"War Paint"},{"floor":9,"key":"Boot"},{"floor":11,"key":"Oddly Smooth Stone"},{"floor":14,"key":"Dream Catcher"}],"event_choices":[{"event_name":"Upgrade Shrine","player_choice":"Upgraded","floor":10,"damage_taken":0},{"event_name":"Match and Keep!","player_choice":"3 cards matched","floor":19,"damage_taken":0}],"is_beta":false,"boss_relics":[{"not_picked":["Runic Pyramid","Eternal Feather"],"picked":"Nuclear Battery"}],"items_purged_floors":[],"is_endless":false,"potions_floor_spawned":[2,3,16,20,21],"killed_by":"Gremlin Leader","ascension_level":1}