{"gold_per_floor":[115,133,149,149,62,62,62,86,86,36,49,49,72,86,86,214,214,227,251,251,264,22,43,43,61,111,111,132,132,132],"floor_reached":30,"playtime":4271,"items_purged":[],"score":249,"play_id":"f4ce5b2a-c9a7-482a-a84d-41fe59ea9ec6","local_time":"20190409231938","is_ascension_mode":true,"campfire_choices":[{"data":"Coolheaded","floor":6,"key":"SMITH"},{"data":"Dualcast","floor":12,"key":"SMITH"},{"data":"Scrape","floor":15,"key":"SMITH"},{"data":"Go for the Eyes","floor":24,"key":"SMITH"},{"data":"Buffer","floor":27,"key":"SMITH"},{"data":"Hologram","floor":29,"key":"SMITH"}],"neow_cost":"NONE","seed_source_timestamp":0,"circlet_count":0,"master_deck":["Strike_B","Strike_B","Strike_B","Defend_B","Defend_B","Defend_B","Defend_B","Zap+1","Dualcast+1","Coolheaded+1","Self Repair","Glacier","Cold Snap","Seek","Scrape+1","Auto Shields","Buffer+1","Go for the Eyes+1","Beam Cell","Conserve Battery","Redo+1","Hologram+1"],"special_seed":0,"relics":["Cracked Core","Golden Idol","Ancient Tea Set","Inserter","HandDrill","Centennial Puzzle"],"potions_floor_usage":[8,16,16,16,16,21,21,21,23,23,30],"damage_taken":[{"damage":0.0,"enemies":"Small Slimes","floor":1.0,"turns":1.0},{"damage":0.0,"enemies":"Cultist","floor":2.0,"turns":2.0},{"damage":0,"enemies":"Jaw Worm","floor":3,"turns":4},{"damage":5,"enemies":"Red Slaver","floor":8,"turns":3},{"damage":0,"enemies":"Looter","floor":11,"turns":4},{"damage":0,"enemies":"Lots of Slimes","floor":13,"turns":8},{"damage":1,"enemies":"Blue Slaver","floor":14,"turns":4},{"damage":49,"enemies":"Slime Boss","floor":16,"turns":11},{"damage":8,"enemies":"Spheric Guardian","floor":18,"turns":8},{"damage":15,"enemies":"2 Thieves","floor":19,"turns":5},{"damage":35,"enemies":"3 Cultists","floor":21,"turns":8},{"damage":21,"enemies":"Snecko","floor":23,"turns":9},{"damage":2,"enemies":"Centurion and Healer","floor":25,"turns":12},{"damage":6,"enemies":"Shelled Parasite and Fungi","floor":28,"turns":8},{"damage":80,"enemies":"Gremlin Leader","floor":30,"turns":9}],"seed_played":"1959760385089664911","potions_obtained":[{"floor":0.0,"key":"Explosive Potion"},{"floor":0.0,"key":"Swift Potion"},{"floor":0.0,"key":"Poison Potion"},{"floor":1.0,"key":"Fire Potion"},{"floor":2.0,"key":"EntropicBrew"},{"floor":16,"key":"Regen Potion"},{"floor":20,"key":"Fire Potion"},{"floor":21,"key":"FearPotion"},{"floor":23,"key":"Fruit Juice"},{"floor":28,"key":"Explosive Potion"}],"is_trial":false,"path_per_floor":["M","M","M","?","$","R","?","M","T","?","M","R","M","M","R","B",null,"M","M","?","M","$","M","R","M","T","R","M","R","E"],"character_chosen":"DEFECT","items_purchased":["Glacier","Cold Snap","HandDrill","Conserve Battery"],"campfire_rested":0,"item_purchase_floors":[5,5,22,22],"current_hp_per_floor":[75,75,75,75,75,75,57,59,59,59,66,66,73,75,75,33,75,74,66,66,67,67,58,58,63,63,63,64,64,0],"gold":132,"neow_bonus":"THREE_SMALL_POTIONS","is_prod":false,"is_daily":false,"chose_seed":false,"campfire_upgraded":6,"win_rate":0,"timestamp":1554866378,"path_taken":["M","M","M","?","?","R","?","M","T","?","M","R","M","M","R","BOSS","M","M","?","?","$","M","R","M","T","R","M","R","E"],"build_version":"2019-01-23","purchased_purges":0,"victory":false,"max_hp_per_floor":[75,75,75,75,75,75,75,75,75,75,75,75,75,75,75,75,75,75,75,75,75,75,80,80,80,80,80,80,80,80],"card_choices":[{"not_picked":["Conserve Battery","Steam Power"],"picked":"Coolheaded","floor":1.0},{"not_picked":["Streamline","Turbo","Compile Driver"],"picked":"SKIP","floor":2.0},{"not_picked":["Hologram","Recycle"],"picked":"Self Repair","floor":3},{"not_picked":["Static Discharge","Rebound"],"picked":"Seek","floor":8},{"not_picked":["Barrage","Recycle","Sunder"],"picked":"SKIP","floor":11},{"not_picked":["Rebound","Coolheaded"],"picked":"Scrape","floor":13},{"not_picked":["Self Repair","Streamline"],"picked":"Auto Shields","floor":14},{"not_picked":["All For One","Creative AI"],"picked":"Buffer","floor":16},{"not_picked":["Gash","Double Energy"],"picked":"Go for the Eyes","floor":18},{"not_picked":["Auto Shields","Chaos+1","Doom and Gloom"],"picked":"SKIP","floor":19},{"not_picked":["White Noise","Conserve Battery"],"picked":"Beam Cell","floor":21},{"not_picked":["Streamline","Rip and Tear","Darkness+1"],"picked":"SKIP","floor":23},{"not_picked":["Static Discharge","Cold Snap"],"picked":"Redo+1","floor":25},{"not_picked":["Aggregate","Machine Learning"],"picked":"Hologram","floor":28}],"player_experience":297223,"relics_obtained":[{"floor":9,"key":"Ancient Tea Set"},{"floor":26,"key":"Centennial Puzzle"}],"event_choices":[{"damage_healed":0,"gold_gain":0,"player_choice":"Forge","damage_taken":0,"max_hp_gain":0,"max_hp_loss":0,"event_name":"Accursed Blacksmith","floor":4,"gold_loss":0,"cards_upgraded":["Zap"]},{"damage_healed":0,"gold_gain":0,"player_choice":"Take Damage","damage_taken":18,"relics_obtained":["Golden Idol"],"max_hp_gain":0,"max_hp_loss":0,"event_name":"Golden Idol","floor":7,"gold_loss":0},{"cards_removed":["Strike_B"],"damage_healed":0,"gold_gain":0,"player_choice":"Card Removal","damage_taken":0,"max_hp_gain":0,"max_hp_loss":0,"event_name":"The Cleric","floor":10,"gold_loss":50},{"damage_healed":0,"gold_gain":0,"player_choice":"Got Potions","damage_taken":0,"max_hp_gain":0,"max_hp_loss":0,"event_name":"Lab","floor":20,"gold_loss":0}],"is_beta":false,"boss_relics":[{"not_picked":["Lizard Tail","Orrery"],"picked":"Inserter"}],"items_purged_floors":[],"is_endless":false,"potions_floor_spawned":[1,2,16,21,23,28],"killed_by":"Gremlin Leader","ascension_level":2}