{"gold_per_floor":[118,134,152,152,166,199,199,199,252,252,270,299,316,335,335,435,485,504,504,522,522,522,548,473,473,473,473,501,501,426,446,446,446],"floor_reached":33,"playtime":1545,"items_purged":["Pain"],"score":320,"play_id":"22b619c2-a72a-43cb-83a7-973485eb0f70","local_time":"20190315203607","is_ascension_mode":false,"campfire_choices":[{"data":"Bash","floor":8,"key":"SMITH"},{"floor":15,"key":"REST"},{"floor":25,"key":"REST"},{"floor":32,"key":"REST"}],"neow_cost":"PERCENT_DAMAGE","seed_source_timestamp":202632493413090,"circlet_count":0,"master_deck":["Strike_R","Strike_R","Strike_R","Strike_R","Strike_R","Defend_R","Defend_R","Defend_R+1","Bash+1","Clash+1","Iron Wave+1","Clash","Feed","Clash","RitualDagger","Cleave"],"relics":["Burning Blood","Incense Burner","Paper Frog","Whetstone","WarpedTongs","Lantern","Tiny House","Pantograph","Juzu Bracelet","Frozen Egg 2","Pear","Gambling Chip","Question Card"],"potions_floor_usage":[12,20,23,23],"damage_taken":[{"damage":1,"enemies":"Cultist","floor":1,"turns":3},{"damage":1,"enemies":"2 Louse","floor":2,"turns":2},{"damage":0,"enemies":"Small Slimes","floor":3,"turns":5},{"damage":7,"enemies":"Blue Slaver","floor":5,"turns":2},{"damage":1,"enemies":"Gremlin Nob","floor":6,"turns":4},{"damage":12,"enemies":"Looter","floor":11,"turns":2},{"damage":24,"enemies":"3 Sentries","floor":12,"turns":8},{"damage":15,"enemies":"Exordium Wildlife","floor":13,"turns":7},{"damage":3,"enemies":"2 Fungi Beasts","floor":14,"turns":2},{"damage":70,"enemies":"Slime Boss","floor":16,"turns":11},{"damage":13,"enemies":"3 Byrds","floor":18,"turns":6},{"damage":10,"enemies":"2 Thieves","floor":20,"turns":3},{"damage":46,"enemies":"Gremlin Leader","floor":23,"turns":7},{"damage":69,"enemies":"Slavers","floor":28,"turns":11},{"damage":0,"enemies":"Snecko","floor":31,"turns":2},{"damage":76,"enemies":"Collector","floor":33,"turns":8}],"seed_played":"8563046444180638310","potions_obtained":[{"floor":2,"key":"BloodPotion"},{"floor":5,"key":"Explosive Potion"},{"floor":14,"key":"SneckoOil"},{"floor":17,"key":"Poison Potion"},{"floor":20,"key":"SkillPotion"}],"is_trial":false,"path_per_floor":["M","?","?","?","M","T","?","?","$","T","?","?"],"character_chosen":"IRONCLAD","items_purchased":[],"campfire_rested":3,"item_purchase_floors":[],"current_hp_per_floor":[61,66,72,65,64,69,69,69,69,69,63,53,44,47,71,11,89,85,85,84,84,78,38,38,66,66,76,13,13,13,19,50,0],"gold":446,"neow_bonus":"ONE_RARE_RELIC","is_prod":false,"is_daily":false,"chose_seed":false,"campfire_upgraded":1,"win_rate":0,"timestamp":1552696567,"path_taken":["M","M","?","?","M","E","?","R","T","?","M","E","M","?","R","BOSS","M","?","M","?","?","E","?","R","T","?","E","?","?","M","R","BOSS"],"build_version":"2019-01-23","purchased_purges":1,"victory":false,"max_hp_per_floor":[80,80,80,80,80,80,80,80,80,80,80,80,80,80,80,84,89,92,92,95,95,95,95,95,95,95,105,105,105,105,105,105,105],"card_choices":[{"not_picked":["Twin Strike","Carnage"],"picked":"Clash","floor":1},{"not_picked":["Flex","Armaments","Burning Pact"],"picked":"SKIP","floor":2},{"not_picked":["Sword Boomerang","Twin Strike"],"picked":"Iron Wave","floor":3},{"not_picked":["Wild Strike","Whirlwind","Body Slam"],"picked":"SKIP","floor":5},{"not_picked":["Flame Barrier","Second Wind","Feel No Pain"],"picked":"SKIP","floor":6},{"not_picked":["Inflame","Body Slam"],"picked":"Clash","floor":11},{"not_picked":["Cleave","Warcry","Headbutt"],"picked":"SKIP","floor":12},{"not_picked":["Pommel Strike","Perfected Strike","Shrug It Off"],"picked":"SKIP","floor":13},{"not_picked":["Body Slam","Pommel Strike"],"picked":"Feed","floor":14},{"not_picked":["Flex","Havoc"],"picked":"Clash","floor":17},{"not_picked":["Twin Strike","Perfected Strike","Corruption+1"],"picked":"SKIP","floor":18},{"not_picked":["Rupture","Reckless Charge","Offering"],"picked":"SKIP","floor":20},{"not_picked":["Limit Break","Metallicize"],"picked":"Cleave","floor":23},{"not_picked":["Ghostly Armor","Headbutt","Spot Weakness"],"picked":"SKIP","floor":28},{"not_picked":["Blood for Blood","Heavy Blade","Shrug It Off","Twin Strike+1"],"picked":"SKIP","floor":31}],"player_experience":666123,"relics_obtained":[{"floor":6,"key":"Paper Frog"},{"floor":9,"key":"Whetstone"},{"floor":12,"key":"Lantern"},{"floor":19,"key":"Pantograph"},{"floor":23,"key":"Juzu Bracelet"},{"floor":26,"key":"Frozen Egg 2"},{"floor":27,"key":"Pear"},{"floor":28,"key":"Gambling Chip"}],"event_choices":[{"cards_removed":["Defend_R"],"damage_healed":0,"gold_gain":0,"player_choice":"Card Removal","damage_taken":7,"max_hp_gain":0,"max_hp_loss":0,"event_name":"Golden Wing","floor":4,"gold_loss":0},{"damage_healed":0,"gold_gain":0,"player_choice":"Ignored","damage_taken":0,"max_hp_gain":0,"max_hp_loss":0,"event_name":"Liars Game","floor":7,"gold_loss":0},{"damage_healed":0,"gold_gain":0,"player_choice":"Rummage","damage_taken":0,"relics_obtained":["WarpedTongs"],"max_hp_gain":0,"max_hp_loss":0,"event_name":"Accursed Blacksmith","floor":10,"gold_loss":0,"cards_obtained":["Pain"]},{"damage_healed":0,"gold_gain":0,"player_choice":"Ignored","damage_taken":0,"max_hp_gain":0,"max_hp_loss":0,"event_name":"Ghosts","floor":21,"gold_loss":0},{"damage_healed":0,"gold_gain":0,"player_choice":"Joined the Cult","damage_taken":6,"max_hp_gain":0,"max_hp_loss":0,"event_name":"Nest","floor":22,"gold_loss":0,"cards_obtained":["RitualDagger"]},{"damage_healed":0,"gold_gain":0,"player_choice":"Opened","damage_taken":0,"relics_obtained":["Question Card"],"max_hp_gain":0,"max_hp_loss":0,"event_name":"The Mausoleum","floor":29,"gold_loss":0,"cards_obtained":["Writhe"]},{"cards_removed":["Writhe"],"damage_healed":0,"gold_gain":0,"player_choice":"Gave Gold","damage_taken":0,"max_hp_gain":0,"max_hp_loss":0,"event_name":"Beggar","floor":30,"gold_loss":75}],"is_beta":false,"boss_relics":[{"not_picked":["Snecko Eye","Calling Bell"],"picked":"Tiny House"}],"items_purged_floors":[24],"is_endless":false,"potions_floor_spawned":[2,5,14,20],"killed_by":"Collector","ascension_level":0}