{"gold_per_floor":[113,38,49,66,81,81,116,126,206,206,219,247,247,273,273,349,349,366,101,116,126,143,143,169,169,242,268,281,281,206,223,223,223],"floor_reached":33,"playtime":2894,"items_purged":["Strike_B"],"score":585,"play_id":"5eaa0b64-913e-4603-a8e4-4e4942178680","local_time":"20190330194151","is_ascension_mode":true,"campfire_choices":[{"data":"Hyperbeam","floor":6.0,"key":"SMITH"},{"data":"Coolheaded","floor":10.0,"key":"SMITH"},{"data":"Zap","floor":13.0,"key":"SMITH"},{"data":"Compile Driver","floor":15.0,"key":"SMITH"},{"data":"BootSequence","floor":23.0,"key":"SMITH"},{"data":"Darkness","floor":25.0,"key":"SMITH"},{"floor":32.0,"key":"REST"}],"neow_cost":"NONE","seed_source_timestamp":55040634114200,"circlet_count":0,"master_deck":["AscendersBane","Strike_B","Defend_B","Defend_B","Defend_B","Defend_B","Zap+1","Dualcast","Ball Lightning","Leap","Hyperbeam+1","Compile Driver+1","Coolheaded+1","Undo","BootSequence+1","Core Surge","Glacier","Chaos+1","Darkness+1","Necronomicurse","Capacitor"],"special_seed":0,"relics":["Cracked Core","PreservedInsect","Matryoshka","Thread and Needle","Pen Nib","Sozu","ClockworkSouvenir","Question Card","Orichalcum","Molten Egg 2","Regal Pillow","Necronomicon"],"potions_floor_usage":[],"damage_taken":[{"damage":7.0,"enemies":"Small Slimes","floor":1.0,"turns":3.0},{"damage":0.0,"enemies":"2 Louse","floor":3.0,"turns":2.0},{"damage":0.0,"enemies":"Jaw Worm","floor":4.0,"turns":3.0},{"damage":0.0,"enemies":"Blue Slaver","floor":5.0,"turns":3.0},{"damage":14.0,"enemies":"Lagavulin","floor":7.0,"turns":6.0},{"damage":7.0,"enemies":"Exordium Wildlife","floor":8.0,"turns":2.0},{"damage":0.0,"enemies":"3 Louse","floor":11.0,"turns":1.0},{"damage":0.0,"enemies":"3 Sentries","floor":12.0,"turns":1.0},{"damage":6.0,"enemies":"Gremlin Nob","floor":14.0,"turns":3.0},{"damage":33.0,"enemies":"Hexaghost","floor":16.0,"turns":12.0},{"damage":0.0,"enemies":"2 Thieves","floor":18.0,"turns":2.0},{"damage":0.0,"enemies":"Shell Parasite","floor":20.0,"turns":9.0},{"damage":0.0,"enemies":"Centurion and Healer","floor":21.0,"turns":3.0},{"damage":1.0,"enemies":"Snake Plant","floor":22.0,"turns":4.0},{"damage":2.0,"enemies":"Gremlin Leader","floor":24.0,"turns":4.0},{"damage":16.0,"enemies":"Book of Stabbing","floor":27.0,"turns":4.0},{"damage":0.0,"enemies":"Snecko","floor":28.0,"turns":5.0},{"damage":8.0,"enemies":"Centurion and Healer","floor":31.0,"turns":5.0},{"damage":51,"enemies":"Automaton","floor":33,"turns":6}],"seed_played":"-7339661879340134600","potions_obtained":[{"floor":3.0,"key":"PowerPotion"},{"floor":4.0,"key":"Energy Potion"},{"floor":7.0,"key":"Block Potion"},{"floor":16.0,"key":"Poison Potion"}],"is_trial":false,"path_per_floor":["M","?","M","M","M","R","E","M","T","R","M","E","R","E","R","B",null,"M","$","M","M","M","R","E","R","T","E","M","?","?","M","R","B"],"character_chosen":"DEFECT","items_purchased":["ClockworkSouvenir"],"campfire_rested":1,"item_purchase_floors":[19],"current_hp_per_floor":[64,64,64,64,64,64,50,43,43,43,43,43,43,37,37,4,60,60,60,60,60,59,59,57,57,57,41,41,20,20,12,50,0],"gold":223,"neow_bonus":"TEN_PERCENT_HP_BONUS","is_prod":false,"is_daily":false,"chose_seed":false,"campfire_upgraded":6,"win_rate":0,"timestamp":1554000111,"path_taken":["M","?","M","M","M","R","E","M","T","R","M","E","R","E","R","BOSS","M","$","M","M","M","R","E","R","T","E","M","?","?","M","R","BOSS"],"build_version":"2019-01-23","purchased_purges":1,"victory":false,"max_hp_per_floor":[78,78,78,78,78,78,78,78,78,78,78,78,78,78,78,78,78,78,78,78,78,78,78,78,78,78,78,78,78,78,78,78,78],"card_choices":[{"not_picked":["Stack","Go for the Eyes"],"picked":"Ball Lightning","floor":1.0},{"not_picked":["Rebound","Redo"],"picked":"Leap","floor":3.0},{"not_picked":["Tempest","Barrage","Hologram"],"picked":"SKIP","floor":4.0},{"not_picked":["Beam Cell","Hologram"],"picked":"Hyperbeam","floor":5.0},{"not_picked":["Rebound","Ball Lightning"],"picked":"Compile Driver","floor":7.0},{"not_picked":["Go for the Eyes","Conserve Battery"],"picked":"Coolheaded","floor":8.0},{"not_picked":["Compile Driver","FTL","Gash"],"picked":"SKIP","floor":11.0},{"not_picked":["Reboot","Recycle"],"picked":"Undo","floor":12.0},{"not_picked":["Leap","Rebound","BootSequence"],"picked":"SKIP","floor":14.0},{"not_picked":["Leap","Rebound"],"picked":"BootSequence","floor":14.0},{"not_picked":["Buffer","Hyperbeam"],"picked":"Core Surge","floor":16.0},{"not_picked":["Heatsinks","Static Discharge","Steam"],"picked":"SKIP","floor":18.0},{"not_picked":["Coolheaded","Force Field"],"picked":"Glacier","floor":20.0},{"not_picked":["Streamline+1","Sweeping Beam"],"picked":"Chaos+1","floor":22.0},{"not_picked":["Rebound","BootSequence"],"picked":"Darkness","floor":24.0},{"not_picked":["Lockon+1","Sweeping Beam+1","Compile Driver+1","Reprogram"],"picked":"SKIP","floor":27.0},{"not_picked":["Steam","Sweeping Beam+1","Compile Driver+1","Genetic Algorithm"],"picked":"SKIP","floor":28.0},{"not_picked":["Beam Cell+1","Reprogram","Steam Power"],"picked":"Capacitor","floor":31.0}],"player_experience":450071,"relics_obtained":[{"floor":7.0,"key":"PreservedInsect"},{"floor":9.0,"key":"Matryoshka"},{"floor":12.0,"key":"Thread and Needle"},{"floor":14.0,"key":"Pen Nib"},{"floor":24.0,"key":"Question Card"},{"floor":26.0,"key":"Orichalcum"},{"floor":26.0,"key":"Molten Egg 2"},{"floor":27.0,"key":"Regal Pillow"},{"floor":29.0,"key":"Necronomicon"}],"event_choices":[{"cards_removed":["Strike_B"],"damage_healed":0.0,"max_hp_gain":0.0,"max_hp_loss":0.0,"gold_gain":0.0,"event_name":"The Cleric","player_choice":"Card Removal","floor":2.0,"gold_loss":75.0,"damage_taken":0.0},{"damage_healed":0.0,"max_hp_gain":0.0,"max_hp_loss":0.0,"gold_gain":0.0,"event_name":"Cursed Tome","player_choice":"Obtained Book","floor":29.0,"gold_loss":0.0,"damage_taken":21.0},{"cards_removed":["Strike_B"],"damage_healed":0.0,"max_hp_gain":0.0,"max_hp_loss":0.0,"gold_gain":0.0,"event_name":"Beggar","player_choice":"Gave Gold","floor":30.0,"gold_loss":75.0,"damage_taken":0.0}],"is_beta":false,"boss_relics":[{"not_picked":["FrozenCore","Runic Dome"],"picked":"Sozu"}],"items_purged_floors":[19],"is_endless":false,"potions_floor_spawned":[3,4,7,11,16,20,22],"killed_by":"Automaton","ascension_level":15}