{"gold_per_floor":[117,129,79,79,91,91,111,111,111,124,124,149,149,174,174,279,279,298,309,309,408,70,70,70],"floor_reached":24,"playtime":2108,"items_purged":[],"score":214,"play_id":"81756e66-b427-4f29-8975-8755c5b87e8f","local_time":"20181027003704","is_ascension_mode":true,"campfire_choices":[{"data":"Dash","floor":6,"key":"SMITH"},{"data":"Dodge and Roll","floor":8,"key":"SMITH"},{"data":"PiercingWail","floor":11,"key":"SMITH"},{"floor":13,"key":"REST"},{"floor":15,"key":"REST"},{"floor":23,"key":"REST"}],"neow_cost":"NONE","seed_source_timestamp":1405809651180003,"circlet_count":0,"master_deck":["Defend_G","Defend_G","Defend_G","Defend_G","Defend_G","Strike_G","Strike_G","Strike_G","Strike_G","Survivor","Neutralize","Malaise","Poisoned Stab","Dash+1","PiercingWail+1","Dodge and Roll+1","Deadly Poison","Slice","Bane","Night Terror","Bane","Bouncing Flask","Poisoned Stab","Predator","Blur","Prepared"],"relics":["Ring of the Snake","Torii","Du-Vu Doll","Letter Opener","Orrery","Juzu Bracelet","OrangePellets"],"potions_floor_usage":[14,18,24],"damage_taken":[{"damage":1,"enemies":"2 Louse","floor":1,"turns":4},{"damage":0,"enemies":"Jaw Worm","floor":2,"turns":7},{"damage":0,"enemies":"Small Slimes","floor":5,"turns":4},{"damage":16,"enemies":"Gremlin Gang","floor":7,"turns":7},{"damage":0,"enemies":"2 Fungi Beasts","floor":10,"turns":4},{"damage":6,"enemies":"Lagavulin","floor":12,"turns":7},{"damage":9,"enemies":"3 Sentries","floor":14,"turns":10},{"damage":17,"enemies":"The Guardian","floor":16,"turns":11},{"damage":3,"enemies":"Chosen","floor":18,"turns":6},{"damage":6,"enemies":"3 Byrds","floor":19,"turns":8},{"damage":15,"enemies":"Colosseum Slavers","floor":20,"turns":7},{"damage":85,"enemies":"Slavers","floor":24,"turns":7}],"seed_played":"7161287844646110343","potions_obtained":[{"floor":1,"key":"GhostInAJar"},{"floor":2,"key":"SpeedPotion"},{"floor":7,"key":"SteroidPotion"},{"floor":16,"key":"Dexterity Potion"}],"is_trial":false,"path_per_floor":["M","M","?","?","M","R","M","R","T","M","R","E","R","E","R","B",null,"M","M","?","?","$","R"],"character_chosen":"THE_SILENT","items_purchased":["Juzu Bracelet","OrangePellets"],"campfire_rested":3,"item_purchase_floors":[22,22],"current_hp_per_floor":[69,69,69,69,69,69,53,53,53,53,53,47,68,59,70,53,70,67,61,46,46,46,67,0],"gold":70,"neow_bonus":"ONE_RANDOM_RARE_CARD","is_prod":false,"is_daily":false,"chose_seed":false,"campfire_upgraded":3,"win_rate":0,"timestamp":1540622224,"path_taken":["M","M","?","?","M","R","M","R","T","?","R","E","R","E","R","BOSS","M","M","?","?","$","R","E"],"build_version":"2018-10-25v2","purchased_purges":0,"victory":false,"max_hp_per_floor":[70,70,70,70,70,70,70,70,70,70,70,70,70,70,70,70,70,70,70,70,70,70,70,70],"card_choices":[{"not_picked":["Catalyst","Sucker Punch"],"picked":"Poisoned Stab","floor":1},{"not_picked":["Outmaneuver","Malaise"],"picked":"Dash","floor":2},{"not_picked":["Acrobatics","Underhanded Strike"],"picked":"PiercingWail","floor":5},{"not_picked":["PiercingWail","Dagger Spray"],"picked":"Dodge and Roll","floor":7},{"not_picked":["Calculated Gamble","Endless Agony"],"picked":"Deadly Poison","floor":10},{"not_picked":["Glass Knife","Blade Dance"],"picked":"Slice","floor":12},{"not_picked":["Infinite Blades","Sucker Punch"],"picked":"Bane","floor":14},{"not_picked":["Phantasmal Killer","Tools of the Trade"],"picked":"Night Terror","floor":16},{"not_picked":["Cloak And Dagger","Reflex"],"picked":"Bane","floor":17},{"not_picked":["Dagger Spray","Calculated Gamble"],"picked":"Bouncing Flask","floor":17},{"not_picked":["Prepared","Sucker Punch"],"picked":"Poisoned Stab","floor":17},{"not_picked":["Cloak And Dagger","Outmaneuver"],"picked":"Predator","floor":17},{"not_picked":["Escape Plan","Sucker Punch"],"picked":"Blur","floor":18},{"not_picked":["Expertise","Dagger Spray"],"picked":"Prepared","floor":19}],"player_experience":893044,"relics_obtained":[{"floor":9,"key":"Torii"},{"floor":12,"key":"Du-Vu Doll"},{"floor":14,"key":"Letter Opener"}],"event_choices":[{"cards_removed":["Strike_G"],"damage_healed":0,"gold_gain":0,"player_choice":"Card Removal","damage_taken":0,"max_hp_gain":0,"max_hp_loss":0,"event_name":"The Cleric","floor":3,"gold_loss":50},{"damage_healed":0,"gold_gain":0,"player_choice":"Leave","damage_taken":0,"max_hp_gain":0,"max_hp_loss":0,"event_name":"FaceTrader","floor":4,"gold_loss":0},{"damage_healed":0,"gold_gain":0,"player_choice":"Fight","damage_taken":0,"max_hp_gain":0,"max_hp_loss":0,"event_name":"Colosseum","floor":20,"gold_loss":0},{"damage_healed":0,"gold_gain":0,"player_choice":"Fled From Nobs","damage_taken":0,"max_hp_gain":0,"max_hp_loss":0,"event_name":"Colosseum","floor":20,"gold_loss":0},{"damage_healed":0,"gold_gain":99,"player_choice":"Stole From Cult","damage_taken":0,"max_hp_gain":0,"max_hp_loss":0,"event_name":"Nest","floor":21,"gold_loss":0}],"is_beta":false,"boss_relics":[{"not_picked":["Calling Bell","Cursed Key"],"picked":"Orrery"}],"items_purged_floors":[],"is_endless":false,"potions_floor_spawned":[1,2,7,16],"killed_by":"Slavers","ascension_level":1}