{"gold_per_floor":[116,116,135,135,135,135,135,135,181,181,196,224,149,169,169,268,268,286,286,316,316,329,329,359,359],"floor_reached":25,"playtime":742,"items_purged":["Strike_B"],"score":294,"play_id":"5f66bf1c-1377-4d01-851d-cc32db212620","local_time":"20181007115229","is_ascension_mode":true,"campfire_choices":[{"data":"Gash","floor":6,"key":"SMITH"},{"data":"Streamline","floor":8,"key":"SMITH"},{"data":"Conserve Battery","floor":10,"key":"SMITH"},{"data":"Hologram","floor":15,"key":"SMITH"},{"floor":23,"key":"REST"}],"neow_cost":"NONE","seed_source_timestamp":147367849072682,"circlet_count":0,"master_deck":["Strike_B","Strike_B+1","Defend_B+1","Defend_B","Zap+1","Dualcast","Conserve Battery+1","Gash+1","Streamline+1","Scrape","Rebound","Hologram+1","Hyperbeam","Gash","Rebound","Beam Cell","Steam+1"],"relics":["Cursed Key","Blood Vial","Bottled Flame","Empty Cage","Nilry\u0027s Codex","Red Mask","Oddly Smooth Stone"],"potions_floor_usage":[16,24],"damage_taken":[{"damage":4,"enemies":"Small Slimes","floor":1,"turns":4},{"damage":1,"enemies":"Cultist","floor":3,"turns":4},{"damage":0,"enemies":"2 Louse","floor":11,"turns":2},{"damage":19,"enemies":"3 Sentries","floor":12,"turns":6},{"damage":2,"enemies":"Large Slime","floor":14,"turns":3},{"damage":0,"enemies":"Slime Boss","floor":16,"turns":5},{"damage":20,"enemies":"Shell Parasite","floor":18,"turns":4},{"damage":20,"enemies":"Masked Bandits","floor":20,"turns":3},{"damage":0,"enemies":"3 Byrds","floor":22,"turns":2},{"damage":39,"enemies":"Book of Stabbing","floor":24,"turns":6},{"damage":7,"enemies":"Centurion and Healer","floor":25,"turns":2}],"seed_played":"-7118049992388716691","potions_obtained":[{"floor":11,"key":"Swift Potion"},{"floor":20,"key":"Block Potion"},{"floor":22,"key":"Ancient Potion"},{"floor":24,"key":"LiquidBronze"}],"is_trial":false,"path_per_floor":["M","?","M","?","?","R","?","R","T","R","M","E","$","M","R","B",null,"M","?","?","?","M","R","E"],"character_chosen":"DEFECT","items_purchased":[],"campfire_rested":1,"item_purchase_floors":[],"current_hp_per_floor":[71,71,70,70,55,55,55,55,55,55,57,40,40,40,40,42,75,55,39,21,21,23,45,8,3],"gold":359,"neow_bonus":"BOSS_RELIC","is_prod":false,"is_daily":false,"chose_seed":false,"campfire_upgraded":4,"win_rate":0,"timestamp":1538927549,"path_taken":["M","?","M","?","?","R","?","R","T","R","M","E","$","M","R","BOSS","M","?","?","?","?","R","E","?"],"build_version":"2018-10-04","purchased_purges":1,"victory":false,"max_hp_per_floor":[75,75,75,75,75,75,75,75,75,75,75,75,75,75,75,75,75,75,75,75,75,75,75,75,75],"card_choices":[{"not_picked":["Steam","Rebound"],"picked":"Conserve Battery","floor":1},{"not_picked":["Steam","Melter"],"picked":"Gash","floor":3},{"not_picked":["Redo","Chill"],"picked":"Scrape","floor":11},{"not_picked":["Turbo","Barrage"],"picked":"Rebound","floor":12},{"not_picked":["Coolheaded","Cold Snap"],"picked":"Hologram","floor":14},{"not_picked":["Seek","Rainbow"],"picked":"Hyperbeam","floor":16},{"not_picked":["Coolheaded+1","Stack+1"],"picked":"Gash","floor":18},{"not_picked":["Glacier","Ball Lightning"],"picked":"Rebound","floor":20},{"not_picked":["Chaos","Turbo"],"picked":"Beam Cell","floor":22},{"not_picked":["Stack","Conserve Battery+1"],"picked":"Steam+1","floor":24}],"player_experience":317155,"relics_obtained":[{"floor":9,"key":"Blood Vial"},{"floor":12,"key":"Bottled Flame"},{"floor":19,"key":"Nilry\u0027s Codex"},{"floor":20,"key":"Red Mask"},{"floor":24,"key":"Oddly Smooth Stone"}],"event_choices":[{"event_name":"Accursed Blacksmith","player_choice":"Forge","floor":2,"damage_taken":0},{"event_name":"Wheel of Change","player_choice":"Card Removal","floor":4,"damage_taken":0},{"event_name":"Shining Light","player_choice":"Entered Light","floor":5,"damage_taken":0},{"event_name":"Living Wall","player_choice":"Change","floor":7,"damage_taken":0},{"event_name":"Cursed Tome","player_choice":"Obtained Book","floor":19,"damage_taken":0},{"event_name":"Masked Bandits","player_choice":"Fought Bandits","floor":20,"damage_taken":0},{"event_name":"Ghosts","player_choice":"Ignored","floor":21,"damage_taken":0}],"is_beta":true,"boss_relics":[{"not_picked":["Coffee Dripper","Lizard Tail"],"picked":"Empty Cage"}],"items_purged_floors":[13],"is_endless":false,"potions_floor_spawned":[11,20,22,24],"killed_by":"Centurion and Healer","ascension_level":2}