{"gold_per_floor":[115,115,39,57,57,57,76,96,96,46,71,90,38,58,58,155,155,155,125,1,1,1,1,1,1,1,1,1,1,1,1,1,1,1,1,1,1,1,1,1],"floor_reached":40,"playtime":3606,"items_purged":["Strike_R"],"score":476,"play_id":"754d5f23-3f81-47d8-a923-8a7c424900e6","local_time":"20190406203543","is_ascension_mode":true,"campfire_choices":[{"data":"Limit Break","floor":6,"key":"SMITH"},{"data":"Flex","floor":15,"key":"SMITH"},{"data":"Rampage","floor":24,"key":"SMITH"},{"data":"Bash","floor":29,"key":"SMITH"},{"data":"Iron Wave","floor":32,"key":"SMITH"}],"neow_cost":"NONE","seed_source_timestamp":635354882564700,"circlet_count":0,"master_deck":["Defend_R","Defend_R","Defend_R","Defend_R","Bash+1","Limit Break+1","Flex+1","Iron Wave+1","Rampage+1","Iron Wave+1","Headbutt+1","Body Slam+1","Offering","Flex","RitualDagger+1","Shrug It Off","Shrug It Off","Bite+1","Bite+1","Bite+1","Bite+1","Bite+1","Shrug It Off+1","Pommel Strike+1","True Grit+1","Madness","Madness","Pommel Strike+1","Iron Wave+1"],"relics":["Burning Blood","Regal Pillow","Molten Egg 2","Ectoplasm","StoneCalendar","Mummified Hand","White Beast Statue"],"potions_floor_usage":[7,11,12,14,22,23,33,33,35,38,38,40,40],"damage_taken":[{"damage":1,"enemies":"Cultist","floor":1,"turns":3},{"damage":10,"enemies":"Small Slimes","floor":4,"turns":4},{"damage":7,"enemies":"Jaw Worm","floor":7,"turns":2},{"damage":6,"enemies":"Looter","floor":8,"turns":2},{"damage":20,"enemies":"3 Sentries","floor":11,"turns":12},{"damage":6,"enemies":"Blue Slaver","floor":12,"turns":3},{"damage":0,"enemies":"2 Fungi Beasts","floor":14,"turns":2},{"damage":41,"enemies":"The Guardian","floor":16,"turns":8},{"damage":10,"enemies":"Chosen","floor":18,"turns":5},{"damage":7,"enemies":"2 Thieves","floor":19,"turns":3},{"damage":8,"enemies":"Snake Plant","floor":22,"turns":3},{"damage":12,"enemies":"Gremlin Leader","floor":23,"turns":5},{"damage":16,"enemies":"Shelled Parasite and Fungi","floor":27,"turns":3},{"damage":11,"enemies":"Sentry and Sphere","floor":31,"turns":5},{"damage":79,"enemies":"Automaton","floor":33,"turns":12},{"damage":11,"enemies":"Orb Walker","floor":35,"turns":2},{"damage":3,"enemies":"3 Shapes","floor":37,"turns":6},{"damage":51,"enemies":"Spire Growth","floor":38,"turns":6},{"damage":30,"enemies":"Sphere and 2 Shapes","floor":39,"turns":5},{"damage":30,"enemies":"Giant Head","floor":40,"turns":5}],"seed_played":"4906837076952910219","potions_obtained":[{"floor":4,"key":"BloodPotion"},{"floor":7,"key":"FearPotion"},{"floor":8,"key":"GamblersBrew"},{"floor":12,"key":"SteroidPotion"},{"floor":16,"key":"SpeedPotion"},{"floor":19,"key":"FearPotion"},{"floor":22,"key":"FearPotion"},{"floor":31,"key":"Swift Potion"},{"floor":35,"key":"GamblersBrew"},{"floor":37,"key":"Block Potion"},{"floor":38,"key":"Ancient Potion"},{"floor":39,"key":"FearPotion"}],"is_trial":false,"path_per_floor":["M","?","$","M","?","R","M","M","T","?","E","M","$","M","R","B",null,"M","M","$","?","M","E","R","?","T","M","$","R","?","M","R","B",null,"M","?","M","M","M","E"],"character_chosen":"IRONCLAD","items_purchased":["Flex","Iron Wave","Headbutt+1","Dexterity Potion"],"campfire_rested":0,"item_purchase_floors":[3,3,13,20],"current_hp_per_floor":[80,80,80,76,69,69,76,76,76,76,62,62,62,68,68,33,80,76,75,75,69,67,61,61,56,56,52,52,52,43,59,59,12,61,56,48,61,25,13,0],"gold":1,"neow_bonus":"ONE_RANDOM_RARE_CARD","is_prod":false,"is_daily":false,"chose_seed":false,"campfire_upgraded":5,"win_rate":0,"timestamp":1554597343,"path_taken":["M","?","$","?","?","R","M","M","T","?","E","M","?","M","R","BOSS","M","M","$","?","M","E","R","?","T","M","$","R","?","M","R","BOSS","M","?","M","M","M","E"],"build_version":"2019-01-23","purchased_purges":1,"victory":false,"max_hp_per_floor":[80,80,80,80,80,80,80,80,80,80,80,80,80,80,80,80,80,80,80,80,80,80,80,80,56,56,56,56,56,61,61,61,61,61,61,61,61,61,61,61],"card_choices":[{"not_picked":["Headbutt","True Grit","Twin Strike"],"picked":"SKIP","floor":1},{"not_picked":["Spot Weakness","True Grit"],"picked":"Rampage","floor":4},{"not_picked":["Twin Strike","Havoc","Dual Wield"],"picked":"SKIP","floor":7},{"not_picked":["Sword Boomerang","Perfected Strike","Corruption"],"picked":"SKIP","floor":8},{"not_picked":["Power Through","Uppercut","Dropkick"],"picked":"SKIP","floor":11},{"not_picked":["Berserk","Ghostly Armor"],"picked":"Iron Wave+1","floor":12},{"not_picked":["Pommel Strike+1","Twin Strike+1"],"picked":"Body Slam+1","floor":14},{"not_picked":["Dark Embrace","Berserk"],"picked":"Offering","floor":16},{"not_picked":["Wild Strike+1","Fire Breathing"],"picked":"Flex","floor":18},{"not_picked":["Pommel Strike+1","Searing Blow+1","Clash+1"],"picked":"SKIP","floor":19},{"not_picked":["Warcry","Heavy Blade+1"],"picked":"Shrug It Off","floor":22},{"not_picked":["Anger+1","Brutality"],"picked":"Shrug It Off","floor":23},{"not_picked":["Flex+1","Burning Pact"],"picked":"Shrug It Off+1","floor":27},{"not_picked":["Armaments","Warcry"],"picked":"Pommel Strike+1","floor":31},{"not_picked":["Perfected Strike+1","Warcry+1"],"picked":"True Grit+1","floor":35},{"not_picked":["Flex","Carnage+1"],"picked":"Pommel Strike+1","floor":37},{"not_picked":["Cleave+1","Flex"],"picked":"Iron Wave+1","floor":38},{"not_picked":["Feel No Pain","Metallicize","Rupture+1"],"picked":"SKIP","floor":39}],"player_experience":193540,"relics_obtained":[{"floor":9,"key":"Regal Pillow"},{"floor":11,"key":"Molten Egg 2"},{"floor":23,"key":"StoneCalendar"},{"floor":26,"key":"Mummified Hand"}],"event_choices":[{"damage_healed":0,"gold_gain":0,"player_choice":"Bought 0 Potions","damage_taken":0,"max_hp_gain":0,"max_hp_loss":0,"event_name":"The Woman in Blue","floor":2,"gold_loss":0},{"cards_removed":["Strike_R"],"damage_healed":0,"gold_gain":0,"player_choice":"Card Removal","damage_taken":7,"max_hp_gain":0,"max_hp_loss":0,"event_name":"Golden Wing","floor":5,"gold_loss":0},{"cards_removed":["Strike_R"],"damage_healed":0,"gold_gain":0,"player_choice":"Card Removal","damage_taken":0,"max_hp_gain":0,"max_hp_loss":0,"event_name":"The Cleric","floor":10,"gold_loss":50},{"damage_healed":0,"gold_gain":0,"player_choice":"Joined the Cult","damage_taken":6,"max_hp_gain":0,"max_hp_loss":0,"event_name":"Nest","floor":21,"gold_loss":0,"cards_obtained":["RitualDagger"]},{"damage_healed":0,"gold_gain":0,"player_choice":"Became a vampire","damage_taken":0,"max_hp_gain":0,"max_hp_loss":24,"event_name":"Vampires","floor":25,"gold_loss":0,"cards_obtained":["Bite","Bite","Bite","Bite","Bite"]},{"damage_healed":0,"gold_gain":0,"player_choice":"Shed Blood","damage_taken":14,"max_hp_gain":5,"max_hp_loss":0,"event_name":"Forgotten Altar","floor":30,"gold_loss":0},{"damage_healed":0,"gold_gain":0,"player_choice":"Embrace Madness","damage_taken":8,"max_hp_gain":0,"max_hp_loss":0,"event_name":"Winding Halls","floor":36,"gold_loss":0,"cards_obtained":["Madness","Madness"]}],"is_beta":false,"boss_relics":[{"not_picked":["Velvet Choker","Mark of Pain"],"picked":"Ectoplasm"},{"not_picked":["Lizard Tail","Orrery"],"picked":"White Beast Statue"}],"items_purged_floors":[20],"is_endless":false,"potions_floor_spawned":[4,7,8,12,16,19,22,31,35,37,38,39],"killed_by":"Giant Head","ascension_level":2}