{"gold_per_floor":[111,124,141,161,181,181,209,229,254,266,266,292,292,310,310,387,387,407,421,438,353,157,157,170,190,190,209,238,251,269,108,108,187,187,204,214,234,34,50,50,83,83,156,56,88,88,115,115,115,115],"floor_reached":51,"playtime":2962,"items_purged":["Strike_B","Zap"],"score":1385,"play_id":"ffe991d3-257b-4fc2-a34d-00cc866b3aba","local_time":"20190324174439","is_ascension_mode":true,"campfire_choices":[{"data":"Electrodynamics","floor":6.0,"key":"SMITH"},{"floor":11.0,"key":"REST"},{"floor":15.0,"key":"REST"},{"data":"Loop","floor":23.0,"key":"SMITH"},{"data":"Seek","floor":32.0,"key":"SMITH"},{"data":"Amplify","floor":40.0,"key":"SMITH"},{"data":"Seek","floor":46,"key":"SMITH"},{"data":"White Noise","floor":49,"key":"SMITH"}],"neow_cost":"NONE","seed_source_timestamp":931329850969300,"circlet_count":0,"master_deck":["AscendersBane","Strike_B+1","Defend_B","Defend_B","Defend_B","Defend_B","Dualcast","Sweeping Beam","Leap","Electrodynamics+1","Capacitor","Recycle","Force Field","Glacier","Echo Form","Stack","Hologram","Seek+1","Melter+1","Skim","Ball Lightning+1","Genetic Algorithm","Loop+1","Coolheaded","Consume","Go for the Eyes","Coolheaded","Amplify+1","Seek+1","Steam Power+1","Loop","Coolheaded","White Noise+1","Doubt"],"special_seed":0,"relics":["Cracked Core","Gremlin Horn","PreservedInsect","Letter Opener","Coffee Dripper","DataDisk","Bottled Lightning","Whetstone","Nuclear Battery","Runic Capacitor","Happy Flower","Bag of Marbles","Centennial Puzzle"],"potions_floor_usage":[45,45,50],"damage_taken":[{"damage":0.0,"enemies":"Small Slimes","floor":1.0,"turns":3.0},{"damage":1.0,"enemies":"Cultist","floor":2.0,"turns":3.0},{"damage":0.0,"enemies":"2 Louse","floor":3.0,"turns":2.0},{"damage":0.0,"enemies":"Large Slime","floor":4.0,"turns":5.0},{"damage":3.0,"enemies":"Looter","floor":5.0,"turns":3.0},{"damage":26.0,"enemies":"Gremlin Nob","floor":7.0,"turns":4.0},{"damage":16.0,"enemies":"3 Louse","floor":8.0,"turns":2.0},{"damage":11.0,"enemies":"Red Slaver","floor":10.0,"turns":4.0},{"damage":14.0,"enemies":"3 Sentries","floor":12.0,"turns":5.0},{"damage":0.0,"enemies":"2 Fungi Beasts","floor":14.0,"turns":3.0},{"damage":31.0,"enemies":"Slime Boss","floor":16.0,"turns":10.0},{"damage":20.0,"enemies":"2 Thieves","floor":18.0,"turns":4.0},{"damage":0.0,"enemies":"3 Byrds","floor":19.0,"turns":2.0},{"damage":24.0,"enemies":"Cultist and Chosen","floor":20.0,"turns":6.0},{"damage":0.0,"enemies":"Sentry and Sphere","floor":24.0,"turns":3.0},{"damage":9.0,"enemies":"Shelled Parasite and Fungi","floor":25.0,"turns":7.0},{"damage":0.0,"enemies":"Cultist and Chosen","floor":27.0,"turns":4.0},{"damage":3.0,"enemies":"Gremlin Leader","floor":28.0,"turns":5.0},{"damage":2.0,"enemies":"Snecko","floor":29.0,"turns":6.0},{"damage":0.0,"enemies":"Centurion and Healer","floor":30.0,"turns":6.0},{"damage":0.0,"enemies":"Collector","floor":33.0,"turns":7.0},{"damage":0.0,"enemies":"3 Darklings","floor":35.0,"turns":3.0},{"damage":0.0,"enemies":"3 Shapes","floor":36.0,"turns":2.0},{"damage":7.0,"enemies":"Spire Growth","floor":37.0,"turns":7.0},{"damage":7.0,"enemies":"4 Shapes","floor":39.0,"turns":4.0},{"damage":0,"enemies":"Reptomancer","floor":41,"turns":5},{"damage":10,"enemies":"Nemesis","floor":45,"turns":9},{"damage":14,"enemies":"Giant Head","floor":47,"turns":7},{"damage":44,"enemies":"Awakened One","floor":50,"turns":12}],"seed_played":"8521500811792083213","potions_obtained":[{"floor":0.0,"key":"AttackPotion"},{"floor":0.0,"key":"SpeedPotion"},{"floor":1.0,"key":"PowerPotion"},{"floor":19.0,"key":"Regen Potion"},{"floor":20.0,"key":"LiquidBronze"},{"floor":24.0,"key":"SteroidPotion"},{"floor":25.0,"key":"AttackPotion"},{"floor":33.0,"key":"SneckoOil"},{"floor":39.0,"key":"Weak Potion"},{"floor":45,"key":"Poison Potion"}],"is_trial":false,"path_per_floor":["M","M","M","M","M","R","E","M","T","M","R","E","?","M","R","B",null,"M","M","M","?","$","R","M","M","T","M","E","M","M","$","R","B",null,"M","M","M","$","M","R","E","?","T","$","E","R","E","?","R","B",null],"character_chosen":"DEFECT","items_purchased":["Genetic Algorithm","Loop","Amplify","Runic Capacitor"],"campfire_rested":2,"item_purchase_floors":[22,22,31,38],"current_hp_per_floor":[64,63,63,63,60,60,34,18,18,7,28,14,14,14,35,4,54,34,34,25,25,25,25,25,16,16,16,13,11,11,11,11,11,56,56,56,49,49,42,42,42,42,42,42,32,32,18,71,71,27],"gold":115,"neow_bonus":"THREE_SMALL_POTIONS","is_prod":false,"is_daily":false,"chose_seed":false,"campfire_upgraded":6,"win_rate":0,"timestamp":1553474679,"path_taken":["M","M","M","M","M","R","E","M","T","M","R","E","?","?","R","BOSS","M","?","M","?","$","R","M","M","T","M","E","M","M","$","R","BOSS","M","M","M","$","M","R","E","?","T","?","E","R","E","?","R","BOSS"],"build_version":"2019-01-23","purchased_purges":2,"victory":true,"max_hp_per_floor":[71,71,71,71,71,71,71,71,71,71,71,71,71,71,71,71,71,71,71,71,71,71,71,71,71,71,71,71,71,71,71,71,71,71,71,71,71,71,71,71,71,71,71,71,71,71,71,71,71,71],"card_choices":[{"not_picked":["Beam Cell","Lockon"],"picked":"Sweeping Beam","floor":1.0},{"not_picked":["Compile Driver","Go for the Eyes"],"picked":"Leap","floor":2.0},{"not_picked":["Turbo","Hologram"],"picked":"Electrodynamics","floor":3.0},{"not_picked":["Chill","Streamline"],"picked":"Capacitor","floor":4.0},{"not_picked":["Storm","Rebound"],"picked":"Recycle","floor":5.0},{"not_picked":["Redo","Leap"],"picked":"Force Field","floor":7.0},{"not_picked":["Steam","Go for the Eyes"],"picked":"Glacier","floor":8.0},{"not_picked":["Static Discharge","Go for the Eyes"],"picked":"Echo Form","floor":10.0},{"not_picked":["Gash","Beam Cell"],"picked":"Stack","floor":12.0},{"not_picked":["Stack","Redo"],"picked":"Hologram","floor":14.0},{"not_picked":["Hyperbeam","Fission"],"picked":"Seek","floor":16.0},{"not_picked":["Leap","Loop"],"picked":"Melter","floor":18.0},{"not_picked":["Redo","Compile Driver"],"picked":"Skim","floor":19.0},{"not_picked":["Gash","Rebound"],"picked":"Ball Lightning+1","floor":20.0},{"not_picked":["Turbo","Cold Snap+1"],"picked":"Coolheaded","floor":24.0},{"not_picked":["Coolheaded","Beam Cell"],"picked":"Consume","floor":25.0},{"not_picked":["Streamline","Beam Cell+1"],"picked":"Go for the Eyes","floor":27.0},{"not_picked":["Beam Cell","Compile Driver"],"picked":"Coolheaded","floor":28.0},{"not_picked":["Barrage","Reinforced Body","Hologram"],"picked":"SKIP","floor":29.0},{"not_picked":["Conserve Battery+1","Go for the Eyes","Reinforced Body"],"picked":"SKIP","floor":30.0},{"not_picked":["Electrodynamics","Multi-Cast"],"picked":"Seek","floor":33.0},{"not_picked":["Ball Lightning","Redo"],"picked":"Steam Power+1","floor":35.0},{"not_picked":["Leap","Steam Power"],"picked":"Loop","floor":36.0},{"not_picked":["Redo","Sweeping Beam","Stack"],"picked":"SKIP","floor":37.0},{"not_picked":["Ball Lightning+1","Coolheaded","Sweeping Beam"],"picked":"SKIP","floor":39.0},{"not_picked":["Steam","Reprogram+1","Multi-Cast"],"picked":"SKIP","floor":41},{"not_picked":["Rebound","Hologram"],"picked":"White Noise","floor":45},{"not_picked":["FTL","Rebound","Chaos"],"picked":"SKIP","floor":47}],"player_experience":434759,"relics_obtained":[{"floor":7.0,"key":"Gremlin Horn"},{"floor":9.0,"key":"PreservedInsect"},{"floor":12.0,"key":"Letter Opener"},{"floor":26.0,"key":"Bottled Lightning"},{"floor":28.0,"key":"Whetstone"},{"floor":41,"key":"Happy Flower"},{"floor":45,"key":"Bag of Marbles"},{"floor":47,"key":"Centennial Puzzle"}],"event_choices":[{"cards_removed":["Strike_B"],"damage_healed":0.0,"max_hp_gain":0.0,"max_hp_loss":0.0,"gold_gain":0.0,"event_name":"Purifier","player_choice":"Purged","floor":13.0,"gold_loss":0.0,"damage_taken":0.0},{"damage_healed":0.0,"max_hp_gain":0.0,"max_hp_loss":0.0,"gold_gain":0.0,"event_name":"Addict","player_choice":"Obtained Relic","floor":21.0,"gold_loss":85.0,"damage_taken":0.0,"relics_obtained":["DataDisk"]},{"damage_healed":0,"gold_gain":0,"cards_transformed":["Strike_B"],"player_choice":"Transformed","damage_taken":0,"max_hp_gain":0,"max_hp_loss":0,"event_name":"Transmorgrifier","floor":42,"gold_loss":0,"cards_obtained":["Coolheaded"]},{"damage_healed":53,"gold_gain":0,"player_choice":"Heal","damage_taken":0,"max_hp_gain":0,"max_hp_loss":0,"event_name":"MindBloom","floor":48,"gold_loss":0,"cards_obtained":["Doubt"]}],"is_beta":false,"boss_relics":[{"not_picked":["Black Star","Tiny House"],"picked":"Coffee Dripper"},{"not_picked":["Calling Bell","White Beast Statue"],"picked":"Nuclear Battery"}],"items_purged_floors":[22,44],"is_endless":false,"potions_floor_spawned":[1,3,4,19,20,24,25,33,39,45],"ascension_level":14}