{"gold_per_floor":[115,126,136,151,170,201,201,236,307,307,307,307,307,342,342,437,437,450,469,487,19,35,35,70,70,94,369,379,170,170,189,189,289,289,305,305,323,338,357,357,357,388,400,423,445,476,339,339,339,339],"floor_reached":50,"playtime":2888,"items_purged":["Strike_B","Regret"],"score":874,"play_id":"b14ab766-6feb-4db4-9684-773579183872","local_time":"20190330180218","is_ascension_mode":true,"campfire_choices":[{"data":"Defragment","floor":7,"key":"SMITH"},{"data":"Consume","floor":10,"key":"SMITH"},{"data":"Dualcast","floor":13,"key":"SMITH"},{"data":"Chill","floor":15,"key":"SMITH"},{"data":"Sunder","floor":23,"key":"SMITH"},{"floor":25,"key":"REST"},{"floor":32,"key":"REST"},{"data":"Loop","floor":40,"key":"SMITH"},{"floor":49,"key":"RECALL"}],"neow_cost":"NONE","seed_source_timestamp":1274362305678096,"circlet_count":0,"master_deck":["AscendersBane","Defend_B","Defend_B","Zap+1","Dualcast+1","Defragment+1","Cold Snap","Cold Snap","Compile Driver","Chill+1","Consume+1","Biased Cognition","Scrape","Biased Cognition","Sunder+1","Loop+1","Cold Snap+1","Doom and Gloom","FTL","Bite","Bite","Bite","Bite","Cold Snap+1","Electrodynamics","Mind Blast+1","Electrodynamics+1","Capacitor+1","White Noise+1","Echo Form","Biased Cognition","Defragment+1","Genetic Algorithm+1","Static Discharge","Reinforced Body"],"relics":["Cracked Core","The Courier","FossilizedHelix","Bottled Lightning","Unceasing Top","Philosopher\u0027s Stone","Membership Card","Bottled Tornado","Emotion Chip","Oddly Smooth Stone","Mercury Hourglass","Astrolabe","MawBank","Strawberry","Regal Pillow"],"potions_floor_usage":[33,50],"damage_taken":[{"damage":0,"enemies":"2 Louse","floor":1,"turns":3},{"damage":0,"enemies":"Jaw Worm","floor":2,"turns":3},{"damage":0,"enemies":"Cultist","floor":3,"turns":4},{"damage":12,"enemies":"3 Louse","floor":4,"turns":3},{"damage":6,"enemies":"Blue Slaver","floor":5,"turns":4},{"damage":8,"enemies":"Gremlin Nob","floor":6,"turns":4},{"damage":12,"enemies":"3 Sentries","floor":8,"turns":8},{"damage":1,"enemies":"Lagavulin","floor":14,"turns":7},{"damage":11,"enemies":"The Guardian","floor":16,"turns":12},{"damage":0,"enemies":"Spheric Guardian","floor":18,"turns":4},{"damage":12,"enemies":"Shell Parasite","floor":19,"turns":4},{"damage":0,"enemies":"Shelled Parasite and Fungi","floor":20,"turns":5},{"damage":0,"enemies":"Sentry and Sphere","floor":22,"turns":5},{"damage":52,"enemies":"Gremlin Leader","floor":24,"turns":11},{"damage":17,"enemies":"Snecko","floor":28,"turns":5},{"damage":0,"enemies":"Cultist and Chosen","floor":31,"turns":4},{"damage":21,"enemies":"Automaton","floor":33,"turns":10},{"damage":0,"enemies":"3 Shapes","floor":35,"turns":4},{"damage":0,"enemies":"Orb Walker","floor":37,"turns":2},{"damage":3,"enemies":"Jaw Worm Horde","floor":38,"turns":4},{"damage":0,"enemies":"3 Darklings","floor":39,"turns":3},{"damage":82,"enemies":"Giant Head","floor":42,"turns":8},{"damage":0,"enemies":"4 Shapes","floor":44,"turns":8},{"damage":0,"enemies":"Transient","floor":45,"turns":5},{"damage":0,"enemies":"3 Darklings","floor":46,"turns":3},{"damage":51,"enemies":"Time Eater","floor":50,"turns":6}],"seed_played":"391932809768504995","potions_obtained":[{"floor":3,"key":"Explosive Potion"},{"floor":6,"key":"Dexterity Potion"},{"floor":19,"key":"SteroidPotion"},{"floor":28,"key":"Fire Potion"},{"floor":33,"key":"PowerPotion"}],"is_trial":false,"path_per_floor":["?","?","?","M","?","?","M","?","M","?"],"character_chosen":"DEFECT","items_purchased":["Membership Card","Bottled Tornado","Emotion Chip","Loop","LiquidBronze","Mercury Hourglass","FTL","FocusPotion","Strawberry","Regal Pillow","Static Discharge"],"campfire_rested":2,"item_purchase_floors":[21,21,21,21,21,29,29,29,47,47,47],"current_hp_per_floor":[75,75,75,63,57,49,49,37,37,37,64,64,64,63,63,52,75,75,63,63,63,63,63,11,35,35,35,20,20,20,26,50,51,74,80,80,80,82,82,82,82,8,8,24,32,36,43,43,43,0],"gold":339,"neow_bonus":"TEN_PERCENT_HP_BONUS","is_prod":false,"is_daily":false,"chose_seed":false,"campfire_upgraded":6,"win_rate":0,"timestamp":1553983338,"path_taken":["M","M","M","M","M","E","R","E","T","R","?","?","R","E","R","BOSS","M","M","M","$","M","R","E","R","T","?","?","$","?","M","R","BOSS","M","?","M","?","M","R","?","E","T","?","M","M","$","?","R","BOSS"],"build_version":"2019-01-23","purchased_purges":2,"victory":false,"max_hp_per_floor":[82,82,82,82,82,82,82,82,82,82,82,82,82,82,82,82,82,82,82,82,82,82,82,82,82,82,82,82,82,82,82,82,82,82,82,82,82,82,82,82,82,82,82,82,82,82,89,89,89,89],"card_choices":[{"not_picked":["Leap","Conserve Battery"],"picked":"Defragment","floor":1},{"not_picked":["Lockon","Turbo"],"picked":"Cold Snap","floor":2},{"not_picked":["Go for the Eyes","Compile Driver"],"picked":"Cold Snap","floor":3},{"not_picked":["Beam Cell","Heatsinks"],"picked":"Compile Driver","floor":4},{"not_picked":["Coolheaded","Force Field"],"picked":"Chill","floor":5},{"not_picked":["Compile Driver","Go for the Eyes"],"picked":"Consume","floor":6},{"not_picked":["Beam Cell","Ball Lightning"],"picked":"Biased Cognition","floor":8},{"not_picked":["Storm","Stack"],"picked":"Scrape","floor":14},{"not_picked":["Fission","Reboot"],"picked":"Biased Cognition","floor":16},{"not_picked":["Coolheaded+1","Steam Power"],"picked":"Sunder","floor":18},{"not_picked":["Consume","Ball Lightning+1"],"picked":"Cold Snap","floor":19},{"not_picked":["Streamline","Turbo","Rebound"],"picked":"SKIP","floor":20},{"not_picked":["Thunder Strike","Conserve Battery"],"picked":"Cold Snap+1","floor":22},{"not_picked":["Leap","Hello World+1"],"picked":"Doom and Gloom","floor":24},{"not_picked":["Redo+1","Hologram+1","Compile Driver+1"],"picked":"SKIP","floor":28},{"not_picked":["Turbo","Undo"],"picked":"Cold Snap+1","floor":31},{"not_picked":["Fission","Seek"],"picked":"Electrodynamics","floor":33},{"not_picked":["Sweeping Beam","Darkness+1","Hello World+1"],"picked":"SKIP","floor":35},{"not_picked":["Go for the Eyes","Auto Shields+1"],"picked":"White Noise+1","floor":37},{"not_picked":["Cold Snap+1","Streamline+1"],"picked":"Echo Form","floor":38},{"not_picked":["Beam Cell","Cold Snap+1","Leap+1"],"picked":"SKIP","floor":39},{"not_picked":["Coolheaded+1","Conserve Battery+1"],"picked":"Defragment+1","floor":42},{"not_picked":["Turbo+1","Redo","Skim+1"],"picked":"SKIP","floor":44},{"not_picked":["Steam Power","Chaos"],"picked":"Genetic Algorithm+1","floor":45},{"not_picked":["Compile Driver","Coolheaded","Cold Snap"],"picked":"SKIP","floor":46}],"player_experience":1296953,"relics_obtained":[{"floor":6,"key":"The Courier"},{"floor":8,"key":"FossilizedHelix"},{"floor":9,"key":"Bottled Lightning"},{"floor":14,"key":"Unceasing Top"},{"floor":24,"key":"Blood Vial"},{"floor":26,"key":"Oddly Smooth Stone"},{"floor":42,"key":"MawBank"}],"event_choices":[{"damage_healed":27,"gold_gain":0,"player_choice":"Banana","damage_taken":0,"max_hp_gain":0,"max_hp_loss":0,"event_name":"Big Fish","floor":11,"gold_loss":0},{"damage_healed":0,"gold_gain":0,"player_choice":"Grow","damage_taken":0,"max_hp_gain":0,"max_hp_loss":0,"event_name":"Living Wall","floor":12,"gold_loss":0,"cards_upgraded":["Zap"]},{"damage_healed":0,"gold_gain":275,"player_choice":"Desecrate","damage_taken":0,"max_hp_gain":0,"max_hp_loss":0,"event_name":"Golden Shrine","floor":27,"gold_loss":0,"cards_obtained":["Regret"]},{"damage_healed":0,"gold_gain":0,"player_choice":"Became a vampire (Vial)","damage_taken":0,"max_hp_gain":0,"max_hp_loss":0,"event_name":"Vampires","floor":30,"relics_lost":["Blood Vial"],"gold_loss":0,"cards_obtained":["Bite","Bite","Bite","Bite","Bite"]},{"damage_healed":0,"gold_gain":0,"player_choice":"Bought 0 Potions","damage_taken":0,"max_hp_gain":0,"max_hp_loss":0,"event_name":"The Woman in Blue","floor":36,"gold_loss":0},{"damage_healed":0,"gold_gain":0,"player_choice":"1 cards matched","damage_taken":0,"max_hp_gain":0,"max_hp_loss":0,"event_name":"Match and Keep!","floor":41,"gold_loss":0,"cards_obtained":["Biased Cognition"]},{"damage_healed":0,"gold_gain":0,"cards_transformed":["Defend_B"],"player_choice":"Transformed","damage_taken":0,"max_hp_gain":0,"max_hp_loss":0,"event_name":"Transmorgrifier","floor":48,"gold_loss":0,"cards_obtained":["Reinforced Body"]}],"is_beta":false,"boss_relics":[{"not_picked":["Calling Bell","Lizard Tail"],"picked":"Philosopher\u0027s Stone"},{"not_picked":["Empty Cage","Tiny House"],"picked":"Astrolabe"}],"items_purged_floors":[21,29],"is_endless":false,"potions_floor_spawned":[3,6,19,20,24,28,33,35,38,39],"killed_by":"Time Eater","ascension_level":10}