{"gold_per_floor":[114,114,131,24,36,36,36,48,48,60,80,80,80,80,80,204,204,175,188,207,79,79,79,79,79,104,125,125,139,158,183,183,309,309,325,325,341,361,385,385,409,73,73,0,25,43,59,59,59,59],"floor_reached":51,"playtime":6921,"items_purged":["Strike_G","Strike_G"],"score":799,"play_id":"78415928-dd8e-43b4-a9f9-8b199bcfeda5","local_time":"20190411091344","is_ascension_mode":true,"campfire_choices":[{"data":"Footwork","floor":6.0,"key":"SMITH"},{"floor":15.0,"key":"REST"},{"floor":23.0,"key":"REST"},{"data":"Doppelganger","floor":25.0,"key":"SMITH"},{"data":"Choke","floor":28.0,"key":"SMITH"},{"floor":32.0,"key":"REST"},{"data":"Malaise","floor":40,"key":"SMITH"},{"data":"Grand Finale","floor":49,"key":"SMITH"}],"neow_cost":"NONE","seed_source_timestamp":0,"circlet_count":0,"master_deck":["Defend_G","Defend_G","Defend_G","Defend_G","Defend_G","Survivor","Neutralize+1","Blur","Footwork+1","Dagger Throw+1","Doppelganger+1","Blur","Choke+1","Backflip","Well Laid Plans+1","Grand Finale+1","Dagger Throw+1","Acrobatics","Well Laid Plans+1","Malaise+1","Impatience","Backstab","Acrobatics+1"],"special_seed":0,"relics":["Ring of the Snake","Dream Catcher","Frozen Egg 2","Letter Opener","Golden Idol","Sozu","Oddly Smooth Stone","Busted Crown","Whetstone","Anchor","Bottled Tornado","Red Mask"],"potions_floor_usage":[],"damage_taken":[{"damage":0.0,"enemies":"2 Louse","floor":1.0,"turns":3.0},{"damage":0.0,"enemies":"Cultist","floor":3.0,"turns":6.0},{"damage":0.0,"enemies":"Small Slimes","floor":5.0,"turns":1.0},{"damage":0.0,"enemies":"2 Fungi Beasts","floor":8.0,"turns":4.0},{"damage":0.0,"enemies":"3 Louse","floor":10.0,"turns":4.0},{"damage":0.0,"enemies":"Exordium Wildlife","floor":11.0,"turns":4.0},{"damage":1.0,"enemies":"The Guardian","floor":16.0,"turns":22.0},{"damage":11.0,"enemies":"2 Thieves","floor":18.0,"turns":5.0},{"damage":0.0,"enemies":"Chosen","floor":19.0,"turns":7.0},{"damage":16.0,"enemies":"Centurion and Healer","floor":20.0,"turns":7.0},{"damage":0.0,"enemies":"Snecko","floor":27.0,"turns":2.0},{"damage":6.0,"enemies":"Chosen and Byrds","floor":29.0,"turns":9.0},{"damage":0.0,"enemies":"Cultist and Chosen","floor":30.0,"turns":6.0},{"damage":13.0,"enemies":"Shelled Parasite and Fungi","floor":31.0,"turns":4.0},{"damage":0.0,"enemies":"Automaton","floor":33.0,"turns":11.0},{"damage":0,"enemies":"Orb Walker","floor":35,"turns":5},{"damage":5,"enemies":"3 Shapes","floor":37,"turns":6},{"damage":3,"enemies":"Writhing Mass","floor":38,"turns":6},{"damage":0,"enemies":"3 Darklings","floor":41,"turns":4},{"damage":0,"enemies":"Maw","floor":45,"turns":6},{"damage":0,"enemies":"Jaw Worm Horde","floor":46,"turns":4},{"damage":0,"enemies":"Sphere and 2 Shapes","floor":47,"turns":4},{"damage":0,"enemies":"Awakened One","floor":50,"turns":13}],"seed_played":"-2293116083121887220","potions_obtained":[{"floor":1.0,"key":"Poison Potion"},{"floor":3.0,"key":"Explosive Potion"},{"floor":16.0,"key":"AttackPotion"}],"is_trial":false,"path_per_floor":["M","?","M","$","M","R","?","M","T","M","M","?","?","?","R","B",null,"M","M","M","$","?","R","?","R","T","M","R","M","M","M","R","B",null,"M","?","M","M","T","R","M","$","T","?","M","M","M","?","R","B",null],"character_chosen":"THE_SILENT","items_purchased":["Footwork","Dagger Throw","Acrobatics","Impatience","Anchor"],"campfire_rested":3,"item_purchase_floors":[4,4,21,42,42],"current_hp_per_floor":[70,70,70,70,70,70,70,70,70,70,70,45,45,38,57,56,65,54,54,38,38,38,57,57,57,57,57,57,51,51,38,57,57,65,65,65,60,57,57,57,57,57,57,57,57,57,57,57,57,57],"gold":59,"neow_bonus":"RANDOM_COMMON_RELIC","is_prod":false,"is_daily":false,"chose_seed":false,"campfire_upgraded":5,"win_rate":0,"timestamp":1554988424,"path_taken":["M","?","M","$","M","R","?","M","T","M","?","?","?","?","R","BOSS","M","M","M","$","?","R","?","R","T","M","R","?","M","M","R","BOSS","M","?","M","M","?","R","M","$","T","?","M","M","M","?","R","BOSS"],"build_version":"2019-01-23","purchased_purges":2,"victory":true,"max_hp_per_floor":[70,70,70,70,70,70,70,70,70,70,70,70,65,65,65,65,65,65,65,65,65,65,65,65,65,65,65,65,65,65,65,65,65,65,65,65,65,65,65,65,65,65,65,65,65,65,65,65,65,65],"card_choices":[{"not_picked":["Catalyst","Bane"],"picked":"Blur","floor":1.0},{"not_picked":["Flying Knee","Endless Agony","PiercingWail"],"picked":"SKIP","floor":3.0},{"not_picked":["Deadly Poison","Choke","Heel Hook"],"picked":"SKIP","floor":5.0},{"not_picked":["Well Laid Plans","Acrobatics"],"picked":"Blur","floor":8.0},{"not_picked":["Quick Slash","Deadly Poison"],"picked":"Choke","floor":10.0},{"not_picked":["Sucker Punch","Slice"],"picked":"Backflip","floor":11.0},{"not_picked":["Endless Agony","Corpse Explosion"],"picked":"Well Laid Plans+1","floor":15.0},{"not_picked":["Venomology","Night Terror"],"picked":"Grand Finale","floor":16.0},{"not_picked":["Poisoned Stab","Prepared"],"picked":"Dagger Throw+1","floor":18.0},{"not_picked":["PiercingWail+1","Underhanded Strike","Dodge and Roll"],"picked":"SKIP","floor":19.0},{"not_picked":["Deadly Poison","Tactician","Noxious Fumes+1"],"picked":"SKIP","floor":20.0},{"not_picked":["Dagger Throw","Wraith Form v2+1"],"picked":"Well Laid Plans+1","floor":23.0},{"not_picked":["Reflex","Concentrate","Endless Agony"],"picked":"SKIP","floor":27.0},{"not_picked":["Poisoned Stab","Accuracy+1","Dagger Spray"],"picked":"SKIP","floor":29.0},{"not_picked":["Underhanded Strike+1","Flying Knee","Slice"],"picked":"SKIP","floor":30.0},{"not_picked":["Crippling Poison+1","Underhanded Strike+1","PiercingWail+1"],"picked":"SKIP","floor":31.0},{"not_picked":["Bullet Time","Unload"],"picked":"Malaise","floor":33.0},{"not_picked":["Terror+1"],"picked":"SKIP","floor":35},{"not_picked":["Slice"],"picked":"SKIP","floor":37},{"not_picked":["Bane"],"picked":"SKIP","floor":38},{"not_picked":["Bouncing Flask"],"picked":"SKIP","floor":41},{"not_picked":[],"picked":"Backstab","floor":45},{"not_picked":[],"picked":"Acrobatics+1","floor":46},{"not_picked":["Well Laid Plans+1"],"picked":"SKIP","floor":47}],"player_experience":315134,"relics_obtained":[{"floor":9.0,"key":"Frozen Egg 2"},{"floor":26.0,"key":"Oddly Smooth Stone"},{"floor":39,"key":"Whetstone"},{"floor":43,"key":"Bottled Tornado"}],"event_choices":[{"cards_removed":["Strike_G"],"damage_healed":0.0,"max_hp_gain":0.0,"max_hp_loss":0.0,"gold_gain":0.0,"event_name":"Living Wall","player_choice":"Forget","floor":2.0,"gold_loss":0.0,"damage_taken":0.0},{"damage_healed":0.0,"max_hp_gain":0.0,"max_hp_loss":0.0,"gold_gain":0.0,"cards_transformed":["Strike_G"],"event_name":"Transmorgrifier","player_choice":"Transformed","floor":7.0,"gold_loss":0.0,"damage_taken":0.0,"cards_obtained":["Doppelganger"]},{"damage_healed":0.0,"max_hp_gain":0.0,"max_hp_loss":0.0,"gold_gain":0.0,"event_name":"Scrap Ooze","player_choice":"Success","floor":12.0,"gold_loss":0.0,"damage_taken":25.0,"relics_obtained":["Letter Opener"]},{"damage_healed":0.0,"max_hp_gain":0.0,"max_hp_loss":5.0,"gold_gain":0.0,"event_name":"Golden Idol","player_choice":"Lose Max HP","floor":13.0,"gold_loss":0.0,"damage_taken":0.0,"relics_obtained":["Golden Idol"]},{"cards_removed":["Strike_G"],"damage_healed":0.0,"max_hp_gain":0.0,"max_hp_loss":0.0,"gold_gain":0.0,"event_name":"Golden Wing","player_choice":"Card Removal","floor":14.0,"gold_loss":0.0,"damage_taken":7.0},{"damage_healed":0.0,"max_hp_gain":0.0,"max_hp_loss":0.0,"gold_gain":0.0,"event_name":"The Mausoleum","player_choice":"Ignored","floor":22.0,"gold_loss":0.0,"damage_taken":0.0},{"damage_healed":0.0,"max_hp_gain":0.0,"max_hp_loss":0.0,"gold_gain":0.0,"event_name":"Lab","player_choice":"Got Potions","floor":24.0,"gold_loss":0.0,"damage_taken":0.0},{"damage_healed":0,"gold_gain":0,"player_choice":"Ignored","damage_taken":0,"max_hp_gain":0,"max_hp_loss":0,"event_name":"Mysterious Sphere","floor":36,"gold_loss":0},{"damage_healed":0,"gold_gain":0,"player_choice":"Paid","damage_taken":0,"relics_obtained":["Red Mask"],"max_hp_gain":0,"max_hp_loss":0,"event_name":"Tomb of Lord Red Mask","floor":44,"gold_loss":73},{"damage_healed":0,"gold_gain":0,"player_choice":"Memory 1","damage_taken":0,"max_hp_gain":0,"max_hp_loss":0,"event_name":"SensoryStone","floor":48,"gold_loss":0}],"is_beta":false,"boss_relics":[{"not_picked":["Fusion Hammer","Astrolabe"],"picked":"Sozu"},{"not_picked":["Orrery","White Beast Statue"],"picked":"Busted Crown"}],"items_purged_floors":[21,42],"is_endless":false,"potions_floor_spawned":[1,3,16,19,29,30,31,35,37,45],"ascension_level":3}