{"gold_per_floor":[110,110,133,208,133,133,167,187,187,206,206,224,224,239,239,369,369,384,299,314,314,328,328],"floor_reached":23,"playtime":467,"items_purged":["Strike_R"],"score":243,"play_id":"fe3be8bd-d520-4822-95f7-064bb58721ff","local_time":"20190204211217","is_ascension_mode":false,"campfire_choices":[{"data":"Bash","floor":6.0,"key":"SMITH"},{"data":"Searing Blow","floor":13.0,"key":"SMITH"},{"data":"Searing Blow+1","floor":15.0,"key":"SMITH"}],"neow_cost":"NONE","seed_source_timestamp":182964339164842,"circlet_count":0,"master_deck":["Strike_R","Strike_R","Strike_R","Strike_R","Defend_R","Defend_R","Defend_R","Defend_R","Bash+1","Searing Blow+2"],"special_seed":0,"relics":["Burning Blood","NeowsBlessing","Golden Idol","Anchor","Singing Bowl","Black Star","Ornamental Fan"],"potions_floor_usage":[20,22,23],"damage_taken":[{"damage":0.0,"enemies":"2 Louse","floor":1.0,"turns":1.0},{"damage":0.0,"enemies":"Small Slimes","floor":3.0,"turns":1.0},{"damage":0.0,"enemies":"Gremlin Nob","floor":7.0,"turns":1.0},{"damage":1.0,"enemies":"Jaw Worm","floor":8.0,"turns":2.0},{"damage":14.0,"enemies":"Blue Slaver","floor":10.0,"turns":4.0},{"damage":0.0,"enemies":"Large Slime","floor":12.0,"turns":6.0},{"damage":9.0,"enemies":"Exordium Wildlife","floor":14.0,"turns":3.0},{"damage":63.0,"enemies":"Slime Boss","floor":16.0,"turns":11.0},{"damage":10.0,"enemies":"Chosen","floor":18.0,"turns":4.0},{"damage":31,"enemies":"Shell Parasite","floor":20,"turns":6},{"damage":17,"enemies":"Snake Plant","floor":22,"turns":4},{"damage":61,"enemies":"Slavers","floor":23,"turns":5}],"seed_played":"-3831671193765553464","potions_obtained":[{"floor":7.0,"key":"Energy Potion"},{"floor":8.0,"key":"SneckoOil"},{"floor":10.0,"key":"Strength Potion"},{"floor":16.0,"key":"AttackPotion"},{"floor":22,"key":"AttackPotion"}],"is_trial":false,"path_per_floor":["M","?","M","?","$","R","E","M","T","M","?","M","R","M","R","B",null,"M","?","M","?","M","E"],"character_chosen":"IRONCLAD","items_purchased":[],"campfire_rested":0,"item_purchase_floors":[],"current_hp_per_floor":[80,60,66,55,55,55,61,66,66,60,65,71,71,70,70,15,91,89,89,66,66,57,0],"gold":328,"neow_bonus":"THREE_ENEMY_KILL","is_prod":false,"is_daily":false,"chose_seed":false,"campfire_upgraded":3,"win_rate":0,"timestamp":1549343537,"path_taken":["M","?","M","?","$","R","E","M","T","M","?","?","R","M","R","BOSS","M","?","M","?","M","E"],"build_version":"2019-01-23","purchased_purges":1,"victory":false,"max_hp_per_floor":[80,80,80,80,80,80,80,80,80,82,87,87,87,89,89,91,91,93,93,95,95,97,97],"card_choices":[{"not_picked":["Heavy Blade","Sword Boomerang","Shrug It Off"],"picked":"SKIP","floor":1.0},{"not_picked":["Shockwave","Cleave","Corruption"],"picked":"SKIP","floor":3.0},{"not_picked":["Whirlwind","Evolve","Metallicize"],"picked":"SKIP","floor":7.0},{"not_picked":["Burning Pact","Headbutt","Intimidate"],"picked":"SKIP","floor":8.0},{"not_picked":["Second Wind","Rampage","True Grit"],"picked":"Singing Bowl","floor":10.0},{"not_picked":["Carnage","Sword Boomerang"],"picked":"Searing Blow","floor":12.0},{"not_picked":["Clash","Anger","Headbutt"],"picked":"Singing Bowl","floor":14.0},{"not_picked":["Fiend Fire","Double Tap","Demon Form"],"picked":"Singing Bowl","floor":16.0},{"not_picked":["Iron Wave","Hemokinesis","Power Through+1"],"picked":"Singing Bowl","floor":18.0},{"not_picked":["Wild Strike","Dual Wield+1","Cleave+1"],"picked":"Singing Bowl","floor":20},{"not_picked":["Warcry","Flex","Sever Soul"],"picked":"Singing Bowl","floor":22}],"player_experience":357969,"relics_obtained":[{"floor":7.0,"key":"Anchor"},{"floor":9.0,"key":"Singing Bowl"}],"event_choices":[{"damage_healed":0.0,"max_hp_gain":0.0,"max_hp_loss":0.0,"gold_gain":0.0,"event_name":"Golden Idol","player_choice":"Take Damage","floor":2.0,"gold_loss":0.0,"damage_taken":20.0,"relics_obtained":["Golden Idol"]},{"damage_healed":0.0,"max_hp_gain":0.0,"max_hp_loss":0.0,"gold_gain":75.0,"event_name":"World of Goop","player_choice":"Gather Gold","floor":4.0,"gold_loss":0.0,"damage_taken":11.0},{"damage_healed":0.0,"max_hp_gain":5.0,"max_hp_loss":0.0,"gold_gain":0.0,"event_name":"Big Fish","player_choice":"Donut","floor":11.0,"gold_loss":0.0,"damage_taken":0.0},{"damage_healed":0.0,"max_hp_gain":0.0,"max_hp_loss":0.0,"gold_gain":0.0,"event_name":"Addict","player_choice":"Obtained Relic","floor":19.0,"gold_loss":85.0,"damage_taken":0.0,"relics_obtained":["Ornamental Fan"]},{"damage_healed":0,"gold_gain":0,"player_choice":"Ignored","damage_taken":0,"max_hp_gain":0,"max_hp_loss":0,"event_name":"Vampires","floor":21,"gold_loss":0}],"is_beta":false,"boss_relics":[{"not_picked":["Ectoplasm","Runic Cube"],"picked":"Black Star"}],"items_purged_floors":[5],"is_endless":false,"potions_floor_spawned":[7,8,10,16,18,22],"killed_by":"Slavers","ascension_level":0}