{"gold_per_floor":[110,110,134,154,172,172,203,203,203,234,234,234,253,228,228,349,349,373,136,136,136,61,61,61,61,85,110,110,110,148,163,163,163],"floor_reached":33,"playtime":1513,"items_purged":[],"score":350,"play_id":"ea9b9733-13ff-497f-9f20-e54604271122","local_time":"20181015121409","is_ascension_mode":true,"campfire_choices":[{"floor":6,"key":"REST"},{"floor":8,"key":"REST"},{"data":"Entrench","floor":15,"key":"SMITH"},{"data":"RitualDagger","floor":23,"key":"SMITH"},{"data":"True Grit","floor":25,"key":"SMITH"},{"data":"Iron Wave","floor":28,"key":"SMITH"},{"data":"Inflame","floor":32,"key":"SMITH"}],"neow_cost":"PERCENT_DAMAGE","seed_source_timestamp":411406984551319,"circlet_count":0,"master_deck":["Strike_R","Strike_R","Strike_R","Strike_R","Strike_R","Defend_R","Defend_R","Defend_R","Defend_R","Bash","Juggernaut","Body Slam","Injury","Iron Wave+1","Armaments+1","Iron Wave","Flex","Entrench+1","Parasite","True Grit+1","Flex","Impervious","Perfected Strike","Spot Weakness","Twin Strike","RitualDagger+1","Pain","Perfected Strike","Inflame+1","Wild Strike"],"relics":["Burning Blood","Golden Idol","Letter Opener","Question Card","Darkstone Periapt","Cursed Key","Bag of Marbles","Gambling Chip","Dream Catcher","Oddly Smooth Stone"],"potions_floor_usage":[5,10,30,31,33],"damage_taken":[{"damage":9,"enemies":"Cultist","floor":1,"turns":5},{"damage":14,"enemies":"Jaw Worm","floor":3,"turns":5},{"damage":11,"enemies":"2 Louse","floor":4,"turns":4},{"damage":14,"enemies":"Gremlin Gang","floor":5,"turns":7},{"damage":38,"enemies":"3 Sentries","floor":7,"turns":10},{"damage":19,"enemies":"Lagavulin","floor":10,"turns":6},{"damage":10,"enemies":"3 Louse","floor":13,"turns":4},{"damage":50,"enemies":"Slime Boss","floor":16,"turns":11},{"damage":32,"enemies":"Shell Parasite","floor":18,"turns":5},{"damage":7,"enemies":"Colosseum Slavers","floor":24,"turns":4},{"damage":27,"enemies":"2 Thieves","floor":27,"turns":4},{"damage":5,"enemies":"Gremlin Leader","floor":30,"turns":7},{"damage":28,"enemies":"Shelled Parasite and Fungi","floor":31,"turns":6},{"damage":76,"enemies":"Champ","floor":33,"turns":8}],"seed_played":"-9194850272594962879","potions_obtained":[{"floor":3,"key":"Poison Potion"},{"floor":7,"key":"Block Potion"},{"floor":16,"key":"Explosive Potion"},{"floor":27,"key":"LiquidBronze"},{"floor":31,"key":"Energy Potion"}],"is_trial":false,"path_per_floor":["M","?","M","M","M","R","E","R","T","E","?","?","M","$","R","B",null,"M","$","?","T","?","R","?","R","T","M","R","?","E","M","R"],"character_chosen":"IRONCLAD","items_purchased":["Flex","Spot Weakness","Bag of Marbles","Twin Strike"],"campfire_rested":2,"item_purchase_floors":[14,19,19,19],"current_hp_per_floor":[53,53,45,40,32,56,24,48,48,35,35,61,57,57,57,13,86,60,60,54,60,60,60,59,59,65,44,44,76,77,55,55,0],"gold":163,"neow_bonus":"THREE_RARE_CARDS","is_prod":false,"is_daily":false,"chose_seed":false,"campfire_upgraded":5,"win_rate":0,"timestamp":1539627249,"path_taken":["M","?","M","M","?","R","E","R","T","E","?","?","M","$","R","BOSS","M","?","?","?","?","R","?","R","T","?","R","?","E","M","R","BOSS"],"build_version":"2018-10-11","purchased_purges":0,"victory":false,"max_hp_per_floor":[80,80,80,80,80,80,80,80,80,80,80,86,86,86,86,86,86,86,86,86,92,92,92,92,92,98,98,98,98,98,98,98,98],"card_choices":[{"not_picked":["Offering","Brutality"],"picked":"Juggernaut","floor":0},{"not_picked":["Anger","Hemokinesis"],"picked":"Body Slam","floor":1},{"not_picked":["Infernal Blade","Evolve"],"picked":"Iron Wave","floor":3},{"not_picked":["Flex","Entrench"],"picked":"Armaments","floor":4},{"not_picked":["Warcry","Corruption"],"picked":"Iron Wave","floor":5},{"not_picked":["Rupture","Heavy Blade"],"picked":"Flex","floor":7},{"not_picked":["Searing Blow","Armaments","Limit Break"],"picked":"Entrench","floor":10},{"not_picked":["Heavy Blade","Perfected Strike","Sever Soul"],"picked":"True Grit","floor":13},{"not_picked":["Demon Form","Double Tap","Offering"],"picked":"Impervious","floor":16},{"not_picked":["Blood for Blood","Heavy Blade+1","Warcry"],"picked":"Perfected Strike","floor":18},{"not_picked":["Pommel Strike","Juggernaut","Warcry"],"picked":"Perfected Strike","floor":27},{"not_picked":["Reckless Charge","Anger","Cleave+1"],"picked":"Inflame","floor":30},{"not_picked":["Intimidate","Whirlwind","Battle Trance+1"],"picked":"Wild Strike","floor":31}],"player_experience":689912,"relics_obtained":[{"floor":7,"key":"Letter Opener"},{"floor":9,"key":"Question Card"},{"floor":10,"key":"Darkstone Periapt"},{"floor":21,"key":"Gambling Chip"},{"floor":26,"key":"Dream Catcher"},{"floor":30,"key":"Oddly Smooth Stone"}],"event_choices":[{"event_name":"Golden Idol","player_choice":"Take Wound","floor":2,"damage_taken":0},{"event_name":"Accursed Blacksmith","player_choice":"Forge","floor":11,"damage_taken":0},{"event_name":"Mushrooms","player_choice":"Healed and dodged fight","floor":12,"damage_taken":0},{"event_name":"Nest","player_choice":"Joined the Cult","floor":20,"damage_taken":0},{"event_name":"Beggar","player_choice":"Gave Gold","floor":22,"damage_taken":0},{"event_name":"Colosseum","player_choice":"Fight","floor":24,"damage_taken":0},{"event_name":"Colosseum","player_choice":"Fled From Nobs","floor":24,"damage_taken":0},{"event_name":"The Library","player_choice":"Heal","floor":29,"damage_taken":0}],"is_beta":false,"boss_relics":[{"not_picked":["White Beast Statue","Pandora\u0027s Box"],"picked":"Cursed Key"}],"items_purged_floors":[],"is_endless":false,"potions_floor_spawned":[3,7,16,27,31],"killed_by":"Champ","ascension_level":4}