{"gold_per_floor":[118,68,68,88,108,142,142,8,60,74,102,122,122,183,183,183],"floor_reached":16,"playtime":453,"items_purged":["Regret"],"score":120,"play_id":"e80e168c-489e-4c4f-bf4f-600fe3c4057c","local_time":"20181111165109","is_ascension_mode":true,"campfire_choices":[{"data":"Beam Cell","floor":7,"key":"SMITH"},{"data":"Gash","floor":13,"key":"SMITH"},{"floor":15,"key":"REST"}],"neow_cost":"NONE","seed_source_timestamp":289043269280164,"circlet_count":0,"master_deck":["Strike_B","Strike_B+1","Strike_B","Defend_B","Defend_B","Defend_B","Defend_B","Zap","Dualcast","Beam Cell","Steam","Beam Cell+1","Finesse","Gash+1","Scrape+1","Rip and Tear"],"relics":["Cracked Core","NeowsBlessing","Smiling Mask","Boot","Potion Belt","Odd Mushroom","Whetstone"],"potions_floor_usage":[6,14,14],"damage_taken":[{"damage":0,"enemies":"Cultist","floor":1,"turns":1},{"damage":0,"enemies":"Small Slimes","floor":4,"turns":1},{"damage":0,"enemies":"2 Louse","floor":5,"turns":1},{"damage":34,"enemies":"Lagavulin","floor":6,"turns":5},{"damage":4,"enemies":"Exordium Thugs","floor":10,"turns":5},{"damage":12,"enemies":"The Mushroom Lair","floor":11,"turns":4},{"damage":8,"enemies":"Large Slime","floor":12,"turns":4},{"damage":15,"enemies":"Lagavulin Event","floor":14,"turns":5},{"damage":24,"enemies":"The Guardian","floor":16,"turns":7}],"seed_played":"3724721462768025232","potions_obtained":[{"floor":5,"key":"Swift Potion"},{"floor":6,"key":"Strength Potion"},{"floor":10,"key":"SpeedPotion"},{"floor":14,"key":"FearPotion"}],"is_trial":false,"path_per_floor":["M","?","?","M","M","E","R","$","T","M","?","M","R","?","R","B"],"character_chosen":"DEFECT","items_purchased":["Finesse"],"campfire_rested":1,"item_purchase_floors":[8],"current_hp_per_floor":[75,75,75,75,75,41,41,41,41,37,25,17,17,2,24,0],"gold":183,"neow_bonus":"THREE_ENEMY_KILL","is_prod":false,"is_daily":false,"chose_seed":false,"campfire_upgraded":2,"win_rate":0,"timestamp":1541973069,"path_taken":["M","?","?","M","M","E","R","$","T","M","?","M","R","?","R","BOSS"],"build_version":"2018-11-08","purchased_purges":1,"victory":false,"max_hp_per_floor":[75,75,75,75,75,75,75,75,75,75,75,75,75,75,75,75],"card_choices":[{"not_picked":["Coolheaded","Stack"],"picked":"Beam Cell","floor":1},{"not_picked":["Stack","Compile Driver"],"picked":"Steam","floor":4},{"not_picked":["Reinforced Body","Turbo"],"picked":"Beam Cell","floor":5},{"not_picked":["Turbo","Aggregate","Recycle"],"picked":"SKIP","floor":6},{"not_picked":["Recycle","Reprogram","Undo"],"picked":"SKIP","floor":10},{"not_picked":["Darkness","Compile Driver"],"picked":"Gash","floor":11},{"not_picked":["Steam Power","Leap"],"picked":"Scrape","floor":12},{"not_picked":["Defragment","Barrage"],"picked":"Rip and Tear","floor":14}],"player_experience":447049,"relics_obtained":[{"floor":6,"key":"Boot"},{"floor":9,"key":"Potion Belt"},{"floor":11,"key":"Odd Mushroom"},{"floor":14,"key":"Whetstone"}],"event_choices":[{"cards_removed":["Strike_B"],"damage_healed":0,"gold_gain":0,"player_choice":"Card Removal","damage_taken":0,"max_hp_gain":0,"max_hp_loss":0,"event_name":"The Cleric","floor":2,"gold_loss":50},{"damage_healed":0,"gold_gain":0,"player_choice":"Box","damage_taken":0,"relics_obtained":["Smiling Mask"],"max_hp_gain":0,"max_hp_loss":0,"event_name":"Big Fish","floor":3,"gold_loss":0,"cards_obtained":["Regret"]},{"damage_healed":0,"gold_gain":0,"player_choice":"Fought Mushrooms","damage_taken":0,"max_hp_gain":0,"max_hp_loss":0,"event_name":"Mushrooms","floor":11,"gold_loss":0},{"damage_healed":0,"gold_gain":0,"player_choice":"Searched \u00272\u0027 times","damage_taken":0,"max_hp_gain":0,"max_hp_loss":0,"event_name":"Dead Adventurer","floor":14,"gold_loss":0}],"is_beta":true,"boss_relics":[],"items_purged_floors":[8],"is_endless":false,"potions_floor_spawned":[5,6,10,14],"killed_by":"The Guardian","ascension_level":4}