{"gold_per_floor":[118,118,128,128,60,88,106,117,143,173,173],"floor_reached":11,"playtime":353,"items_purged":[],"score":83,"play_id":"5d486def-2126-42ed-afba-9547264ea5b5","local_time":"20181118120317","is_ascension_mode":false,"campfire_choices":[],"neow_cost":"NONE","seed_source_timestamp":411528194114139,"circlet_count":0,"master_deck":["Strike_B+1","Strike_B","Strike_B","Defend_B","Defend_B","Defend_B","Defend_B","Zap+1","Dualcast+1","Coolheaded","Melter+1","Conserve Battery","Sweeping Beam","Gash","Gash","Steam","Gash"],"relics":["Cracked Core","Whetstone","Strawberry","Blood Vial"],"potions_floor_usage":[6],"damage_taken":[{"damage":1,"enemies":"Jaw Worm","floor":1,"turns":3},{"damage":0,"enemies":"Cultist","floor":3,"turns":3},{"damage":51,"enemies":"Gremlin Nob","floor":6,"turns":5},{"damage":0,"enemies":"Small Slimes","floor":7,"turns":2},{"damage":11,"enemies":"Red Slaver","floor":8,"turns":2},{"damage":11,"enemies":"3 Sentries","floor":10,"turns":6},{"damage":11,"enemies":"Exordium Wildlife","floor":11,"turns":1}],"seed_played":"-4936384388730731693","potions_obtained":[{"floor":3,"key":"Swift Potion"}],"is_trial":false,"path_per_floor":["M","?","M","?","$","E","M","M","T","E","M"],"character_chosen":"DEFECT","items_purchased":["Conserve Battery","Sweeping Beam"],"campfire_rested":0,"item_purchase_floors":[5,5],"current_hp_per_floor":[74,74,74,74,74,23,23,12,19,8,0],"gold":173,"neow_bonus":"UPGRADE_CARD","is_prod":false,"is_daily":false,"chose_seed":false,"campfire_upgraded":0,"win_rate":0,"timestamp":1542567797,"path_taken":["M","?","?","?","$","E","M","?","T","E","M"],"build_version":"2018-11-15","purchased_purges":0,"victory":false,"max_hp_per_floor":[75,75,75,75,75,75,75,75,82,82,82],"card_choices":[{"not_picked":["Steam","Consume"],"picked":"Coolheaded","floor":1},{"not_picked":["Go for the Eyes","Sweeping Beam"],"picked":"Melter","floor":3},{"not_picked":["Turbo","Undo"],"picked":"Gash","floor":6},{"not_picked":["Recycle","Skim"],"picked":"Gash","floor":7},{"not_picked":["Fusion","Melter"],"picked":"Steam","floor":8},{"not_picked":["Heatsinks","Beam Cell"],"picked":"Gash","floor":10}],"player_experience":1083349,"relics_obtained":[{"floor":6,"key":"Whetstone"},{"floor":9,"key":"Strawberry"},{"floor":10,"key":"Blood Vial"}],"event_choices":[{"damage_healed":0,"gold_gain":0,"player_choice":"Upgraded","damage_taken":0,"max_hp_gain":0,"max_hp_loss":0,"event_name":"Upgrade Shrine","floor":2,"gold_loss":0,"cards_upgraded":["Dualcast"]},{"cards_removed":["Strike_B"],"damage_healed":0,"gold_gain":0,"player_choice":"Card Removal","damage_taken":0,"max_hp_gain":0,"max_hp_loss":0,"event_name":"Wheel of Change","floor":4,"gold_loss":0}],"is_beta":false,"boss_relics":[],"items_purged_floors":[],"is_endless":false,"potions_floor_spawned":[3],"killed_by":"Exordium Wildlife","ascension_level":0}