{"gold_per_floor":[15,32,43,9,29,29,42,42,42,58,23,37,47,61,61,161,161,173,173,189,206,206,233,233,245,268,268,268],"floor_reached":28,"playtime":1616,"items_purged":[],"score":236,"play_id":"e7aebd76-1073-439f-b56c-4810c7ea0f9b","local_time":"20190212212657","is_ascension_mode":false,"campfire_choices":[{"data":"Madness","floor":6,"key":"SMITH"},{"data":"Defragment","floor":8,"key":"SMITH"},{"data":"Redo","floor":15,"key":"SMITH"},{"floor":24,"key":"REST"},{"floor":27,"key":"REST"}],"neow_cost":"NO_GOLD","seed_source_timestamp":6500479667169,"circlet_count":0,"master_deck":["Strike_B","Strike_B","Strike_B","Strike_B","Defend_B","Defend_B","Defend_B","Defend_B","Zap","Dualcast","Forethought","Madness+1","Glacier","Rebound","Meteor Strike","Defragment+1","Ball Lightning","Coolheaded","Coolheaded","Glacier","Redo+1","Rainbow","Electrodynamics","BootSequence","Defragment","Ball Lightning","RitualDagger","Echo Form","Leap","Hologram","Coolheaded+1"],"relics":["Cracked Core","Dream Catcher"],"potions_floor_usage":[12,16,18,21,23],"damage_taken":[{"damage":0,"enemies":"Small Slimes","floor":1,"turns":3},{"damage":11,"enemies":"Jaw Worm","floor":2,"turns":4},{"damage":5,"enemies":"2 Louse","floor":3,"turns":2},{"damage":6,"enemies":"Gremlin Gang","floor":5,"turns":5},{"damage":3,"enemies":"Exordium Thugs","floor":7,"turns":5},{"damage":4,"enemies":"Lots of Slimes","floor":10,"turns":5},{"damage":0,"enemies":"Large Slime","floor":12,"turns":4},{"damage":0,"enemies":"Blue Slaver","floor":13,"turns":4},{"damage":3,"enemies":"Red Slaver","floor":14,"turns":4},{"damage":22,"enemies":"Hexaghost","floor":16,"turns":11},{"damage":13,"enemies":"2 Thieves","floor":18,"turns":3},{"damage":4,"enemies":"Spheric Guardian","floor":20,"turns":5},{"damage":3,"enemies":"3 Cultists","floor":21,"turns":3},{"damage":33,"enemies":"Book of Stabbing","floor":23,"turns":5},{"damage":6,"enemies":"Snake Plant","floor":25,"turns":6}],"seed_played":"-4744564738258136727","potions_obtained":[{"floor":2,"key":"PowerPotion"},{"floor":3,"key":"AttackPotion"},{"floor":7,"key":"Swift Potion"},{"floor":12,"key":"Fire Potion"},{"floor":18,"key":"FearPotion"},{"floor":20,"key":"Ancient Potion"},{"floor":25,"key":"FearPotion"}],"is_trial":false,"path_per_floor":["M","M","M","$","M","R","M","R","T","M","?","M","M","M","R","B",null,"M","?","M","M","?","E","R","M","T","R","M"],"character_chosen":"DEFECT","items_purchased":["Defragment"],"campfire_rested":2,"item_purchase_floors":[4],"current_hp_per_floor":[75,64,59,59,53,53,50,50,50,46,64,64,64,61,61,39,75,62,62,58,55,49,16,38,32,32,54,51],"gold":268,"neow_bonus":"RANDOM_COLORLESS_2","is_prod":false,"is_daily":false,"chose_seed":false,"campfire_upgraded":3,"win_rate":0,"timestamp":1550032017,"path_taken":["M","M","M","$","M","R","M","R","T","M","?","M","M","M","R","BOSS","M","?","M","M","?","E","R","M","T","R","M"],"build_version":"2019-01-23","purchased_purges":0,"victory":false,"max_hp_per_floor":[75,75,75,75,75,75,75,75,75,75,75,75,75,75,75,75,75,75,75,75,75,75,75,75,75,75,75,75],"card_choices":[{"not_picked":["Ball Lightning","Rebound"],"picked":"Glacier","floor":1},{"not_picked":["Turbo","Leap"],"picked":"Rebound","floor":2},{"not_picked":["Skim","Reprogram"],"picked":"Meteor Strike","floor":3},{"not_picked":["Compile Driver","Auto Shields"],"picked":"Ball Lightning","floor":5},{"not_picked":["Go for the Eyes","Barrage"],"picked":"Coolheaded","floor":7},{"not_picked":["Rip and Tear","Beam Cell"],"picked":"Coolheaded","floor":10},{"not_picked":["Streamline","Conserve Battery"],"picked":"Glacier","floor":12},{"not_picked":["Force Field","Compile Driver"],"picked":"Redo","floor":13},{"not_picked":["Gash","Sweeping Beam"],"picked":"Rainbow","floor":14},{"not_picked":["Meteor Strike","Seek"],"picked":"Electrodynamics","floor":16},{"not_picked":["Redo","Rebound"],"picked":"BootSequence","floor":18},{"not_picked":["Steam","Rebound+1"],"picked":"Defragment","floor":20},{"not_picked":["Turbo+1","Hologram+1"],"picked":"Ball Lightning","floor":21},{"not_picked":["Hello World","Barrage+1"],"picked":"Echo Form","floor":23},{"not_picked":["Compile Driver","Beam Cell"],"picked":"Leap","floor":24},{"not_picked":["Hello World+1","Storm"],"picked":"Hologram","floor":25},{"not_picked":["Rebound","Compile Driver"],"picked":"Coolheaded+1","floor":27}],"player_experience":1448116,"relics_obtained":[{"floor":23,"key":"Dream Catcher"}],"event_choices":[{"damage_healed":18,"gold_gain":0,"player_choice":"Healed","damage_taken":0,"max_hp_gain":0,"max_hp_loss":0,"event_name":"The Cleric","floor":11,"gold_loss":35},{"damage_healed":0,"gold_gain":0,"player_choice":"Joined the Cult","damage_taken":6,"max_hp_gain":0,"max_hp_loss":0,"event_name":"Nest","floor":22,"gold_loss":0,"cards_obtained":["RitualDagger"]}],"is_beta":false,"boss_relics":[{"not_picked":["Philosopher\u0027s Stone","Coffee Dripper","Eternal Feather"]}],"items_purged_floors":[],"is_endless":false,"potions_floor_spawned":[2,3,7,10,12,13,18,20,25],"killed_by":"Centurion and Healer","ascension_level":0}