{"path_per_floor":["M","?","?","$","M","R","M","E","T","M","M","M","R","?","R","B",null,"M","M","$","M","?","R","E","$","T","?","M","M","M","M","R","B",null,"M","$","M","?","$","R","M","R","T","?","M","M","M","T","R","B"],"character_chosen":"IRONCLAD","items_purchased":["Exhume","Inflame","Block Potion","Feel No Pain","Weak Potion","Master of Strategy"],"gold_per_floor":[112,112,112,37,53,53,66,99,123,137,157,176,176,176,176,306,306,321,339,64,79,79,79,107,21,71,21,35,50,64,75,75,179,179,199,15,28,0,0,0,16,16,72,72,82,94,110,110,110,110],"floor_reached":51,"campfire_rested":3,"playtime":2838,"current_hp_per_floor":[73,53,53,53,56,56,55,26,26,29,23,24,24,17,41,14,80,77,75,75,63,63,63,47,47,52,52,50,39,42,41,65,17,80,80,80,53,53,53,53,20,44,54,54,61,75,80,80,80,41],"items_purged":["Decay"],"gold":110,"play_id":"cff0d540-a26c-4091-9879-616544f155da","is_prod":false,"is_daily":false,"is_ascension_mode":false,"campfire_upgraded":5,"path_taken":["M","?","?","?","M","R","?","E","T","M","M","M","R","?","R","BOSS","M","M","$","M","?","R","E","$","T","?","?","M","M","M","R","BOSS","M","$","M","?","?","R","M","R","T","?","M","M","M","?","R","BOSS"],"build_version":"2018-02-01-PROD3","purchased_purges":1,"victory":true,"master_deck":["Strike_R","Defend_R","Defend_R","Defend_R","Bash","Double Tap+1","Thunderclap","Flex+1","Flex+1","Limit Break+1","Inflame","Warcry","Twin Strike","Offering+1","Power Through+1","Disarm+1","Clash+1","Thunderclap+1","Twin Strike","Exhume+1","Inflame","Seeing Red+1","Feel No Pain","Burning Pact","Pummel+1","Headbutt","Feel No Pain+1","Impervious","Master of Strategy","Heavy Blade","Intimidate","Intimidate+1"],"max_hp_per_floor":[80,80,80,80,80,80,80,80,80,80,80,80,80,80,80,80,80,80,80,80,80,80,80,80,80,80,80,80,80,80,80,80,80,80,80,80,80,80,80,80,80,80,80,80,80,80,80,80,80,80],"relics":["Black Blood","Bloody Idol","Orichalcum","Bronze Scales","Astrolabe","War Paint","Vajra","Red Mask","Tiny Chest","Torii"],"card_choices":[{"not_picked":["Whirlwind","Perfected Strike"],"picked":"Thunderclap"},{"not_picked":["Havoc","Fire Breathing"],"picked":"Flex"},{"not_picked":["Cleave","Havoc"],"picked":"Flex"},{"not_picked":["Iron Wave","True Grit"],"picked":"Limit Break"},{"not_picked":["Sword Boomerang","Warcry"],"picked":"Inflame"},{"not_picked":["Havoc","Clothesline"],"picked":"Warcry"},{"not_picked":["Headbutt","Iron Wave"],"picked":"Twin Strike"},{"not_picked":["Immolate","Fiend Fire"],"picked":"Offering"},{"not_picked":["Havoc","Headbutt"],"picked":"Thunderclap"},{"not_picked":["Body Slam","Perfected Strike"],"picked":"Twin Strike"},{"not_picked":["Juggernaut","Sword Boomerang"],"picked":"Seeing Red"},{"not_picked":["Combust","Disarm"],"picked":"Burning Pact"},{"not_picked":["Clash","Cleave"],"picked":"Pummel"},{"not_picked":["Shrug It Off","Perfected Strike"],"picked":"Headbutt"},{"not_picked":["Second Wind","Fire Breathing"],"picked":"Feel No Pain"},{"not_picked":["Fiend Fire","Feed"],"picked":"Impervious"},{"not_picked":["Burning Pact","Intimidate"],"picked":"Heavy Blade"},{"not_picked":["Whirlwind","Warcry"],"picked":"Intimidate"},{"not_picked":["Fiend Fire","Havoc"],"picked":"Intimidate"}],"player_experience":97465,"potions_floor_usage":[12,16,16,24,33,33,33,41,46],"damage_taken":[{"damage":13,"enemies":"Jaw Worm","floor":1,"turns":3},{"damage":3,"enemies":"Small Slimes","floor":5,"turns":3},{"damage":7,"enemies":"2 Louse","floor":7,"turns":2},{"damage":35,"enemies":"3 Sentries","floor":8,"turns":7},{"damage":3,"enemies":"Exordium Thugs","floor":10,"turns":3},{"damage":12,"enemies":"Lots of Slimes","floor":11,"turns":3},{"damage":11,"enemies":"2 Fungi Beasts","floor":12,"turns":3},{"damage":33,"enemies":"The Guardian","floor":16,"turns":8},{"damage":9,"enemies":"Chosen","floor":18,"turns":5},{"damage":8,"enemies":"Spheric Guardian","floor":19,"turns":3},{"damage":18,"enemies":"3 Cultists","floor":21,"turns":4},{"damage":27,"enemies":"Slavers","floor":24,"turns":4},{"damage":13,"enemies":"Centurion and Healer","floor":28,"turns":5},{"damage":22,"enemies":"Snecko","floor":29,"turns":5},{"damage":8,"enemies":"Sentry and Sphere","floor":30,"turns":1},{"damage":12,"enemies":"3 Cultists","floor":31,"turns":3},{"damage":59,"enemies":"Automaton","floor":33,"turns":7},{"damage":13,"enemies":"3 Darklings","floor":35,"turns":5},{"damage":42,"enemies":"3 Shapes","floor":37,"turns":4},{"damage":48,"enemies":"Sphere and 2 Shapes","floor":41,"turns":5},{"damage":8,"enemies":"Maw","floor":45,"turns":2},{"damage":13,"enemies":"4 Shapes","floor":46,"turns":6},{"damage":7,"enemies":"Sphere and 2 Shapes","floor":47,"turns":4},{"damage":49,"enemies":"Donu and Deca","floor":50,"turns":6}],"event_choices":[{"event_name":"Golden Idol","player_choice":"Take Damage","floor":2,"damage_taken":0},{"event_name":"Wheel of Change","player_choice":"Curse","floor":3,"damage_taken":0},{"event_name":"Golden Wing","player_choice":"Card Removal","floor":14,"damage_taken":0},{"event_name":"Forgotten Altar","player_choice":"Gave Idol","floor":22,"damage_taken":0},{"event_name":"The Joust","player_choice":"Bet on Owner","floor":27,"damage_taken":0},{"event_name":"Tomb of Lord Red Mask","player_choice":"Paid","floor":38,"damage_taken":0}],"boss_relics":[{"not_picked":["Orrery","Calling Bell"],"picked":"Astrolabe"},{"not_picked":["Eternal Feather","Black Star"],"picked":"Black Blood"}],"potions_floor_spawned":[1,5,12,18,28,29,37,41],"seed_played":"-6543127738318029276","ascension_level":0,"is_trial":false}