{"gold_per_floor":[110,110,185,185,201,233,233,246,246,246],"floor_reached":10,"playtime":239,"items_purged":[],"score":116,"play_id":"b54005c5-c72c-4911-8f10-a860e88ba583","local_time":"20190404130148","is_ascension_mode":true,"campfire_choices":[],"neow_cost":"NONE","seed_source_timestamp":1690981900899093,"circlet_count":0,"master_deck":["AscendersBane","Defend_G+1","Defend_G","Defend_G","Defend_G","Defend_G","Strike_G","Strike_G","Strike_G","Strike_G","Strike_G","Survivor","Neutralize","Noxious Fumes+1","All Out Attack","A Thousand Cuts"],"relics":["Ring of the Snake","NeowsBlessing","The Courier","Golden Idol","Pocketwatch"],"potions_floor_usage":[8,8],"damage_taken":[{"damage":0,"enemies":"2 Louse","floor":1,"turns":1},{"damage":0,"enemies":"Jaw Worm","floor":4,"turns":1},{"damage":0,"enemies":"Small Slimes","floor":5,"turns":1},{"damage":28,"enemies":"Lagavulin","floor":6,"turns":8},{"damage":5,"enemies":"Blue Slaver","floor":8,"turns":4},{"damage":2,"enemies":"Gremlin Gang","floor":10,"turns":1}],"seed_played":"-5083892586941633095","potions_obtained":[{"floor":1,"key":"PowerPotion"},{"floor":5,"key":"Dexterity Potion"}],"is_trial":false,"path_per_floor":["?","?","?"],"character_chosen":"THE_SILENT","items_purchased":[],"campfire_rested":0,"item_purchase_floors":[],"current_hp_per_floor":[59,46,35,35,35,7,7,2,2,0],"gold":246,"neow_bonus":"THREE_ENEMY_KILL","is_prod":false,"is_daily":false,"chose_seed":false,"campfire_upgraded":0,"win_rate":0,"timestamp":1554397308,"path_taken":["M","?","?","M","M","E","?","M","T","M"],"build_version":"2019-01-23","purchased_purges":0,"victory":false,"max_hp_per_floor":[66,66,66,66,66,66,61,61,61,61],"card_choices":[{"not_picked":["Terror","Dash"],"picked":"Noxious Fumes","floor":1},{"not_picked":["Slice","Cloak And Dagger","Poisoned Stab"],"picked":"SKIP","floor":4},{"not_picked":["Flechettes","Calculated Gamble"],"picked":"All Out Attack","floor":5},{"not_picked":["Terror","Escape Plan"],"picked":"A Thousand Cuts","floor":6},{"not_picked":["Outmaneuver","Dagger Throw","Predator"],"picked":"SKIP","floor":8}],"player_experience":1475940,"relics_obtained":[{"floor":6,"key":"The Courier"},{"floor":9,"key":"Pocketwatch"}],"event_choices":[{"damage_healed":0,"gold_gain":0,"player_choice":"Entered Light","damage_taken":13,"max_hp_gain":0,"max_hp_loss":0,"event_name":"Shining Light","floor":2,"gold_loss":0,"cards_upgraded":["Noxious Fumes","Defend_G"]},{"damage_healed":0,"gold_gain":75,"player_choice":"Gather Gold","damage_taken":11,"max_hp_gain":0,"max_hp_loss":0,"event_name":"World of Goop","floor":3,"gold_loss":0},{"damage_healed":0,"gold_gain":0,"player_choice":"Lose Max HP","damage_taken":0,"relics_obtained":["Golden Idol"],"max_hp_gain":0,"max_hp_loss":5,"event_name":"Golden Idol","floor":7,"gold_loss":0}],"is_beta":false,"boss_relics":[],"items_purged_floors":[],"is_endless":false,"potions_floor_spawned":[1,5,6],"killed_by":"Gremlin Gang","ascension_level":14}