{"gold_per_floor":[113,113,139,152,165,192,192,292,315,335,363,363,16,31,31,127,127,145,74,14,14,14,14,25,45,45,45,45,45,45,61,61,162,162,175,175,100,118,118,118,18,35,35,35,48,148,73,105,105,105],"floor_reached":50,"playtime":2926,"items_purged":["Cloak And Dagger","Accuracy+1"],"score":578,"play_id":"7b6ecfba-fe95-4c8c-b7fa-561780ec6575","local_time":"20190104174003","is_ascension_mode":true,"campfire_choices":[{"floor":7.0,"key":"DIG"},{"floor":12.0,"key":"DIG"},{"floor":15,"key":"REST"},{"floor":23,"key":"DIG"},{"data":"Burst","floor":28,"key":"SMITH"},{"floor":32,"key":"REST"},{"data":"After Image","floor":40,"key":"SMITH"},{"data":"Leg Sweep","floor":44,"key":"SMITH"},{"floor":49,"key":"DIG"}],"neow_cost":"NONE","seed_source_timestamp":0,"circlet_count":0,"master_deck":["Defend_G","Defend_G","Defend_G","Defend_G","Defend_G","Survivor","Neutralize","Footwork","Leg Sweep+1","Noxious Fumes","Deadly Poison","Burst+1","Footwork","Burst","Bite","Bite","Bite","Bite","Bite","Backstab","After Image+1","Blur","Panacea","Prepared+1","Bouncing Flask+1","Blur"],"special_seed":0,"relics":["Ring of the Snake","NeowsBlessing","Shovel","Bag of Preparation","Sundial","Anchor","PreservedInsect","Regal Pillow","StoneCalendar","The Specimen","Sozu","Mummified Hand","Vajra","Kunai","Letter Opener","Ice Cream","Oddly Smooth Stone","Pen Nib"],"potions_floor_usage":[25,30],"damage_taken":[{"damage":0.0,"enemies":"2 Louse","floor":1.0,"turns":1.0},{"damage":0.0,"enemies":"Jaw Worm","floor":4.0,"turns":1.0},{"damage":0.0,"enemies":"Small Slimes","floor":5.0,"turns":1.0},{"damage":11.0,"enemies":"3 Sentries","floor":6.0,"turns":18.0},{"damage":0.0,"enemies":"Red Slaver","floor":10.0,"turns":5.0},{"damage":16.0,"enemies":"Gremlin Nob","floor":11.0,"turns":6.0},{"damage":9,"enemies":"2 Fungi Beasts","floor":14,"turns":5},{"damage":41,"enemies":"Slime Boss","floor":16,"turns":11},{"damage":8,"enemies":"3 Byrds","floor":18,"turns":7},{"damage":3,"enemies":"2 Thieves","floor":20,"turns":4},{"damage":15,"enemies":"Snake Plant","floor":24,"turns":7},{"damage":26,"enemies":"Sentry and Sphere","floor":25,"turns":6},{"damage":24,"enemies":"Cultist and Chosen","floor":30,"turns":5},{"damage":0,"enemies":"Centurion and Healer","floor":31,"turns":7},{"damage":26,"enemies":"Collector","floor":33,"turns":10},{"damage":4,"enemies":"3 Shapes","floor":35,"turns":7},{"damage":15,"enemies":"3 Darklings","floor":38,"turns":7},{"damage":16,"enemies":"Spire Growth","floor":42,"turns":7},{"damage":1,"enemies":"4 Shapes","floor":45,"turns":7},{"damage":0,"enemies":"Mind Bloom Boss Battle","floor":46,"turns":7},{"damage":0,"enemies":"Nemesis","floor":48,"turns":7},{"damage":49,"enemies":"Awakened One","floor":50,"turns":5}],"seed_played":"1281042261950416630","potions_obtained":[{"floor":1.0,"key":"SkillPotion"},{"floor":11.0,"key":"Weak Potion"},{"floor":14,"key":"SmokeBomb"}],"is_trial":false,"path_per_floor":["M","?","T","M","M","E","R","?","T","M","E","R","$","M","R","B",null,"M","$","M","?","?","R","M","M","T","?","R","?","M","M","R","B",null,"M","?","$","M","?","R","$","M","T","R","M","?","$","E","R","B"],"character_chosen":"THE_SILENT","items_purchased":["The Specimen","Deadly Poison","Footwork","Blur"],"campfire_rested":2,"item_purchase_floors":[13,13,19,47],"current_hp_per_floor":[70,63,63,63,63,52,52,52,52,52,36,36,36,27,63,22,70,62,62,59,59,59,59,44,18,18,18,18,18,4,20,49,37,49,47,47,47,42,42,42,42,37,37,37,40,47,47,47,47,0],"gold":105,"neow_bonus":"THREE_ENEMY_KILL","is_prod":false,"is_daily":false,"chose_seed":false,"campfire_upgraded":3,"win_rate":0,"timestamp":1546652403,"path_taken":["M","?","?","?","M","E","R","?","T","M","E","R","$","M","R","BOSS","M","$","M","?","?","R","?","M","T","?","R","?","?","M","R","BOSS","M","?","$","M","?","R","$","M","T","R","M","?","$","E","R","BOSS"],"build_version":"2019-01-03v4","purchased_purges":2,"victory":false,"max_hp_per_floor":[70,70,70,70,70,70,70,70,70,70,70,70,70,70,70,70,70,70,70,70,70,70,70,70,70,70,49,49,49,49,49,49,49,49,49,47,47,47,47,47,47,47,47,47,47,47,47,47,47,47],"card_choices":[{"not_picked":["Eviscerate","Poisoned Stab"],"picked":"Footwork","floor":1.0},{"not_picked":["Deflect","Bane"],"picked":"Leg Sweep","floor":4.0},{"not_picked":["Bouncing Flask","Deflect"],"picked":"Cloak And Dagger","floor":5.0},{"not_picked":["Leg Sweep","Bane"],"picked":"Noxious Fumes","floor":6.0},{"not_picked":["Dagger Spray","All Out Attack","Backflip"],"picked":"SKIP","floor":10.0},{"not_picked":["Sucker Punch","Distraction","Prepared"],"picked":"SKIP","floor":11.0},{"not_picked":["Sucker Punch","Calculated Gamble","Underhanded Strike"],"picked":"SKIP","floor":14},{"not_picked":["Adrenaline","Phantasmal Killer"],"picked":"Burst","floor":16},{"not_picked":["Blade Dance+1","Acrobatics"],"picked":"Accuracy+1","floor":18},{"not_picked":["Backflip","Dagger Spray","Cloak And Dagger"],"picked":"SKIP","floor":20},{"not_picked":["Leg Sweep","Finisher","Dodge and Roll+1"],"picked":"SKIP","floor":24},{"not_picked":["Adrenaline","Slice","Backflip"],"picked":"SKIP","floor":25},{"not_picked":["Dagger Throw","Sucker Punch"],"picked":"Backstab","floor":31},{"not_picked":["Envenom","Night Terror"],"picked":"After Image","floor":33},{"not_picked":["Calculated Gamble","Dagger Spray+1","Dagger Throw"],"picked":"SKIP","floor":35},{"not_picked":["PiercingWail","Sucker Punch+1"],"picked":"Blur","floor":38},{"not_picked":["Discovery","Trip"],"picked":"Panacea","floor":39},{"not_picked":["Dagger Spray+1","Outmaneuver"],"picked":"Prepared+1","floor":42},{"not_picked":["Night Terror","All Out Attack+1"],"picked":"Bouncing Flask+1","floor":45},{"not_picked":["Cloak And Dagger+1","All Out Attack","Blade Dance"],"picked":"SKIP","floor":48}],"player_experience":75537,"relics_obtained":[{"floor":3.0,"key":"Bag of Preparation"},{"floor":6.0,"key":"Sundial"},{"floor":7.0,"key":"Anchor"},{"floor":9.0,"key":"PreservedInsect"},{"floor":11.0,"key":"Regal Pillow"},{"floor":12.0,"key":"StoneCalendar"},{"floor":23,"key":"Mummified Hand"},{"floor":26,"key":"Vajra"},{"floor":43,"key":"Letter Opener"},{"floor":46,"key":"Ice Cream"},{"floor":48,"key":"Oddly Smooth Stone"},{"floor":49,"key":"Pen Nib"}],"event_choices":[{"damage_healed":0.0,"max_hp_gain":0.0,"max_hp_loss":0.0,"gold_gain":0.0,"event_name":"Scrap Ooze","player_choice":"Success","floor":2.0,"gold_loss":0.0,"damage_taken":7.0,"relics_obtained":["Shovel"]},{"damage_healed":0.0,"max_hp_gain":0.0,"max_hp_loss":0.0,"gold_gain":100.0,"event_name":"Golden Shrine","player_choice":"Pray","floor":8.0,"gold_loss":0.0,"damage_taken":0.0},{"damage_healed":0,"gold_gain":0,"player_choice":"Ignored","damage_taken":0,"max_hp_gain":0,"max_hp_loss":0,"event_name":"Ghosts","floor":21,"gold_loss":0},{"damage_healed":0,"gold_gain":0,"player_choice":"Copied","damage_taken":0,"max_hp_gain":0,"max_hp_loss":0,"event_name":"Duplicator","floor":22,"gold_loss":0,"cards_obtained":["Burst"]},{"damage_healed":0,"gold_gain":0,"player_choice":"Became a vampire","damage_taken":0,"max_hp_gain":0,"max_hp_loss":21,"event_name":"Vampires","floor":27,"gold_loss":0,"cards_obtained":["Bite","Bite","Bite","Bite","Bite"]},{"damage_healed":0,"gold_gain":0,"player_choice":"Gave Potion","damage_taken":0,"relics_obtained":["Kunai"],"max_hp_gain":0,"max_hp_loss":0,"event_name":"WeMeetAgain","floor":29,"gold_loss":0},{"damage_healed":0,"gold_gain":0,"player_choice":"Max HP","damage_taken":0,"max_hp_gain":0,"max_hp_loss":2,"event_name":"Winding Halls","floor":36,"gold_loss":0},{"damage_healed":0,"gold_gain":0,"player_choice":"Memory 1","damage_taken":0,"max_hp_gain":0,"max_hp_loss":0,"event_name":"SensoryStone","floor":39,"gold_loss":0},{"damage_healed":0,"gold_gain":0,"player_choice":"Fight","damage_taken":0,"max_hp_gain":0,"max_hp_loss":0,"event_name":"MindBloom","floor":46,"gold_loss":0}],"is_beta":false,"boss_relics":[{"not_picked":["Busted Crown","HoveringKite"],"picked":"Sozu"},{"not_picked":["White Beast Statue","Snecko Eye","Coffee Dripper"]}],"items_purged_floors":[37,41],"is_endless":false,"potions_floor_spawned":[1,11,14,16,18,30,31,33,38,45],"killed_by":"Awakened One","ascension_level":2}