{"path_per_floor":["M","?","$","M","M","E","$","R","T","M","$","?","M","E","R","B",null,"M","M","?","M","?","M","E","M","T","$","R","T","M","M","R"],"character_chosen":"IRONCLAD","items_purchased":["Spot Weakness","Heavy Blade","Inflame","Pommel Strike","Whirlwind","Evolve","Finesse"],"gold_per_floor":[217,217,45,60,70,103,68,68,117,127,77,107,125,155,155,255,285,303,317,317,330,245,262,297,316,341,39,39,39,49,62,62],"floor_reached":33,"campfire_rested":3,"playtime":1379,"current_hp_per_floor":[79,79,79,80,80,70,70,70,70,66,66,54,52,22,46,23,85,85,70,70,57,57,61,25,9,9,9,49,58,27,13,56],"items_purged":["Regret","Strike_R"],"gold":62,"score":330,"play_id":"09c034e5-1c21-4061-b52d-9ba5cbcd05e7","is_prod":false,"is_daily":false,"is_ascension_mode":false,"campfire_upgraded":1,"path_taken":["M","?","$","M","M","E","?","R","T","M","$","?","M","E","R","BOSS","M","M","?","M","?","M","E","M","T","$","R","?","?","M","R","BOSS"],"build_version":"2018-02-12-PROD1","purchased_purges":3,"victory":false,"master_deck":["Strike_R","Strike_R","Strike_R","Strike_R","Defend_R","Defend_R","Defend_R","Defend_R","Bash+1","Bludgeon+1","Spot Weakness+1","Heavy Blade","Cleave","Shockwave+1","Twin Strike+1","Inflame","Headbutt","Pommel Strike","Pommel Strike","Power Through+1","Flex+1","Limit Break+1","Flex+1","Perfected Strike+1","Flex+1","Heavy Blade","Twin Strike","Flex+1","Whirlwind","Evolve","Finesse+1","Spot Weakness+1","Offering+1"],"max_hp_per_floor":[80,80,80,80,80,80,80,80,80,80,80,80,80,80,80,80,85,85,85,85,85,85,85,85,85,85,85,85,94,94,96,96],"relics":["Burning Blood","Toxic Egg 2","Oddly Smooth Stone","Whetstone","Odd Mushroom","Matryoshka","Tiny House","Dead Branch","Prayer Wheel","Regal Pillow","Singing Bowl","Dream Catcher","Strawberry"],"card_choices":[{"not_picked":["Thunderclap","Blood for Blood"],"picked":"Bludgeon"},{"not_picked":["Clothesline","Wild Strike"],"picked":"Cleave"},{"not_picked":["Uppercut","Rage"],"picked":"Shockwave"},{"not_picked":["Wild Strike","Juggernaut"],"picked":"Twin Strike"},{"not_picked":["Body Slam","Cleave"],"picked":"Headbutt"},{"not_picked":["Clash","Searing Blow"],"picked":"Pommel Strike"},{"not_picked":["Immolate","Wild Strike"],"picked":"Power Through"},{"not_picked":["Perfected Strike","Wild Strike"],"picked":"Flex"},{"not_picked":["Immolate","Dark Embrace"],"picked":"Limit Break"},{"not_picked":["Sever Soul","Rampage"],"picked":"Flex"},{"not_picked":["Armaments","Sword Boomerang"],"picked":"Perfected Strike"},{"not_picked":["Evolve","Warcry"],"picked":"Flex"},{"not_picked":["Anger","Reaper"],"picked":"Heavy Blade"},{"not_picked":["Cleave","Sword Boomerang"],"picked":"Twin Strike"},{"not_picked":["Anger","Headbutt"],"picked":"Flex"},{"not_picked":["Combust","Intimidate"],"picked":"Spot Weakness"},{"not_picked":["Iron Wave","Havoc"],"picked":"Offering"}],"player_experience":132670,"potions_floor_usage":[16,19,23,23,23,31,31,31],"damage_taken":[{"damage":7,"enemies":"2 Louse","floor":1,"turns":3},{"damage":0,"enemies":"Small Slimes","floor":4,"turns":2},{"damage":1,"enemies":"Cultist","floor":5,"turns":3},{"damage":16,"enemies":"Gremlin Nob","floor":6,"turns":3},{"damage":10,"enemies":"Looter","floor":10,"turns":2},{"damage":18,"enemies":"The Mushroom Lair","floor":12,"turns":2},{"damage":8,"enemies":"Large Slime","floor":13,"turns":4},{"damage":36,"enemies":"Lagavulin","floor":14,"turns":4},{"damage":29,"enemies":"Slime Boss","floor":16,"turns":6},{"damage":0,"enemies":"Chosen","floor":18,"turns":2},{"damage":21,"enemies":"2 Thieves","floor":19,"turns":3},{"damage":19,"enemies":"Cultist and Chosen","floor":21,"turns":4},{"damage":8,"enemies":"Sentry and Sphere","floor":23,"turns":3},{"damage":42,"enemies":"Book of Stabbing","floor":24,"turns":5},{"damage":22,"enemies":"Centurion and Healer","floor":25,"turns":4},{"damage":37,"enemies":"Snake Plant","floor":30,"turns":3},{"damage":22,"enemies":"Slaver and Parasite","floor":31,"turns":3},{"damage":69,"enemies":"Automaton","floor":33,"turns":6}],"event_choices":[{"event_name":"Big Fish","player_choice":"Box","floor":2,"damage_taken":0},{"event_name":"Mushrooms","player_choice":"Fought Mushrooms","floor":12,"damage_taken":0},{"event_name":"Beggar","player_choice":"Ignored","floor":20,"damage_taken":0},{"event_name":"Addict","player_choice":"Obtained Relic","floor":22,"damage_taken":0}],"boss_relics":[{"not_picked":["White Beast Statue","Lizard Tail"],"picked":"Tiny House"}],"potions_floor_spawned":[4,5,12,14,19,21,23,24,30],"seed_played":"-200208186222877387","killed_by":"Automaton","ascension_level":0,"is_trial":false}