{"gold_per_floor":[366,366,382,154,171,199,199,232,232,251,282,282,305,325,325,426,426,426,426,164,164,164,164,164,74,74,74,74,74,74,74,74,74,74,74,74,74,74,74,74,74,74,74,74,74,5,5,5,5,5],"floor_reached":51,"playtime":2597,"items_purged":["Defend_G"],"score":1128,"play_id":"9184bcd7-e98c-4611-ad23-c19006f97ca9","local_time":"20190217152057","is_ascension_mode":true,"campfire_choices":[{"data":"Neutralize","floor":7.0,"key":"SMITH"},{"data":"Footwork","floor":15.0,"key":"SMITH"},{"data":"Glass Knife","floor":23.0,"key":"SMITH"},{"data":"Secret Technique","floor":32.0,"key":"SMITH"},{"data":"Footwork","floor":40,"key":"SMITH"},{"data":"Well Laid Plans","floor":42,"key":"SMITH"},{"data":"Leg Sweep","floor":44,"key":"SMITH"},{"data":"Acrobatics","floor":47,"key":"SMITH"},{"data":"Corpse Explosion","floor":49,"key":"SMITH"}],"neow_cost":"TEN_PERCENT_HP_LOSS","seed_source_timestamp":1282457554720092,"circlet_count":0,"master_deck":["AscendersBane","Defend_G","Defend_G","Defend_G","Defend_G","Strike_G+1","Strike_G","Strike_G","Survivor","Neutralize+1","Dagger Spray+1","Dodge and Roll","Dash","Footwork+1","After Image","Bane","Glass Knife+1","Blur","Caltrops","Adrenaline","Secret Technique+1","Cloak And Dagger","Blur","Footwork+1","Deadly Poison","PiercingWail","Acrobatics+1","Well Laid Plans+1","Leg Sweep+1","Corpse Explosion+1"],"special_seed":0,"relics":["Ring of the Snake","Sundial","Vajra","Mummified Hand","Centennial Puzzle","Paper Crane","Blood Vial","Ectoplasm","Nloth\u0027s Gift","Ancient Tea Set","Empty Cage","Whetstone","Strawberry","Juzu Bracelet","Smiling Mask"],"potions_floor_usage":[33],"damage_taken":[{"damage":0.0,"enemies":"Small Slimes","floor":1.0,"turns":4.0},{"damage":7.0,"enemies":"Jaw Worm","floor":3.0,"turns":5.0},{"damage":0.0,"enemies":"Cultist","floor":5.0,"turns":4.0},{"damage":23.0,"enemies":"Lagavulin","floor":6.0,"turns":6.0},{"damage":5.0,"enemies":"3 Sentries","floor":8.0,"turns":8.0},{"damage":4.0,"enemies":"2 Fungi Beasts","floor":10.0,"turns":3.0},{"damage":4.0,"enemies":"Lagavulin","floor":11.0,"turns":6.0},{"damage":5.0,"enemies":"Red Slaver","floor":14.0,"turns":4.0},{"damage":22.0,"enemies":"Slime Boss","floor":16.0,"turns":19.0},{"damage":0.0,"enemies":"Shell Parasite","floor":18.0,"turns":6.0},{"damage":13.0,"enemies":"3 Byrds","floor":19.0,"turns":6.0},{"damage":14.0,"enemies":"Sentry and Sphere","floor":21.0,"turns":6.0},{"damage":6.0,"enemies":"Snecko","floor":24.0,"turns":5.0},{"damage":10.0,"enemies":"Cultist and Chosen","floor":27.0,"turns":8.0},{"damage":4.0,"enemies":"3 Cultists","floor":28.0,"turns":7.0},{"damage":0.0,"enemies":"Snecko","floor":29.0,"turns":6.0},{"damage":2.0,"enemies":"Centurion and Healer","floor":30.0,"turns":7.0},{"damage":29,"enemies":"Champ","floor":33,"turns":19},{"damage":1,"enemies":"3 Darklings","floor":35,"turns":6},{"damage":0,"enemies":"Orb Walker","floor":37,"turns":4},{"damage":5,"enemies":"3 Darklings","floor":39,"turns":7},{"damage":4,"enemies":"Reptomancer","floor":41,"turns":12},{"damage":4,"enemies":"Spire Growth","floor":45,"turns":7},{"damage":42,"enemies":"Donu and Deca","floor":50,"turns":10}],"seed_played":"-9120614638216919686","potions_obtained":[{"floor":3.0,"key":"Strength Potion"},{"floor":5.0,"key":"Dexterity Potion"},{"floor":8.0,"key":"SkillPotion"},{"floor":11.0,"key":"Fruit Juice"},{"floor":14.0,"key":"EntropicBrew"},{"floor":16.0,"key":"Weak Potion"},{"floor":19.0,"key":"Dexterity Potion"},{"floor":27.0,"key":"Energy Potion"},{"floor":28.0,"key":"GhostInAJar"},{"floor":31.0,"key":"Fruit Juice"},{"floor":31.0,"key":"Regen Potion"},{"floor":33,"key":"Explosive Potion"},{"floor":35,"key":"FairyPotion"}],"is_trial":false,"path_per_floor":["M","?","M","$","M","E","R","E","T","M","E","?","T","M","R","B",null,"M","M","$","M","?","R","M","$","T","M","M","M","M","?","R","B",null,"M","T","M","$","M","R","E","R","T","R","M","?","R","$","R","B",null],"character_chosen":"THE_SILENT","items_purchased":["Vajra","Adrenaline","Secret Technique","Footwork","Deadly Poison"],"campfire_rested":0,"item_purchase_floors":[4,20,20,25,25],"current_hp_per_floor":[63,56,49,49,49,26,26,21,21,17,18,40,40,37,37,17,55,57,46,46,34,34,34,30,30,30,22,20,22,22,27,27,15,59,60,60,62,62,59,59,64,64,64,64,62,62,62,62,62,22],"gold":5,"neow_bonus":"TWO_FIFTY_GOLD","is_prod":false,"is_daily":false,"chose_seed":false,"campfire_upgraded":9,"win_rate":0,"timestamp":1550445657,"path_taken":["M","?","M","$","M","E","R","E","T","M","E","?","?","?","R","BOSS","M","M","$","M","?","R","M","$","T","M","M","M","?","?","R","BOSS","M","?","M","$","M","R","E","R","T","R","M","?","R","?","R","BOSS"],"build_version":"2019-01-23","purchased_purges":1,"victory":true,"max_hp_per_floor":[63,63,63,63,63,63,63,63,63,63,68,68,68,68,68,68,68,68,68,68,68,68,68,68,68,68,68,68,68,68,73,73,73,73,73,73,73,73,73,73,80,80,80,80,80,80,80,80,80,80],"card_choices":[{"not_picked":["Poisoned Stab","Concentrate"],"picked":"Dagger Spray","floor":1.0},{"not_picked":["Reflex","Deflect"],"picked":"Dodge and Roll","floor":3.0},{"not_picked":["Blur","Quick Slash"],"picked":"Dash","floor":5.0},{"not_picked":["Deadly Poison","Flying Knee"],"picked":"Footwork","floor":6.0},{"not_picked":["Infinite Blades","PiercingWail"],"picked":"After Image","floor":8.0},{"not_picked":["Noxious Fumes","Sucker Punch","Acrobatics"],"picked":"SKIP","floor":10.0},{"not_picked":["Quick Slash","Corpse Explosion"],"picked":"Bane","floor":11.0},{"not_picked":["Dagger Throw","Prepared","Outmaneuver"],"picked":"SKIP","floor":14.0},{"not_picked":["Night Terror","Adrenaline"],"picked":"Glass Knife","floor":16.0},{"not_picked":["Prepared","Underhanded Strike"],"picked":"Blur","floor":18.0},{"not_picked":["Poisoned Stab","Endless Agony+1"],"picked":"Caltrops","floor":19.0},{"not_picked":["Dash+1","Dodge and Roll"],"picked":"Cloak And Dagger","floor":21.0},{"not_picked":["Endless Agony","Sucker Punch"],"picked":"Blur","floor":24.0},{"not_picked":["Eviscerate","Deflect","Slice+1"],"picked":"SKIP","floor":27.0},{"not_picked":["Unload","Finisher"],"picked":"PiercingWail","floor":28.0},{"not_picked":["Flechettes+1","Bane"],"picked":"Acrobatics","floor":29.0},{"not_picked":["Setup","Blade Dance","Sucker Punch"],"picked":"SKIP","floor":30.0},{"not_picked":["Terror+1","Slice","Finisher+1"],"picked":"SKIP","floor":35},{"not_picked":["Choke+1","Blade Dance"],"picked":"Well Laid Plans","floor":37},{"not_picked":["Acrobatics","Flying Knee"],"picked":"Leg Sweep","floor":39},{"not_picked":["Burst","Dagger Throw"],"picked":"Corpse Explosion","floor":41},{"not_picked":["Acrobatics","Dagger Throw+1","Dagger Spray+1"],"picked":"SKIP","floor":45}],"player_experience":411728,"relics_obtained":[{"floor":6.0,"key":"Mummified Hand"},{"floor":8.0,"key":"Centennial Puzzle"},{"floor":9.0,"key":"Paper Crane"},{"floor":11.0,"key":"Blue Candle"},{"floor":13.0,"key":"Blood Vial"},{"floor":26.0,"key":"Ancient Tea Set"},{"floor":36,"key":"Whetstone"},{"floor":41,"key":"Strawberry"},{"floor":43,"key":"Juzu Bracelet"}],"event_choices":[{"damage_healed":0.0,"max_hp_gain":0.0,"max_hp_loss":0.0,"gold_gain":0.0,"event_name":"Scrap Ooze","player_choice":"Success","floor":2.0,"gold_loss":0.0,"damage_taken":7.0,"relics_obtained":["Sundial"]},{"damage_healed":22.0,"max_hp_gain":0.0,"max_hp_loss":0.0,"gold_gain":0.0,"event_name":"Big Fish","player_choice":"Banana","floor":12.0,"gold_loss":0.0,"damage_taken":0.0},{"damage_healed":0.0,"max_hp_gain":0.0,"max_hp_loss":0.0,"gold_gain":0.0,"event_name":"N\u0027loth","player_choice":"Traded Relic","floor":22.0,"relics_lost":["Blue Candle"],"gold_loss":0.0,"damage_taken":0.0,"relics_obtained":["Nloth\u0027s Gift"]},{"damage_healed":0.0,"max_hp_gain":0.0,"max_hp_loss":0.0,"gold_gain":0.0,"event_name":"Lab","player_choice":"Got Potions","floor":31.0,"gold_loss":0.0,"damage_taken":0.0},{"damage_healed":0,"gold_gain":0,"player_choice":"Paid Gold","damage_taken":0,"relics_obtained":["Smiling Mask"],"max_hp_gain":0,"max_hp_loss":0,"event_name":"WeMeetAgain","floor":46,"gold_loss":69}],"is_beta":false,"boss_relics":[{"not_picked":["Runic Pyramid","Orrery"],"picked":"Ectoplasm"},{"not_picked":["WristBlade","Ring of the Serpent"],"picked":"Empty Cage"}],"items_purged_floors":[4],"is_endless":false,"potions_floor_spawned":[3,5,8,11,14,16,19,27,28,33,35,41],"ascension_level":12}