{"gold_per_floor":[15,26,43,118,134,134,154,154,154,154,186,186,186,200,200,301,301,321,321,8,26,38,38],"floor_reached":23,"playtime":1010,"items_purged":[],"score":220,"play_id":"2a7c55ba-afd2-45e0-992b-88243e84e56f","local_time":"20180826221033","is_ascension_mode":true,"campfire_choices":[{"floor":6,"key":"REST"},{"data":"Shrug It Off","floor":8,"key":"SMITH"},{"floor":10,"key":"REST"},{"data":"Strike_R","floor":15,"key":"PURGE"}],"neow_cost":"NO_GOLD","seed_source_timestamp":852219158455629,"circlet_count":0,"master_deck":["Strike_R","Defend_R","Defend_R","Bash","Anger","Thunderclap","Flex","Shrug It Off+1","Anger","Armaments+1","Ghostly Armor+1","Feed","Second Wind+1","Fire Breathing+1","Headbutt+1","Clash+1","Armaments+1","Anger","Shrug It Off+1"],"relics":["Burning Blood","Odd Mushroom","Toxic Egg 2","Question Card","Peace Pipe","Astrolabe","Ornamental Fan"],"potions_floor_usage":[11,16,16,16,22],"damage_taken":[{"damage":6,"enemies":"Cultist","floor":1,"turns":4},{"damage":5,"enemies":"Small Slimes","floor":2,"turns":3},{"damage":14,"enemies":"Jaw Worm","floor":3,"turns":3},{"damage":22,"enemies":"Large Slime","floor":5,"turns":6},{"damage":19,"enemies":"The Mushroom Lair","floor":7,"turns":4},{"damage":21,"enemies":"Gremlin Nob","floor":11,"turns":4},{"damage":2,"enemies":"3 Louse","floor":14,"turns":3},{"damage":30,"enemies":"Hexaghost","floor":16,"turns":9},{"damage":10,"enemies":"Chosen","floor":18,"turns":5},{"damage":9,"enemies":"Shell Parasite","floor":21,"turns":6},{"damage":36,"enemies":"Centurion and Healer","floor":22,"turns":9},{"damage":49,"enemies":"Slavers","floor":23,"turns":4}],"seed_played":"-8321637353876387224","potions_obtained":[{"floor":1,"key":"SteroidPotion"},{"floor":5,"key":"GamblersBrew"},{"floor":7,"key":"SpeedPotion"},{"floor":11,"key":"AttackPotion"},{"floor":21,"key":"PowerPotion"}],"is_trial":false,"path_per_floor":["M","M","M","?","M","R","?","R","T","R","E","?","T","M","R","B",null,"M","?","$","M","M"],"character_chosen":"IRONCLAD","items_purchased":["Ornamental Fan","Armaments+1"],"campfire_rested":2,"item_purchase_floors":[20,20],"current_hp_per_floor":[80,80,72,61,45,69,56,56,56,80,65,70,70,74,74,50,85,81,65,65,62,36,0],"gold":38,"neow_bonus":"REMOVE_TWO","is_prod":false,"is_daily":false,"chose_seed":false,"campfire_upgraded":1,"win_rate":0,"timestamp":1535343033,"path_taken":["M","?","?","?","M","R","?","R","T","R","E","?","?","M","R","BOSS","M","?","?","?","M","E"],"build_version":"2018-08-23v2","purchased_purges":0,"victory":false,"max_hp_per_floor":[80,80,80,80,80,80,80,80,80,80,80,85,85,85,85,85,85,85,90,90,90,94,94],"card_choices":[{"not_picked":["Carnage","Wild Strike"],"picked":"Anger","floor":1},{"not_picked":["True Grit","Perfected Strike"],"picked":"Thunderclap","floor":2},{"not_picked":["Twin Strike","True Grit"],"picked":"Flex","floor":3},{"not_picked":["Metallicize","Flex"],"picked":"Shrug It Off","floor":5},{"not_picked":["Twin Strike","Thunderclap"],"picked":"Anger","floor":7},{"not_picked":["Power Through+1","Bloodletting+1"],"picked":"Armaments+1","floor":11},{"not_picked":["Impervious+1","Blood for Blood","Clash"],"picked":"Ghostly Armor+1","floor":14},{"not_picked":["Dark Embrace","Brutality","Barricade"],"picked":"Feed","floor":16},{"not_picked":["Warcry+1","Thunderclap","Cleave"],"picked":"Clash+1","floor":18},{"not_picked":["True Grit+1","Pommel Strike","Ghostly Armor+1"],"picked":"Anger","floor":21},{"not_picked":["Second Wind+1","Disarm+1","Warcry+1"],"picked":"Shrug It Off+1","floor":22}],"player_experience":348348,"relics_obtained":[{"floor":7,"key":"Odd Mushroom"},{"floor":9,"key":"Toxic Egg 2"},{"floor":11,"key":"Question Card"},{"floor":13,"key":"Peace Pipe"}],"event_choices":[{"event_name":"World of Goop","player_choice":"Gather Gold","floor":4,"damage_taken":0},{"event_name":"Mushrooms","player_choice":"Fought Mushrooms","floor":7,"damage_taken":0},{"event_name":"Big Fish","player_choice":"Donut","floor":12,"damage_taken":0},{"event_name":"Forgotten Altar","player_choice":"Shed Blood","floor":19,"damage_taken":0}],"is_beta":false,"boss_relics":[{"not_picked":["Tiny House","Fusion Hammer"],"picked":"Astrolabe"}],"items_purged_floors":[],"is_endless":false,"potions_floor_spawned":[1,5,7,11,21],"killed_by":"Slavers","ascension_level":3}