{"path_per_floor":["M","?","$","M","M","E","$","M","T","R","M","E","?","T","R","B",null,"M","M","?","$","M","R","?","M","T","$"],"character_chosen":"IRONCLAD","items_purchased":["Impervious","Bludgeon","Metallicize","Dream Catcher","Evolve","Seeing Red","Fire Potion"],"gold_per_floor":[367,367,77,90,106,132,61,75,75,75,95,124,89,143,143,247,247,259,277,527,222,241,241,241,254,281,131],"floor_reached":28,"campfire_rested":1,"playtime":1594,"current_hp_per_floor":[80,80,80,74,74,45,45,41,41,41,37,39,59,59,59,22,80,80,56,56,56,8,32,32,17,17,17],"items_purged":["Normality","Normality"],"gold":131,"play_id":"b0f4f627-470f-4fc9-8705-a6ad333bded4","is_prod":false,"is_daily":false,"is_ascension_mode":false,"campfire_upgraded":2,"path_taken":["M","?","$","M","M","E","?","?","T","R","M","E","?","?","R","BOSS","M","M","?","$","M","R","?","?","T","$","?"],"build_version":"2018-02-01-PROD3","purchased_purges":2,"victory":false,"master_deck":["Strike_R","Strike_R","Strike_R","Strike_R","Strike_R","Defend_R","Defend_R","Defend_R","Defend_R","Bash","Doubt","Body Slam+1","Impervious","Bludgeon","Fire Breathing","Flame Barrier+1","Fire Breathing","Metallicize","Shrug It Off","Shrug It Off","Battle Trance","Offering","Warcry+1","Shrug It Off","Regret","Evolve","Seeing Red","Body Slam+1","Madness"],"max_hp_per_floor":[80,80,80,80,80,80,80,80,80,80,80,80,80,80,80,80,80,80,80,80,80,80,80,80,80,80,80],"relics":["Burning Blood","Ancient Tea Set","Blood Vial","Ginger","Red Skull","Omamori","Calling Bell","Peace Pipe","Oddly Smooth Stone","Bag of Marbles","Dream Catcher","Bronze Scales"],"card_choices":[{"not_picked":["Wild Strike","Anger"],"picked":"Body Slam"},{"not_picked":["True Grit","Rampage"],"picked":"Fire Breathing"},{"not_picked":["Battle Trance","Warcry"],"picked":"Flame Barrier"},{"not_picked":["Anger","Rupture"],"picked":"Fire Breathing"},{"not_picked":["Bludgeon","Clothesline"],"picked":"Shrug It Off"},{"not_picked":["Reckless Charge","Armaments"],"picked":"Shrug It Off"},{"not_picked":["Armaments","Feel No Pain"],"picked":"Battle Trance"},{"not_picked":["Double Tap","Dark Embrace"],"picked":"Offering"},{"not_picked":["Shrug It Off","Shockwave"],"picked":"Warcry"},{"not_picked":["Blood for Blood","Burning Pact"],"picked":"Shrug It Off"},{"not_picked":["Pummel","Power Through"],"picked":"Body Slam"}],"player_experience":92355,"potions_floor_usage":[6,12,16,22],"damage_taken":[{"damage":4,"enemies":"Cultist","floor":1,"turns":4},{"damage":12,"enemies":"Blue Slaver","floor":4,"turns":2},{"damage":6,"enemies":"Jaw Worm","floor":5,"turns":3},{"damage":35,"enemies":"3 Sentries","floor":6,"turns":9},{"damage":12,"enemies":"3 Louse","floor":8,"turns":4},{"damage":12,"enemies":"Exordium Wildlife","floor":11,"turns":4},{"damage":6,"enemies":"Gremlin Nob","floor":12,"turns":3},{"damage":45,"enemies":"The Guardian","floor":16,"turns":12},{"damage":5,"enemies":"3 Byrds","floor":18,"turns":6},{"damage":30,"enemies":"Spheric Guardian","floor":19,"turns":8},{"damage":56,"enemies":"Cultist and Chosen","floor":22,"turns":8},{"damage":23,"enemies":"Centurion and Healer","floor":25,"turns":5},{"damage":21,"enemies":"Snake Plant","floor":28,"turns":1}],"event_choices":[{"event_name":"Accursed Blacksmith","player_choice":"Rummage","floor":2,"damage_taken":0},{"event_name":"The Cleric","player_choice":"Healed","floor":13,"damage_taken":0},{"event_name":"Golden Shrine","player_choice":"Desecrate","floor":20,"damage_taken":0},{"event_name":"Match and Keep!","player_choice":"1 cards matched","floor":24,"damage_taken":0}],"boss_relics":[{"not_picked":["Mark of Pain","Tiny House"],"picked":"Calling Bell"}],"potions_floor_spawned":[4,5,8,11,22,25],"seed_played":"6947220587105735450","killed_by":"Snake Plant","ascension_level":0,"is_trial":false}