{"gold_per_floor":[17,17,17,34,50,50,225,260,315,328,328,356,356,370,370,370],"floor_reached":16,"playtime":1662,"items_purged":[],"score":116,"play_id":"617636ca-ef3e-4a3f-8a42-0688e5e64723","local_time":"20190202134256","is_ascension_mode":true,"campfire_choices":[{"data":"Warcry","floor":6,"key":"SMITH"},{"floor":13,"key":"REST"},{"data":"Warcry","floor":15,"key":"SMITH"}],"neow_cost":"NO_GOLD","seed_source_timestamp":398413525422104,"circlet_count":0,"master_deck":["Strike_R+1","Strike_R","Strike_R","Strike_R","Defend_R","Defend_R","Defend_R","Defend_R+1","Feel No Pain","True Grit","Warcry+1","Warcry+1","Burning Pact","Pummel"],"relics":["Burning Blood","Omamori","Question Card","Happy Flower","Mummified Hand","Art of War"],"potions_floor_usage":[12,16],"damage_taken":[{"damage":1,"enemies":"2 Louse","floor":1,"turns":5},{"damage":3,"enemies":"Cultist","floor":4,"turns":5},{"damage":0,"enemies":"Small Slimes","floor":5,"turns":5},{"damage":57,"enemies":"Gremlin Nob","floor":8,"turns":6},{"damage":0,"enemies":"2 Fungi Beasts","floor":10,"turns":5},{"damage":11,"enemies":"3 Sentries","floor":12,"turns":15},{"damage":0,"enemies":"Exordium Wildlife","floor":14,"turns":5},{"damage":69,"enemies":"Hexaghost","floor":16,"turns":23}],"seed_played":"7216043610468549323","potions_obtained":[{"floor":8,"key":"Regen Potion"},{"floor":10,"key":"Fire Potion"},{"floor":12,"key":"Dexterity Potion"}],"is_trial":false,"path_per_floor":["?","?","M","?","?"],"character_chosen":"IRONCLAD","items_purchased":[],"campfire_rested":1,"item_purchase_floors":[],"current_hp_per_floor":[80,64,64,67,73,73,73,22,22,28,25,35,59,65,65,0],"gold":370,"neow_bonus":"TRANSFORM_TWO_CARDS","is_prod":false,"is_daily":false,"chose_seed":false,"campfire_upgraded":2,"win_rate":0,"timestamp":1549132976,"path_taken":["M","?","?","?","M","R","?","E","T","M","?","E","R","M","R","BOSS"],"build_version":"2019-01-23","purchased_purges":0,"victory":false,"max_hp_per_floor":[80,80,80,80,80,80,80,80,80,80,80,80,80,80,80,80],"card_choices":[{"not_picked":["Headbutt","Pommel Strike"],"picked":"True Grit","floor":1},{"not_picked":["Pommel Strike","Evolve","Thunderclap"],"picked":"SKIP","floor":4},{"not_picked":["Blood for Blood","Whirlwind"],"picked":"Warcry","floor":5},{"not_picked":["Headbutt","Wild Strike"],"picked":"Warcry","floor":8},{"not_picked":["Heavy Blade","Whirlwind","Reckless Charge","Thunderclap"],"picked":"SKIP","floor":10},{"not_picked":["Spot Weakness","Clothesline","Limit Break"],"picked":"Burning Pact","floor":12},{"not_picked":["Carnage","Flex","Rage"],"picked":"Pummel","floor":14}],"player_experience":160451,"relics_obtained":[{"floor":8,"key":"Question Card"},{"floor":9,"key":"Happy Flower"},{"floor":12,"key":"Art of War"}],"event_choices":[{"damage_healed":0,"gold_gain":0,"player_choice":"Entered Light","damage_taken":16,"max_hp_gain":0,"max_hp_loss":0,"event_name":"Shining Light","floor":2,"gold_loss":0,"cards_upgraded":["Defend_R","Strike_R"]},{"cards_removed":["Shockwave"],"damage_healed":0,"gold_gain":0,"player_choice":"Gave Card","damage_taken":0,"relics_obtained":["Omamori"],"max_hp_gain":0,"max_hp_loss":0,"event_name":"WeMeetAgain","floor":3,"gold_loss":0},{"damage_healed":0,"gold_gain":175,"player_choice":"AGREE","damage_taken":0,"max_hp_gain":0,"max_hp_loss":0,"event_name":"Liars Game","floor":7,"gold_loss":0,"cards_obtained":["Doubt"]},{"damage_healed":0,"gold_gain":0,"player_choice":"Success","damage_taken":3,"relics_obtained":["Mummified Hand"],"max_hp_gain":0,"max_hp_loss":0,"event_name":"Scrap Ooze","floor":11,"gold_loss":0}],"is_beta":false,"boss_relics":[],"items_purged_floors":[],"is_endless":false,"potions_floor_spawned":[8,10,12],"killed_by":"Hexaghost","ascension_level":1}