{"gold_per_floor":[115,190,200,215,231,231,258,358,358,374,374,389,399,416,416,514,514,533,550,565,31,31,31,57,57],"floor_reached":25,"playtime":1157,"items_purged":[],"score":261,"play_id":"cb854691-27e0-4c26-a125-497cd4fa2549","local_time":"20180911095524","is_ascension_mode":true,"campfire_choices":[{"data":"Noxious Fumes","floor":6,"key":"SMITH"},{"floor":15,"key":"REST"},{"floor":23,"key":"REST"}],"neow_cost":"NONE","seed_source_timestamp":484320991461560,"circlet_count":0,"master_deck":["Defend_G+1","Defend_G+1","Defend_G","Defend_G","Strike_G","Strike_G","Strike_G","Survivor","Neutralize","Deflect","Noxious Fumes+1","Slice","Dash","All Out Attack","Poisoned Stab","Neutralize","Quick Slash","Caltrops","Prepared","Backstab","A Thousand Cuts","Unload+1","Crippling Poison+1","Bouncing Flask+1","Dash+1","Dodge and Roll+1","Deadly Poison","Apotheosis","Adrenaline","Caltrops","Poisoned Stab"],"relics":["Ring of the Snake","Ancient Tea Set","War Paint","Anchor","Astrolabe","Boot","Dodecahedron","Bottled Lightning"],"potions_floor_usage":[16,16,19,20],"damage_taken":[{"damage":1,"enemies":"Small Slimes","floor":1,"turns":4},{"damage":0,"enemies":"Jaw Worm","floor":3,"turns":6},{"damage":3,"enemies":"Cultist","floor":4,"turns":5},{"damage":4,"enemies":"Large Slime","floor":5,"turns":8},{"damage":10,"enemies":"3 Sentries","floor":7,"turns":7},{"damage":0,"enemies":"Lots of Slimes","floor":10,"turns":2},{"damage":0,"enemies":"3 Louse","floor":12,"turns":2},{"damage":0,"enemies":"2 Fungi Beasts","floor":13,"turns":2},{"damage":5,"enemies":"Exordium Thugs","floor":14,"turns":4},{"damage":18,"enemies":"The Guardian","floor":16,"turns":9},{"damage":16,"enemies":"2 Thieves","floor":18,"turns":4},{"damage":6,"enemies":"3 Byrds","floor":19,"turns":3},{"damage":27,"enemies":"Shelled Parasite and Fungi","floor":20,"turns":5},{"damage":21,"enemies":"Gremlin Leader","floor":24,"turns":5},{"damage":22,"enemies":"Sentry and Sphere","floor":25,"turns":3}],"seed_played":"1957389143530796486","potions_obtained":[{"floor":7,"key":"Fire Potion"},{"floor":10,"key":"Strength Potion"},{"floor":12,"key":"Dexterity Potion"},{"floor":14,"key":"Dexterity Potion"},{"floor":19,"key":"AttackPotion"},{"floor":24,"key":"Dexterity Potion"}],"is_trial":false,"path_per_floor":["M","?","M","M","M","R","E","?","T","M","?","M","M","M","R","B",null,"M","M","M","$","?","R","E"],"character_chosen":"THE_SILENT","items_purchased":["Apotheosis","Adrenaline","Boot","Caltrops"],"campfire_rested":2,"item_purchase_floors":[21,21,21,21],"current_hp_per_floor":[69,58,58,55,51,51,41,41,41,41,41,41,41,36,57,39,70,54,48,21,21,21,42,21,0],"gold":57,"neow_bonus":"RANDOM_COMMON_RELIC","is_prod":false,"is_daily":false,"chose_seed":false,"campfire_upgraded":1,"win_rate":0,"timestamp":1536681324,"path_taken":["M","?","M","M","?","R","E","?","T","M","?","?","M","M","R","BOSS","M","?","M","$","?","R","E","M"],"build_version":"2018-09-06","purchased_purges":0,"victory":false,"max_hp_per_floor":[70,70,70,70,70,70,70,70,70,70,70,70,70,70,70,70,70,70,70,70,70,70,70,70,70],"card_choices":[{"not_picked":["Bane","PiercingWail"],"picked":"Deflect","floor":1},{"not_picked":["Prepared","Leg Sweep"],"picked":"Noxious Fumes","floor":3},{"not_picked":["Predator","Dagger Throw"],"picked":"Slice","floor":4},{"not_picked":["Endless Agony","Escape Plan"],"picked":"Dash","floor":5},{"not_picked":["Sucker Punch","Noxious Fumes"],"picked":"All Out Attack","floor":7},{"not_picked":["Deflect","Choke"],"picked":"Poisoned Stab","floor":10},{"not_picked":["Cloak And Dagger","Heel Hook"],"picked":"Caltrops","floor":12},{"not_picked":["Blade Dance","Eviscerate"],"picked":"Prepared","floor":13},{"not_picked":["Footwork","Deadly Poison"],"picked":"Backstab","floor":14},{"not_picked":["Bullet Time","Malaise"],"picked":"A Thousand Cuts","floor":16},{"not_picked":["Underhanded Strike","Sucker Punch"],"picked":"Dash+1","floor":18},{"not_picked":["Heel Hook+1","Cloak And Dagger"],"picked":"Dodge and Roll+1","floor":19},{"not_picked":["PiercingWail","Prepared"],"picked":"Deadly Poison","floor":20},{"not_picked":["Accuracy","Caltrops"],"picked":"Poisoned Stab","floor":24}],"player_experience":501645,"relics_obtained":[{"floor":7,"key":"War Paint"},{"floor":9,"key":"Anchor"},{"floor":24,"key":"Bottled Lightning"}],"event_choices":[{"event_name":"World of Goop","player_choice":"Gather Gold","floor":2,"damage_taken":0},{"event_name":"Golden Shrine","player_choice":"Pray","floor":8,"damage_taken":0},{"event_name":"Match and Keep!","player_choice":"2 cards matched","floor":11,"damage_taken":0},{"event_name":"The Mausoleum","player_choice":"Yes","floor":22,"damage_taken":0}],"is_beta":false,"boss_relics":[{"not_picked":["Tiny House","Black Star"],"picked":"Astrolabe"}],"items_purged_floors":[],"is_endless":false,"potions_floor_spawned":[7,10,12,14,19,24],"killed_by":"Sentry and Sphere","ascension_level":3}