{"gold_per_floor":[114,127,127,202,202,202,263,279,303,316,336,45,45,81,81,199,199,230,230,268,13,13,43,142,142],"floor_reached":25,"playtime":2073,"items_purged":[],"score":338,"play_id":"37e0afc7-dbe4-42ad-8285-c7e773b4a5ac","local_time":"20181017171222","is_ascension_mode":true,"campfire_choices":[{"data":"Predator","floor":6.0,"key":"SMITH"},{"floor":15.0,"key":"REST"}],"neow_cost":"TEN_PERCENT_HP_LOSS","seed_source_timestamp":9644522417900,"circlet_count":0,"master_deck":["Defend_G","Defend_G","Defend_G","Defend_G","Defend_G","Strike_G","Strike_G+1","Strike_G+1","Survivor","Neutralize+1","AscendersBane","Die Die Die","Predator+1","Flying Knee","PiercingWail","Outmaneuver","Heel Hook","HandOfGreed","Heel Hook","A Thousand Cuts","Dagger Throw+1","Terror","Expertise","Heel Hook"],"special_seed":0,"relics":["Ring of the Snake","Whetstone","Eternal Feather","Lee\u0027s Waffle","Tingsha"],"potions_floor_usage":[23],"damage_taken":[{"damage":0.0,"enemies":"2 Louse","floor":1.0,"turns":1.0},{"damage":8.0,"enemies":"Small Slimes","floor":2.0,"turns":3.0},{"damage":2.0,"enemies":"Jaw Worm","floor":8.0,"turns":2.0},{"damage":0.0,"enemies":"2 Fungi Beasts","floor":10.0,"turns":2.0},{"damage":7.0,"enemies":"Gremlin Gang","floor":11.0,"turns":4.0},{"damage":7.0,"enemies":"Red Slaver","floor":14.0,"turns":3.0},{"damage":30.0,"enemies":"The Guardian","floor":16.0,"turns":12.0},{"damage":24.0,"enemies":"2 Thieves","floor":18.0,"turns":5.0},{"damage":22.0,"enemies":"Shell Parasite","floor":20.0,"turns":8.0},{"damage":50,"enemies":"Gremlin Leader","floor":23,"turns":6},{"damage":39,"enemies":"Shelled Parasite and Fungi","floor":25,"turns":3}],"seed_played":"-1660705745246422715","potions_obtained":[{"floor":2.0,"key":"Explosive Potion"},{"floor":8.0,"key":"Fruit Juice"},{"floor":10.0,"key":"GhostInAJar"},{"floor":16.0,"key":"GhostInAJar"},{"floor":23,"key":"SteroidPotion"}],"is_trial":false,"path_per_floor":["M","M","?","?","?","R","?","M","T","M","M","$","?","M","R","B",null,"M","?","M","$","?","E","?"],"character_chosen":"THE_SILENT","items_purchased":["HandOfGreed","EntropicBrew","Lee\u0027s Waffle","Strength Potion"],"campfire_rested":1,"item_purchase_floors":[12,12,21,21],"current_hp_per_floor":[63,55,60,49,49,49,49,52,52,52,45,45,45,38,59,29,62,38,38,16,80,80,30,30,0],"gold":142,"neow_bonus":"THREE_RARE_CARDS","is_prod":false,"is_daily":false,"chose_seed":false,"campfire_upgraded":1,"win_rate":0,"timestamp":1539810742,"path_taken":["M","M","?","?","?","R","?","M","T","M","M","$","?","M","R","BOSS","M","?","?","$","?","E","?","M"],"build_version":"2018-10-17","purchased_purges":0,"victory":false,"max_hp_per_floor":[63,63,68,68,68,68,68,73,73,73,73,73,73,73,73,73,73,73,73,73,80,80,80,80,80],"card_choices":[{"not_picked":["Bullet Time","Malaise"],"picked":"Die Die Die","floor":0.0},{"not_picked":["Deadly Poison","Catalyst"],"picked":"Predator","floor":1.0},{"not_picked":["Setup","Skewer"],"picked":"Flying Knee","floor":2.0},{"not_picked":["Deadly Poison","Expertise"],"picked":"PiercingWail","floor":8.0},{"not_picked":["Acrobatics","Catalyst"],"picked":"Outmaneuver","floor":10.0},{"not_picked":["Escape Plan","Catalyst"],"picked":"Heel Hook","floor":11.0},{"not_picked":["Dagger Spray","Finisher"],"picked":"Heel Hook","floor":14.0},{"not_picked":["Grand Finale","Die Die Die"],"picked":"A Thousand Cuts","floor":16.0},{"not_picked":["Distraction","Blade Dance"],"picked":"Dagger Throw+1","floor":18.0},{"not_picked":["All Out Attack+1","Poisoned Stab"],"picked":"Terror","floor":20.0},{"not_picked":["Backflip","Flechettes"],"picked":"Heel Hook","floor":23}],"player_experience":360719,"relics_obtained":[{"floor":9.0,"key":"Whetstone"},{"floor":23,"key":"Tingsha"}],"event_choices":[{"damage_healed":0.0,"max_hp_gain":5.0,"max_hp_loss":0.0,"gold_gain":0.0,"event_name":"Big Fish","player_choice":"Donut","floor":3.0,"gold_loss":0.0,"damage_taken":0.0},{"damage_healed":0.0,"max_hp_gain":0.0,"max_hp_loss":0.0,"gold_gain":75.0,"event_name":"World of Goop","player_choice":"Gather Gold","floor":4.0,"gold_loss":0.0,"damage_taken":11.0},{"damage_healed":0.0,"max_hp_gain":0.0,"max_hp_loss":0.0,"gold_gain":0.0,"event_name":"Upgrade Shrine","player_choice":"Upgraded","floor":5.0,"gold_loss":0.0,"damage_taken":0.0,"cards_upgraded":["Neutralize"]},{"damage_healed":0.0,"max_hp_gain":0.0,"max_hp_loss":0.0,"gold_gain":61.0,"event_name":"Golden Wing","player_choice":"Gained Gold","floor":7.0,"gold_loss":0.0,"damage_taken":0.0},{"cards_removed":["Strike_G"],"damage_healed":0.0,"max_hp_gain":0.0,"max_hp_loss":0.0,"gold_gain":0.0,"event_name":"Purifier","player_choice":"Purged","floor":13.0,"gold_loss":0.0,"damage_taken":0.0},{"damage_healed":0.0,"max_hp_gain":0.0,"max_hp_loss":0.0,"gold_gain":0.0,"event_name":"N\u0027loth","player_choice":"Ignored","floor":19.0,"gold_loss":0.0,"damage_taken":0.0},{"damage_healed":0.0,"max_hp_gain":0.0,"max_hp_loss":0.0,"gold_gain":0.0,"cards_transformed":["Strike_G"],"event_name":"Transmorgrifier","player_choice":"Transformed","floor":22.0,"gold_loss":0.0,"damage_taken":0.0,"cards_obtained":["Expertise"]},{"damage_healed":0,"gold_gain":99,"player_choice":"Stole From Cult","damage_taken":0,"max_hp_gain":0,"max_hp_loss":0,"event_name":"Nest","floor":24,"gold_loss":0}],"is_beta":true,"boss_relics":[{"not_picked":["Velvet Choker","HoveringKite"],"picked":"Eternal Feather"}],"items_purged_floors":[],"is_endless":false,"potions_floor_spawned":[2,8,10,14,16,23],"killed_by":"Shelled Parasite and Fungi","ascension_level":12}