{"gold_per_floor":[112,112,112,0,15,47,65,397,420,420,437,437,448,458,458,558,558,569,484,444,319,244,244,244],"floor_reached":24,"playtime":7319,"items_purged":["Regret"],"score":275,"play_id":"a58eded3-8cd1-4972-baae-a7f4341f338f","local_time":"20190129155156","is_ascension_mode":true,"campfire_choices":[{"floor":12,"key":"REST"},{"floor":15,"key":"REST"},{"floor":23,"key":"REST"}],"neow_cost":"NONE","seed_source_timestamp":6245590263017,"circlet_count":0,"master_deck":["Strike_B","Strike_B","Strike_B","Strike_B","Defend_B","Defend_B","Defend_B+1","Defend_B","Zap","Dualcast","Dramatic Entrance","Turbo","Static Discharge","Steam","Leap","Conserve Battery+1","Reboot","Ball Lightning","Leap","Sweeping Beam","All For One","Glacier","Heatsinks","Barrage"],"relics":["Cracked Core","Juzu Bracelet","PreservedInsect","Potion Belt","Old Coin","DataDisk","Girya","Inserter","Bird Faced Urn"],"potions_floor_usage":[6,8,11,16],"damage_taken":[{"damage":5,"enemies":"2 Louse","floor":1,"turns":2},{"damage":7,"enemies":"Jaw Worm","floor":5,"turns":3},{"damage":30,"enemies":"Lagavulin","floor":6,"turns":4},{"damage":6,"enemies":"Cultist","floor":7,"turns":4},{"damage":10,"enemies":"3 Sentries","floor":8,"turns":4},{"damage":0,"enemies":"Lots of Slimes","floor":11,"turns":4},{"damage":4,"enemies":"Red Slaver","floor":13,"turns":3},{"damage":7,"enemies":"Exordium Wildlife","floor":14,"turns":4},{"damage":32,"enemies":"The Guardian","floor":16,"turns":11},{"damage":13,"enemies":"Chosen","floor":18,"turns":6},{"damage":17,"enemies":"2 Thieves","floor":22,"turns":5},{"damage":55,"enemies":"Slavers","floor":24,"turns":3}],"seed_played":"2219026016359584144","potions_obtained":[{"floor":5,"key":"Swift Potion"},{"floor":6,"key":"Explosive Potion"},{"floor":7,"key":"Swift Potion"},{"floor":13,"key":"AttackPotion"}],"is_trial":false,"path_per_floor":["M","?","?","$","M","E","M","E","T","T","M","R","M","M","R","B",null,"M","?","?","$","M","R","E"],"character_chosen":"DEFECT","items_purchased":["Static Discharge","Heatsinks","Barrage"],"campfire_rested":3,"item_purchase_floors":[4,21,21],"current_hp_per_floor":[63,63,56,56,49,19,13,3,3,3,3,25,21,14,36,4,57,44,44,44,44,31,53,0],"gold":244,"neow_bonus":"RANDOM_COLORLESS","is_prod":false,"is_daily":false,"chose_seed":false,"campfire_upgraded":0,"win_rate":0,"timestamp":1548802316,"path_taken":["M","?","?","$","M","E","M","E","T","?","M","R","M","M","R","BOSS","M","?","?","$","M","R","E"],"build_version":"2019-01-23","purchased_purges":1,"victory":false,"max_hp_per_floor":[75,75,75,75,75,75,75,75,75,75,75,75,75,75,75,75,75,75,75,75,75,75,75,75],"card_choices":[{"not_picked":["Tempest","Aggregate"],"picked":"Turbo","floor":1},{"not_picked":["Streamline","Skim"],"picked":"Steam","floor":5},{"not_picked":["Static Discharge","Consume"],"picked":"Leap","floor":6},{"not_picked":["Redo","Aggregate"],"picked":"Conserve Battery","floor":7},{"not_picked":["Barrage","Gash"],"picked":"Reboot","floor":8},{"not_picked":["Conserve Battery","Coolheaded"],"picked":"Ball Lightning","floor":11},{"not_picked":["Go for the Eyes","Skim"],"picked":"Leap","floor":13},{"not_picked":["Skim","Blizzard"],"picked":"Sweeping Beam","floor":14},{"not_picked":["Echo Form","Fission"],"picked":"All For One","floor":16},{"not_picked":["Double Energy+1","Conserve Battery"],"picked":"Glacier","floor":18},{"not_picked":["Skim+1","Reprogram","Undo"],"picked":"SKIP","floor":22}],"player_experience":1330127,"relics_obtained":[{"floor":6,"key":"Potion Belt"},{"floor":8,"key":"Old Coin"},{"floor":9,"key":"DataDisk"},{"floor":10,"key":"Girya"}],"event_choices":[{"damage_healed":0,"gold_gain":0,"player_choice":"Box","damage_taken":0,"relics_obtained":["Juzu Bracelet"],"max_hp_gain":0,"max_hp_loss":0,"event_name":"Big Fish","floor":2,"gold_loss":0,"cards_obtained":["Regret"]},{"damage_healed":0,"gold_gain":0,"player_choice":"Success","damage_taken":7,"relics_obtained":["PreservedInsect"],"max_hp_gain":0,"max_hp_loss":0,"event_name":"Scrap Ooze","floor":3,"gold_loss":0},{"damage_healed":0,"gold_gain":0,"player_choice":"Obtained Relic","damage_taken":0,"relics_obtained":["Bird Faced Urn"],"max_hp_gain":0,"max_hp_loss":0,"event_name":"Addict","floor":19,"gold_loss":85},{"damage_healed":0,"gold_gain":0,"player_choice":"Upgraded Two","damage_taken":0,"max_hp_gain":0,"max_hp_loss":0,"event_name":"Designer","floor":20,"gold_loss":40,"cards_upgraded":["Defend_B","Conserve Battery"]}],"is_beta":false,"boss_relics":[{"not_picked":["Astrolabe","Busted Crown"],"picked":"Inserter"}],"items_purged_floors":[4],"is_endless":false,"potions_floor_spawned":[5,6,7,13],"killed_by":"Slavers","ascension_level":7}