{"gold_per_floor":[114,114,114,114,189,189,216,216,216,216,238,253,97,109,109,211,211,225,24,24,39,39],"floor_reached":22,"playtime":3480,"items_purged":["Strike_B","Strike_B"],"score":170,"play_id":"6e94dd85-e4f5-42cb-a9b1-4017b2c2cdc3","local_time":"20190331185353","is_ascension_mode":false,"campfire_choices":[{"floor":6.0,"key":"REST"},{"data":"Dualcast","floor":8.0,"key":"SMITH"},{"data":"Zap","floor":10.0,"key":"SMITH"},{"data":"Auto Shields","floor":15.0,"key":"SMITH"}],"neow_cost":"NONE","seed_source_timestamp":0,"circlet_count":0,"master_deck":["Defend_B","Defend_B","Defend_B","Defend_B","Zap+1","Dualcast+1","Cold Snap","Auto Shields+1","Glacier","Buffer+1","Leap","Tempest+1"],"special_seed":0,"relics":["Cracked Core","Mummified Hand","Centennial Puzzle","Frozen Egg 2","Odd Mushroom","Empty Cage"],"potions_floor_usage":[],"damage_taken":[{"damage":6.0,"enemies":"Jaw Worm","floor":1.0,"turns":4.0},{"damage":13.0,"enemies":"The Mushroom Lair","floor":11.0,"turns":3.0},{"damage":0.0,"enemies":"2 Louse","floor":12.0,"turns":2.0},{"damage":0.0,"enemies":"Small Slimes","floor":14.0,"turns":3.0},{"damage":28.0,"enemies":"Hexaghost","floor":16.0,"turns":11.0},{"damage":0.0,"enemies":"Spheric Guardian","floor":18.0,"turns":14.0},{"damage":0.0,"enemies":"Shell Parasite","floor":21.0,"turns":31.0},{"damage":109,"enemies":"3 Cultists","floor":22,"turns":8}],"seed_played":"-7364595489482656139","potions_obtained":[{"floor":11.0,"key":"Strength Potion"},{"floor":14.0,"key":"AttackPotion"}],"is_trial":false,"path_per_floor":["M","?","?","?","?","R","T","R","T","R","?","M","$","M","R","B",null,"M","$","?","M","M"],"character_chosen":"DEFECT","items_purchased":["Auto Shields","Leap","LiquidBronze"],"campfire_rested":1,"item_purchase_floors":[13,19,19],"current_hp_per_floor":[76,73,78,78,67,87,87,87,87,87,74,74,74,74,74,46,87,87,87,87,87,0],"gold":39,"neow_bonus":"TEN_PERCENT_HP_BONUS","is_prod":false,"is_daily":false,"chose_seed":false,"campfire_upgraded":3,"win_rate":0.0,"timestamp":1554072833,"path_taken":["M","?","?","?","?","R","?","R","T","R","?","M","$","M","R","BOSS","M","$","?","M","M"],"build_version":"2019-01-23","purchased_purges":2,"victory":false,"max_hp_per_floor":[82,82,87,87,87,87,87,87,87,87,87,87,87,87,87,87,87,87,87,87,87,87],"card_choices":[{"not_picked":["Beam Cell","Go for the Eyes","Hologram"],"picked":"SKIP","floor":1.0},{"not_picked":["Steam","Stack"],"picked":"Cold Snap","floor":12.0},{"not_picked":["Compile Driver","Barrage"],"picked":"Glacier","floor":14.0},{"not_picked":["All For One","Thunder Strike"],"picked":"Buffer+1","floor":16.0},{"not_picked":["Sweeping Beam+1","Go for the Eyes+1","Compile Driver"],"picked":"SKIP","floor":18.0},{"not_picked":["Hologram","Tempest+1","Steam"],"picked":"SKIP","floor":21.0},{"not_picked":["Hologram","Steam"],"picked":"Tempest+1","floor":21.0}],"player_experience":64574,"relics_obtained":[{"floor":7.0,"key":"Centennial Puzzle"},{"floor":9.0,"key":"Frozen Egg 2"},{"floor":11.0,"key":"Odd Mushroom"}],"event_choices":[{"damage_healed":0.0,"max_hp_gain":0.0,"max_hp_loss":0.0,"gold_gain":0.0,"event_name":"Scrap Ooze","player_choice":"Success","floor":2.0,"gold_loss":0.0,"damage_taken":3.0,"relics_obtained":["Mummified Hand"]},{"damage_healed":0.0,"max_hp_gain":5.0,"max_hp_loss":0.0,"gold_gain":0.0,"event_name":"Big Fish","player_choice":"Donut","floor":3.0,"gold_loss":0.0,"damage_taken":0.0},{"damage_healed":0.0,"max_hp_gain":0.0,"max_hp_loss":0.0,"gold_gain":0.0,"event_name":"Liars Game","player_choice":"Ignored","floor":4.0,"gold_loss":0.0,"damage_taken":0.0},{"damage_healed":0.0,"max_hp_gain":0.0,"max_hp_loss":0.0,"gold_gain":75.0,"event_name":"World of Goop","player_choice":"Gather Gold","floor":5.0,"gold_loss":0.0,"damage_taken":11.0},{"damage_healed":0.0,"max_hp_gain":0.0,"max_hp_loss":0.0,"gold_gain":0.0,"event_name":"Mushrooms","player_choice":"Fought Mushrooms","floor":11.0,"gold_loss":0.0,"damage_taken":0.0},{"damage_healed":0.0,"max_hp_gain":0.0,"max_hp_loss":0.0,"gold_gain":0.0,"event_name":"Beggar","player_choice":"Ignored","floor":20.0,"gold_loss":0.0,"damage_taken":0.0}],"is_beta":false,"boss_relics":[{"not_picked":["Busted Crown","Ectoplasm"],"picked":"Empty Cage"}],"items_purged_floors":[13,19],"is_endless":false,"potions_floor_spawned":[11,14],"killed_by":"3 Cultists","ascension_level":0}