{"gold_per_floor":[112,112,124,134,145,145,159,186,186,186,186,199,217,244,244,339,339,349,369,284,297,297],"floor_reached":22,"playtime":1884,"items_purged":[],"score":320,"play_id":"fc8c9343-16d3-40bc-b5e9-ed23b2f64c40","local_time":"20190328183541","is_ascension_mode":true,"campfire_choices":[{"floor":6.0,"key":"REST"},{"floor":11.0,"key":"REST"},{"floor":15,"key":"REST"}],"neow_cost":"PERCENT_DAMAGE","seed_source_timestamp":0,"circlet_count":0,"master_deck":["AscendersBane","Defend_G","Defend_G","Defend_G","Defend_G","Defend_G","Strike_G","Strike_G","Strike_G","Strike_G","Strike_G","Survivor","Neutralize+1","Slice","Bouncing Flask","Dagger Spray","Endless Agony","Bouncing Flask","Adrenaline","Deadly Poison","Footwork","Burst","Caltrops","Leg Sweep","Catalyst"],"special_seed":0,"relics":["Ring of the Snake","Tingsha","Peace Pipe","Dead Branch","StoneCalendar","Snecko Eye","Turnip"],"potions_floor_usage":[22,22,22,22],"damage_taken":[{"damage":1.0,"enemies":"Small Slimes","floor":1.0,"turns":5.0},{"damage":2.0,"enemies":"Jaw Worm","floor":3.0,"turns":5.0},{"damage":2.0,"enemies":"2 Louse","floor":4.0,"turns":3.0},{"damage":14.0,"enemies":"Exordium Wildlife","floor":5.0,"turns":5.0},{"damage":0.0,"enemies":"2 Fungi Beasts","floor":7.0,"turns":3.0},{"damage":28.0,"enemies":"Gremlin Nob","floor":8.0,"turns":4.0},{"damage":0.0,"enemies":"Blue Slaver","floor":12.0,"turns":3.0},{"damage":4.0,"enemies":"Red Slaver","floor":13.0,"turns":4.0},{"damage":27.0,"enemies":"3 Sentries","floor":14.0,"turns":6.0},{"damage":27,"enemies":"The Guardian","floor":16,"turns":9},{"damage":8,"enemies":"Chosen","floor":18,"turns":2},{"damage":23,"enemies":"3 Byrds","floor":19,"turns":4},{"damage":17,"enemies":"Sentry and Sphere","floor":21,"turns":4},{"damage":16,"enemies":"Centurion and Healer","floor":22,"turns":4}],"seed_played":"-8632380057427294834","potions_obtained":[{"floor":1.0,"key":"Poison Potion"},{"floor":8.0,"key":"SpeedPotion"},{"floor":13.0,"key":"EntropicBrew"},{"floor":19,"key":"LiquidBronze"}],"is_trial":false,"path_per_floor":["?","?","M","?"],"character_chosen":"THE_SILENT","items_purchased":[],"campfire_rested":3,"item_purchase_floors":[],"current_hp_per_floor":[44,49,47,45,31,53,53,25,25,25,47,47,43,16,38,11,59,51,28,28,11,0],"gold":297,"neow_bonus":"ONE_RARE_RELIC","is_prod":false,"is_daily":false,"chose_seed":false,"campfire_upgraded":0,"win_rate":0,"timestamp":1553812541,"path_taken":["M","?","M","M","M","R","M","E","T","?","R","M","?","E","R","BOSS","M","M","?","M","M"],"build_version":"2019-01-23","purchased_purges":0,"victory":false,"max_hp_per_floor":[70,75,75,75,75,75,75,75,75,75,75,75,75,75,75,75,75,75,75,75,75,75],"card_choices":[{"not_picked":["Escape Plan","Bouncing Flask"],"picked":"Slice","floor":1.0},{"not_picked":["Riddle With Holes","PiercingWail"],"picked":"Bouncing Flask","floor":3.0},{"not_picked":["Cloak And Dagger","Setup"],"picked":"Dagger Spray","floor":4.0},{"not_picked":["Blur","Eviscerate"],"picked":"Endless Agony","floor":5.0},{"not_picked":["Slice","Escape Plan"],"picked":"Bouncing Flask","floor":7.0},{"not_picked":["Backstab","Quick Slash"],"picked":"Adrenaline","floor":8.0},{"not_picked":["Flying Knee","Dagger Throw","Bane"],"picked":"SKIP","floor":12.0},{"not_picked":["PiercingWail","Outmaneuver"],"picked":"Deadly Poison","floor":13.0},{"not_picked":["Masterful Stab","Caltrops"],"picked":"Footwork","floor":14},{"not_picked":["Die Die Die","Tools of the Trade"],"picked":"Burst","floor":16},{"not_picked":["Sucker Punch","Accuracy"],"picked":"Caltrops","floor":18},{"not_picked":["Concentrate","Prepared"],"picked":"Leg Sweep","floor":19},{"not_picked":["Predator","Calculated Gamble"],"picked":"Catalyst","floor":21}],"player_experience":1134665,"relics_obtained":[{"floor":8.0,"key":"Peace Pipe"},{"floor":9.0,"key":"Dead Branch"},{"floor":14,"key":"StoneCalendar"}],"event_choices":[{"damage_healed":0.0,"max_hp_gain":5.0,"max_hp_loss":0.0,"gold_gain":0.0,"event_name":"Big Fish","player_choice":"Donut","floor":2.0,"gold_loss":0.0,"damage_taken":0.0},{"damage_healed":0.0,"max_hp_gain":0.0,"max_hp_loss":0.0,"gold_gain":0.0,"event_name":"Living Wall","player_choice":"Grow","floor":10.0,"gold_loss":0.0,"damage_taken":0.0,"cards_upgraded":["Neutralize"]},{"damage_healed":0,"gold_gain":0,"player_choice":"Obtained Relic","damage_taken":0,"relics_obtained":["Turnip"],"max_hp_gain":0,"max_hp_loss":0,"event_name":"Addict","floor":20,"gold_loss":85}],"is_beta":false,"boss_relics":[{"not_picked":["HoveringKite","Pandora\u0027s Box"],"picked":"Snecko Eye"}],"items_purged_floors":[],"is_endless":false,"potions_floor_spawned":[1,8,12,13,14,18,19],"killed_by":"Centurion and Healer","ascension_level":12}