{"gold_per_floor":[112,36,36,36,36,68,68,88,88,88,120,135,167,185,185,185],"floor_reached":16,"playtime":724,"items_purged":[],"score":243,"play_id":"9107b479-b01a-4246-8694-953bee03c4d7","local_time":"20190404210140","is_ascension_mode":true,"campfire_choices":[{"data":"Envenom","floor":10,"key":"SMITH"},{"floor":15,"key":"REST"}],"neow_cost":"NONE","seed_source_timestamp":1719290007123108,"circlet_count":0,"master_deck":["AscendersBane","Defend_G","Defend_G","Defend_G","Defend_G","Defend_G","Strike_G","Strike_G","Strike_G","Strike_G","Survivor","Neutralize+1","Well Laid Plans","Envenom+1","Skewer","Flying Knee","PiercingWail","Backstab","Footwork+1"],"relics":["Ring of the Snake","NeowsBlessing","Singing Bowl","FossilizedHelix","Frozen Egg 2","PreservedInsect"],"potions_floor_usage":[16],"damage_taken":[{"damage":0,"enemies":"Small Slimes","floor":1,"turns":1},{"damage":0,"enemies":"3 Sentries","floor":6,"turns":1},{"damage":0,"enemies":"Jaw Worm","floor":8,"turns":1},{"damage":19,"enemies":"Lagavulin","floor":11,"turns":13},{"damage":0,"enemies":"2 Louse","floor":12,"turns":2},{"damage":23,"enemies":"Gremlin Nob","floor":13,"turns":5},{"damage":3,"enemies":"Large Slime","floor":14,"turns":7},{"damage":61,"enemies":"Slime Boss","floor":16,"turns":10}],"seed_played":"-903775185303360003","potions_obtained":[{"floor":6,"key":"SpeedPotion"},{"floor":11,"key":"FairyPotion"}],"is_trial":false,"path_per_floor":["?","?","?","?"],"character_chosen":"THE_SILENT","items_purchased":["Well Laid Plans"],"campfire_rested":1,"item_purchase_floors":[2],"current_hp_per_floor":[59,59,52,52,57,57,57,57,57,57,38,38,15,12,33,0],"gold":185,"neow_bonus":"THREE_ENEMY_KILL","is_prod":false,"is_daily":false,"chose_seed":false,"campfire_upgraded":1,"win_rate":0,"timestamp":1554426100,"path_taken":["M","$","?","?","?","E","?","M","T","R","E","M","E","M","R","BOSS"],"build_version":"2019-01-23","purchased_purges":0,"victory":false,"max_hp_per_floor":[66,66,66,66,71,71,71,71,71,71,71,71,71,71,71,71],"card_choices":[{"not_picked":["Outmaneuver","Deflect","Dodge and Roll"],"picked":"SKIP","floor":1},{"not_picked":["Choke","Bane"],"picked":"Envenom","floor":6},{"not_picked":["Concentrate","Acrobatics"],"picked":"Skewer","floor":8},{"not_picked":["Well Laid Plans","Underhanded Strike"],"picked":"Flying Knee","floor":11},{"not_picked":["Flying Knee","Reflex"],"picked":"PiercingWail","floor":12},{"not_picked":["Storm of Steel","Cloak And Dagger"],"picked":"Backstab","floor":13},{"not_picked":["Masterful Stab","Choke"],"picked":"Footwork+1","floor":14}],"player_experience":1491112,"relics_obtained":[{"floor":6,"key":"Singing Bowl"},{"floor":9,"key":"FossilizedHelix"},{"floor":11,"key":"Frozen Egg 2"},{"floor":13,"key":"PreservedInsect"}],"event_choices":[{"cards_removed":["Strike_G"],"damage_healed":0,"gold_gain":0,"player_choice":"Card Removal","damage_taken":7,"max_hp_gain":0,"max_hp_loss":0,"event_name":"Golden Wing","floor":3,"gold_loss":0},{"damage_healed":0,"gold_gain":0,"player_choice":"Grow","damage_taken":0,"max_hp_gain":0,"max_hp_loss":0,"event_name":"Living Wall","floor":4,"gold_loss":0,"cards_upgraded":["Neutralize"]},{"damage_healed":0,"gold_gain":0,"player_choice":"Donut","damage_taken":0,"max_hp_gain":5,"max_hp_loss":0,"event_name":"Big Fish","floor":5,"gold_loss":0},{"damage_healed":0,"gold_gain":0,"player_choice":"Ignored","damage_taken":0,"max_hp_gain":0,"max_hp_loss":0,"event_name":"Liars Game","floor":7,"gold_loss":0}],"is_beta":false,"boss_relics":[],"items_purged_floors":[],"is_endless":false,"potions_floor_spawned":[6,11,14],"killed_by":"Slime Boss","ascension_level":14}