{"gold_per_floor":[113,128,53,53,53,69,69,69,69,69,144,144,18,33,33,135,135,155,170,270,15,15,15,15,25,25,25,35,35,35,52,52,52],"floor_reached":33,"playtime":692,"items_purged":["Bash","Rupture"],"score":233,"play_id":"e87bffda-9bcf-49de-a473-d99c62c7e928","local_time":"20190204212521","is_ascension_mode":false,"campfire_choices":[{"data":"Strike_R","floor":8.0,"key":"SMITH"},{"data":"Defend_R","floor":10.0,"key":"SMITH"},{"data":"Searing Blow","floor":15.0,"key":"SMITH"},{"data":"Searing Blow+1","floor":23.0,"key":"SMITH"},{"data":"Searing Blow+2","floor":27.0,"key":"SMITH"},{"data":"Searing Blow+3","floor":30.0,"key":"SMITH"},{"data":"Searing Blow+4","floor":32.0,"key":"SMITH"}],"neow_cost":"PERCENT_DAMAGE","seed_source_timestamp":183500084687416,"circlet_count":0,"master_deck":["Strike_R+1","Strike_R","Strike_R","Defend_R+1","Defend_R","Pommel Strike","Searing Blow+5"],"special_seed":0,"relics":["Burning Blood","Nunchaku","Velvet Choker","Meat on the Bone","Mercury Hourglass"],"potions_floor_usage":[33],"damage_taken":[{"damage":5.0,"enemies":"Small Slimes","floor":1.0,"turns":3.0},{"damage":7.0,"enemies":"2 Louse","floor":2.0,"turns":3.0},{"damage":1.0,"enemies":"Jaw Worm","floor":6.0,"turns":7.0},{"damage":5.0,"enemies":"Large Slime","floor":14.0,"turns":6.0},{"damage":39.0,"enemies":"The Guardian","floor":16.0,"turns":17.0},{"damage":16.0,"enemies":"Chosen","floor":18.0,"turns":5.0},{"damage":15.0,"enemies":"3 Byrds","floor":19.0,"turns":5.0},{"damage":15.0,"enemies":"Centurion and Healer","floor":25.0,"turns":5.0},{"damage":9.0,"enemies":"3 Cultists","floor":28.0,"turns":5.0},{"damage":2.0,"enemies":"Cultist and Chosen","floor":31.0,"turns":4.0},{"damage":53,"enemies":"Automaton","floor":33,"turns":4}],"seed_played":"-6783430170743740273","potions_obtained":[{"floor":14.0,"key":"SkillPotion"},{"floor":19.0,"key":"Ancient Potion"},{"floor":28.0,"key":"Strength Potion"}],"is_trial":false,"path_per_floor":["M","M","$","?","?","M","$","R","T","R","?","?","$","M","R","B",null,"M","M","?","$","$","R","?","M","T","R","M","$","R","M","R","B"],"character_chosen":"IRONCLAD","items_purchased":["Pommel Strike","Meat on the Bone"],"campfire_rested":0,"item_purchase_floors":[13,21],"current_hp_per_floor":[57,56,56,49,49,54,54,54,54,54,43,43,43,44,44,11,80,70,61,61,61,61,61,61,52,52,52,49,49,49,53,53,0],"gold":52,"neow_bonus":"REMOVE_TWO","is_prod":false,"is_daily":false,"chose_seed":false,"campfire_upgraded":7,"win_rate":0,"timestamp":1549344321,"path_taken":["M","M","$","?","?","M","$","R","T","R","?","?","$","M","R","BOSS","M","?","?","?","$","R","?","M","T","R","M","?","R","M","R","BOSS"],"build_version":"2019-01-23","purchased_purges":2,"victory":false,"max_hp_per_floor":[80,80,80,80,80,80,80,80,80,80,80,80,80,80,80,80,80,80,80,80,80,80,80,80,80,80,80,80,80,80,80,80,80],"card_choices":[{"not_picked":["Cleave","Wild Strike","Shrug It Off"],"picked":"SKIP","floor":1.0},{"not_picked":["Warcry","Thunderclap","Dark Embrace"],"picked":"SKIP","floor":2.0},{"not_picked":["Feel No Pain","Body Slam","Seeing Red"],"picked":"SKIP","floor":6.0},{"not_picked":["Wild Strike","Perfected Strike"],"picked":"Searing Blow","floor":14.0},{"not_picked":["Body Slam+1","Wild Strike","Whirlwind"],"picked":"SKIP","floor":18.0},{"not_picked":["Flex+1","Disarm","Corruption"],"picked":"SKIP","floor":19.0},{"not_picked":["Rupture","Heavy Blade","Shrug It Off"],"picked":"SKIP","floor":25.0},{"not_picked":["Anger","Pommel Strike","Metallicize"],"picked":"SKIP","floor":28.0},{"not_picked":["Demon Form","Sword Boomerang+1","Twin Strike+1"],"picked":"SKIP","floor":31.0}],"player_experience":358436,"relics_obtained":[{"floor":9.0,"key":"Nunchaku"},{"floor":26.0,"key":"Mercury Hourglass"}],"event_choices":[{"cards_removed":["Strike_R"],"damage_healed":0.0,"max_hp_gain":0.0,"max_hp_loss":0.0,"gold_gain":0.0,"event_name":"Golden Wing","player_choice":"Card Removal","floor":4.0,"gold_loss":0.0,"damage_taken":7.0},{"damage_healed":0.0,"max_hp_gain":0.0,"max_hp_loss":0.0,"gold_gain":0.0,"event_name":"Liars Game","player_choice":"Ignored","floor":5.0,"gold_loss":0.0,"damage_taken":0.0},{"damage_healed":0.0,"max_hp_gain":0.0,"max_hp_loss":0.0,"gold_gain":75.0,"event_name":"World of Goop","player_choice":"Gather Gold","floor":11.0,"gold_loss":0.0,"damage_taken":11.0},{"damage_healed":0.0,"max_hp_gain":0.0,"max_hp_loss":0.0,"gold_gain":0.0,"cards_transformed":["Defend_R"],"event_name":"Transmorgrifier","player_choice":"Transformed","floor":12.0,"gold_loss":0.0,"damage_taken":0.0,"cards_obtained":["Rupture"]},{"damage_healed":0.0,"max_hp_gain":0.0,"max_hp_loss":0.0,"gold_gain":100.0,"event_name":"Golden Shrine","player_choice":"Pray","floor":20.0,"gold_loss":0.0,"damage_taken":0.0}],"is_beta":false,"boss_relics":[{"not_picked":["White Beast Statue","Sozu"],"picked":"Velvet Choker"}],"items_purged_floors":[3,13],"is_endless":false,"potions_floor_spawned":[14,19,28],"killed_by":"Automaton","ascension_level":0}