{"gold_per_floor":[119,30,50,125,138,138,149,149,174,174,174,174,184,359,359,359],"floor_reached":16,"playtime":424,"items_purged":[],"score":90,"play_id":"aaeaabff-b55c-4e1e-b63c-70c3f75c9bf2","local_time":"20190217234736","is_ascension_mode":false,"campfire_choices":[{"data":"Madness","floor":6,"key":"SMITH"},{"data":"Body Slam","floor":8,"key":"SMITH"},{"data":"Panacea","floor":10,"key":"SMITH"},{"data":"Perfected Strike","floor":15,"key":"SMITH"}],"neow_cost":"NONE","seed_source_timestamp":194349578038796,"circlet_count":0,"master_deck":["Strike_R","Strike_R","Strike_R","Strike_R","Strike_R","Defend_R","Defend_R","Defend_R","Defend_R","Bash","Madness+1","Dropkick","Panacea+1","Hemokinesis","Body Slam+1","Perfected Strike+1","Parasite","Warcry","Doubt"],"relics":["Burning Blood"],"potions_floor_usage":[7,16,16],"damage_taken":[{"damage":12,"enemies":"Small Slimes","floor":1,"turns":4},{"damage":0,"enemies":"2 Louse","floor":3,"turns":2},{"damage":14,"enemies":"Jaw Worm","floor":5,"turns":2},{"damage":16,"enemies":"Blue Slaver","floor":7,"turns":4},{"damage":3,"enemies":"Gremlin Gang","floor":13,"turns":6},{"damage":87,"enemies":"Slime Boss","floor":16,"turns":11}],"seed_played":"-3667734891290327186","potions_obtained":[{"floor":3,"key":"Regen Potion"},{"floor":7,"key":"Dexterity Potion"},{"floor":13,"key":"Ancient Potion"}],"is_trial":false,"path_per_floor":["M","$","M","?","M","R","M","R","T","R","?","?","M","?","R","B"],"character_chosen":"IRONCLAD","items_purchased":["Panacea"],"campfire_rested":0,"item_purchase_floors":[2],"current_hp_per_floor":[74,74,80,69,61,61,60,60,60,60,80,80,80,80,80,0],"gold":359,"neow_bonus":"RANDOM_COLORLESS","is_prod":false,"is_daily":false,"chose_seed":false,"campfire_upgraded":4,"win_rate":0,"timestamp":1550472456,"path_taken":["M","$","M","?","M","R","M","R","T","R","?","?","M","?","R","BOSS"],"build_version":"2019-01-23","purchased_purges":0,"victory":false,"max_hp_per_floor":[80,80,80,80,80,80,80,80,80,80,80,80,80,80,80,80],"card_choices":[{"not_picked":["Iron Wave","Burning Pact"],"picked":"Dropkick","floor":1},{"not_picked":["Power Through","Heavy Blade"],"picked":"Hemokinesis","floor":3},{"not_picked":["Sentinel","Cleave"],"picked":"Body Slam","floor":5},{"not_picked":["Clash","Pummel"],"picked":"Perfected Strike","floor":7},{"not_picked":["Clash","Heavy Blade"],"picked":"Warcry","floor":13}],"player_experience":1518186,"relics_obtained":[],"event_choices":[{"damage_healed":0,"gold_gain":75,"player_choice":"Gather Gold","damage_taken":11,"max_hp_gain":0,"max_hp_loss":0,"event_name":"World of Goop","floor":4,"gold_loss":0},{"damage_healed":20,"gold_gain":0,"player_choice":"Healed and dodged fight","damage_taken":0,"max_hp_gain":0,"max_hp_loss":0,"event_name":"Mushrooms","floor":11,"gold_loss":0,"cards_obtained":["Parasite"]},{"damage_healed":0,"gold_gain":0,"player_choice":"Searched \u00270\u0027 times","damage_taken":0,"max_hp_gain":0,"max_hp_loss":0,"event_name":"Dead Adventurer","floor":12,"gold_loss":0},{"damage_healed":0,"gold_gain":175,"player_choice":"AGREE","damage_taken":0,"max_hp_gain":0,"max_hp_loss":0,"event_name":"Liars Game","floor":14,"gold_loss":0,"cards_obtained":["Doubt"]}],"is_beta":false,"boss_relics":[],"items_purged_floors":[],"is_endless":false,"potions_floor_spawned":[3,7,13],"killed_by":"Slime Boss","ascension_level":0}