{"gold_per_floor":[19,33,43,43,43,43,69,69,69,101,121,138,138,151,151,247,297,317,343,343,343,343,361,361,164,164,183,214,214,19,51,51,147,147,160,207,429,444,444,455,455,470,470,470,502,502,502,502,502,502],"floor_reached":50,"playtime":2561,"items_purged":[],"score":778,"play_id":"5d20d67e-e540-4ff3-8b9a-a44f257ced3f","local_time":"20190218155324","is_ascension_mode":true,"campfire_choices":[{"data":"Blade Dance","floor":6.0,"key":"SMITH"},{"floor":8.0,"key":"REST"},{"floor":13.0,"key":"REST"},{"data":"Infinite Blades","floor":15.0,"key":"SMITH"},{"floor":24.0,"key":"REST"},{"floor":32.0,"key":"REST"},{"floor":41,"key":"REST"},{"floor":44,"key":"REST"},{"floor":47,"key":"REST"},{"floor":49,"key":"REST"}],"neow_cost":"NO_GOLD","seed_source_timestamp":250097405488308,"circlet_count":0,"master_deck":["Survivor","Neutralize","Catalyst","PiercingWail","Blade Dance+1","Finisher","Blade Dance","Infinite Blades+1","Slice","Die Die Die","Adrenaline","PiercingWail","Infinite Blades","Bouncing Flask+1","RitualDagger","Bite","Bite","Bite","Bite","Bite","Infinite Blades","Apotheosis","Corpse Explosion+1","Accuracy","Cloak And Dagger+1","Bullet Time+1","Venomology+1","Dodge and Roll+1","Accuracy","Reflex+1","Calculated Gamble+1","Escape Plan+1","Blur+1","Deflect+1","Leg Sweep+1","Corpse Explosion+1","Prepared+1","Riddle With Holes+1","Dodge and Roll+1","Sadistic Nature","Backflip+1","Madness+1","Madness+1","Sucker Punch"],"special_seed":0,"relics":["Ring of the Snake","Dead Branch","Turnip","Happy Flower","Ornamental Fan","The Specimen","Tiny House","Red Mask","Bottled Tornado","Toxic Egg 2","Vajra","Blood Vial","Pandora\u0027s Box","FossilizedHelix","Dream Catcher","Anchor"],"potions_floor_usage":[38,45,45,45,50,50,50],"damage_taken":[{"damage":1.0,"enemies":"Jaw Worm","floor":1.0,"turns":5.0},{"damage":5.0,"enemies":"2 Louse","floor":2.0,"turns":4.0},{"damage":0.0,"enemies":"Small Slimes","floor":3.0,"turns":4.0},{"damage":39.0,"enemies":"Lagavulin","floor":7.0,"turns":10.0},{"damage":6.0,"enemies":"3 Sentries","floor":10.0,"turns":6.0},{"damage":1.0,"enemies":"Looter","floor":11.0,"turns":2.0},{"damage":0.0,"enemies":"Blue Slaver","floor":12.0,"turns":4.0},{"damage":3.0,"enemies":"2 Fungi Beasts","floor":14.0,"turns":3.0},{"damage":8.0,"enemies":"Slime Boss","floor":16.0,"turns":11.0},{"damage":9.0,"enemies":"2 Thieves","floor":18.0,"turns":4.0},{"damage":5.0,"enemies":"Masked Bandits","floor":19.0,"turns":5.0},{"damage":17.0,"enemies":"Shell Parasite","floor":23.0,"turns":4.0},{"damage":0.0,"enemies":"Cultist and Chosen","floor":27.0,"turns":4.0},{"damage":18.0,"enemies":"Book of Stabbing","floor":28.0,"turns":5.0},{"damage":19.0,"enemies":"Slavers","floor":31.0,"turns":3.0},{"damage":46.0,"enemies":"Automaton","floor":33.0,"turns":8.0},{"damage":6.0,"enemies":"Orb Walker","floor":35.0,"turns":2.0},{"damage":47.0,"enemies":"2 Orb Walkers","floor":36.0,"turns":4.0},{"damage":0,"enemies":"3 Darklings","floor":38,"turns":2},{"damage":11,"enemies":"4 Shapes","floor":40,"turns":5},{"damage":0,"enemies":"Maw","floor":42,"turns":7},{"damage":40,"enemies":"Reptomancer","floor":45,"turns":5},{"damage":70,"enemies":"Donu and Deca","floor":50,"turns":7}],"seed_played":"6493969211824569782","potions_obtained":[{"floor":2.0,"key":"Fruit Juice"},{"floor":3.0,"key":"Ancient Potion"},{"floor":11.0,"key":"Explosive Potion"},{"floor":17.0,"key":"EntropicBrew"},{"floor":18.0,"key":"Dexterity Potion"},{"floor":23.0,"key":"SkillPotion"},{"floor":42,"key":"PowerPotion"},{"floor":45,"key":"Poison Potion"}],"is_trial":false,"path_per_floor":["M","M","M","?","?","R","E","R","T","E","M","M","R","M","R","B",null,"M","?","?","?","?","M","R","$","T","M","E","?","$","E","R","B",null,"M","?","?","M","?","M","R","M","T","R","E","?","R","?","R","B"],"character_chosen":"THE_SILENT","items_purchased":["Apotheosis","Accuracy","Vajra"],"campfire_rested":8,"item_purchase_floors":[25,30,30],"current_hp_per_floor":[62,62,62,62,62,62,23,45,45,39,38,38,60,57,57,49,74,65,60,54,54,45,36,54,54,54,56,53,53,53,34,52,28,53,55,15,15,19,19,14,32,44,44,61,28,28,46,38,56,0],"gold":502,"neow_bonus":"ONE_RARE_RELIC","is_prod":false,"is_daily":false,"chose_seed":false,"campfire_upgraded":2,"win_rate":0,"timestamp":1550530404,"path_taken":["M","M","M","?","?","R","E","R","T","E","M","M","R","?","R","BOSS","M","?","?","?","?","M","R","?","T","?","E","?","$","E","R","BOSS","M","?","?","M","?","M","R","?","T","R","E","?","R","?","R","BOSS"],"build_version":"2019-01-23","purchased_purges":0,"victory":false,"max_hp_per_floor":[70,75,75,75,75,75,75,75,75,75,75,75,75,75,75,75,80,80,80,80,56,61,61,61,61,61,61,61,61,61,61,61,61,61,61,61,61,61,61,61,61,61,61,61,61,61,61,61,61,61],"card_choices":[{"not_picked":["Bane","Flying Knee"],"picked":"Catalyst","floor":1.0},{"not_picked":["Sucker Punch","Acrobatics"],"picked":"PiercingWail","floor":2.0},{"not_picked":["Deadly Poison","Die Die Die"],"picked":"Blade Dance","floor":3.0},{"not_picked":["Tactician","Flying Knee"],"picked":"Finisher","floor":7.0},{"not_picked":["Riddle With Holes","Flying Knee"],"picked":"Blade Dance","floor":10.0},{"not_picked":["Prepared","Riddle With Holes"],"picked":"Infinite Blades","floor":11.0},{"not_picked":["Skewer","Underhanded Strike"],"picked":"Slice","floor":12.0},{"not_picked":["Blade Dance","Terror"],"picked":"Die Die Die","floor":14.0},{"not_picked":["Night Terror","Envenom"],"picked":"Adrenaline","floor":16.0},{"not_picked":["Prepared","Acrobatics"],"picked":"PiercingWail","floor":17.0},{"not_picked":["Sucker Punch+1","Bane+1"],"picked":"Infinite Blades","floor":18.0},{"not_picked":["Escape Plan","All Out Attack"],"picked":"Bouncing Flask+1","floor":19.0},{"not_picked":["Dagger Throw","Flying Knee"],"picked":"Infinite Blades","floor":23.0},{"not_picked":["Quick Slash","Underhanded Strike+1"],"picked":"Acrobatics","floor":27.0},{"not_picked":["Phantasmal Killer","Acrobatics+1"],"picked":"Corpse Explosion","floor":28.0},{"not_picked":["Footwork","Acrobatics+1"],"picked":"Cloak And Dagger+1","floor":31.0},{"not_picked":["Burst+1","A Thousand Cuts"],"picked":"Bullet Time+1","floor":33.0},{"not_picked":["Backflip+1","Setup+1"],"picked":"Escape Plan+1","floor":35.0},{"not_picked":["Tactician+1","Outmaneuver+1"],"picked":"Blur+1","floor":36.0},{"not_picked":["Dodge and Roll+1","Flying Knee+1"],"picked":"Deflect+1","floor":38},{"not_picked":["Slice+1","Outmaneuver+1"],"picked":"Corpse Explosion+1","floor":40},{"not_picked":["Outmaneuver+1","Tactician+1"],"picked":"Prepared+1","floor":42},{"not_picked":["Heel Hook","Quick Slash+1"],"picked":"Riddle With Holes+1","floor":44},{"not_picked":["Bane","Deadly Poison+1"],"picked":"Dodge and Roll+1","floor":45},{"not_picked":["Deep Breath+1","PanicButton+1"],"picked":"Sadistic Nature","floor":46},{"not_picked":["Skewer+1","Sucker Punch+1"],"picked":"Backflip+1","floor":47},{"not_picked":["Quick Slash","Dagger Spray"],"picked":"Sucker Punch","floor":49}],"player_experience":1525752,"relics_obtained":[{"floor":7.0,"key":"Happy Flower"},{"floor":9.0,"key":"Ornamental Fan"},{"floor":10.0,"key":"The Specimen"},{"floor":19.0,"key":"Red Mask"},{"floor":26.0,"key":"Bottled Tornado"},{"floor":28.0,"key":"Toxic Egg 2"},{"floor":31.0,"key":"Blood Vial"},{"floor":36.0,"key":"FossilizedHelix"},{"floor":43,"key":"Dream Catcher"},{"floor":45,"key":"Anchor"}],"event_choices":[{"damage_healed":0.0,"max_hp_gain":0.0,"max_hp_loss":0.0,"gold_gain":0.0,"event_name":"Big Fish","player_choice":"Box","floor":4.0,"gold_loss":0.0,"damage_taken":0.0,"relics_obtained":["Turnip"],"cards_obtained":["Regret"]},{"cards_removed":["Regret"],"damage_healed":0.0,"max_hp_gain":0.0,"max_hp_loss":0.0,"gold_gain":0.0,"event_name":"Living Wall","player_choice":"Forget","floor":5.0,"gold_loss":0.0,"damage_taken":0.0},{"damage_healed":0.0,"max_hp_gain":0.0,"max_hp_loss":0.0,"gold_gain":0.0,"event_name":"Masked Bandits","player_choice":"Fought Bandits","floor":19.0,"gold_loss":0.0,"damage_taken":0.0},{"damage_healed":0.0,"max_hp_gain":0.0,"max_hp_loss":0.0,"gold_gain":0.0,"event_name":"Nest","player_choice":"Joined the Cult","floor":20.0,"gold_loss":0.0,"damage_taken":6.0,"cards_obtained":["RitualDagger"]},{"damage_healed":0.0,"max_hp_gain":0.0,"max_hp_loss":24.0,"gold_gain":0.0,"event_name":"Vampires","player_choice":"Became a vampire","floor":21.0,"gold_loss":0.0,"damage_taken":0.0,"cards_obtained":["Bite","Bite","Bite","Bite","Bite"]},{"damage_healed":0.0,"max_hp_gain":5.0,"max_hp_loss":0.0,"gold_gain":0.0,"event_name":"Forgotten Altar","player_choice":"Shed Blood","floor":22.0,"gold_loss":0.0,"damage_taken":14.0},{"damage_healed":0.0,"max_hp_gain":0.0,"max_hp_loss":0.0,"gold_gain":0.0,"event_name":"Beggar","player_choice":"Ignored","floor":29.0,"gold_loss":0.0,"damage_taken":0.0},{"damage_healed":0.0,"max_hp_gain":0.0,"max_hp_loss":0.0,"gold_gain":0.0,"event_name":"Mysterious Sphere","player_choice":"Fight","floor":36.0,"gold_loss":0.0,"damage_taken":0.0},{"damage_healed":0.0,"max_hp_gain":0.0,"max_hp_loss":0.0,"gold_gain":222.0,"event_name":"Tomb of Lord Red Mask","player_choice":"Wore Mask","floor":37.0,"gold_loss":0.0,"damage_taken":0.0},{"damage_healed":0,"gold_gain":0,"cards_transformed":["Acrobatics"],"player_choice":"Transformed","damage_taken":0,"max_hp_gain":0,"max_hp_loss":0,"event_name":"Transmorgrifier","floor":39,"gold_loss":0,"cards_obtained":["Leg Sweep"]},{"damage_healed":0,"gold_gain":0,"player_choice":"Memory 1","damage_taken":0,"max_hp_gain":0,"max_hp_loss":0,"event_name":"SensoryStone","floor":46,"gold_loss":0},{"damage_healed":0,"gold_gain":0,"player_choice":"Embrace Madness","damage_taken":8,"max_hp_gain":0,"max_hp_loss":0,"event_name":"Winding Halls","floor":48,"gold_loss":0,"cards_obtained":["Madness","Madness"]}],"is_beta":false,"boss_relics":[{"not_picked":["Snecko Eye","Lizard Tail"],"picked":"Tiny House"},{"not_picked":["Runic Dome","Black Star"],"picked":"Pandora\u0027s Box"}],"items_purged_floors":[],"is_endless":false,"potions_floor_spawned":[2,3,11,18,23,42,45],"killed_by":"Donu and Deca","ascension_level":6}