{"gold_per_floor":[109,109,124,52,5,40,40,50,50,75,75,75,95,113,113,233,233,252,334,347,347,360,360,380,284,308,341,365,390,161,176,176,306,369,385,385,385,404,404,404],"floor_reached":40,"playtime":1219,"items_purged":[],"score":698,"play_id":"01326d08-54a9-4db6-bdd0-80f7b97fc9e7","local_time":"20181109155242","is_ascension_mode":true,"campfire_choices":[{"data":"Armaments","floor":7,"key":"SMITH"},{"data":"True Grit","floor":15,"key":"SMITH"},{"floor":23,"key":"REST"},{"floor":32,"key":"REST"}],"neow_cost":"NONE","seed_source_timestamp":2588467086151552,"circlet_count":0,"master_deck":["AscendersBane","Strike_R","Strike_R","Strike_R","Strike_R","Strike_R","Defend_R+1","Defend_R","Defend_R","Defend_R","Bash","Bludgeon","Pommel Strike","Shrug It Off","Twin Strike","Armaments+1","Shockwave","Pommel Strike","Injury","Perfected Strike","True Grit+1","Immolate","Twin Strike","Perfected Strike+1","Twin Strike+1","Shrug It Off","Twin Strike+1","Seeing Red","Bludgeon+1","Pommel Strike+1","Wild Strike+1","Enlightenment+1","Immolate+1","Body Slam+1","Madness","Madness","Shrug It Off+1","Burning Pact"],"relics":["Burning Blood","NlothsMask","Mercury Hourglass","The Courier","Golden Idol","Fusion Hammer","Kunai","Molten Egg 2","Boot","Gremlin Horn","Strange Spoon","Tiny House"],"potions_floor_usage":[6,10,16,22,24,27,29,33],"damage_taken":[{"damage":2,"enemies":"Jaw Worm","floor":1,"turns":3},{"damage":0,"enemies":"Cultist","floor":3,"turns":3},{"damage":35,"enemies":"3 Sentries","floor":6,"turns":9},{"damage":0,"enemies":"2 Louse","floor":8,"turns":3},{"damage":30,"enemies":"Lagavulin","floor":10,"turns":5},{"damage":6,"enemies":"Red Slaver","floor":13,"turns":3},{"damage":3,"enemies":"Looter","floor":14,"turns":3},{"damage":34,"enemies":"The Guardian","floor":16,"turns":11},{"damage":6,"enemies":"Spheric Guardian","floor":18,"turns":3},{"damage":12,"enemies":"2 Thieves","floor":20,"turns":3},{"damage":24,"enemies":"Centurion and Healer","floor":22,"turns":5},{"damage":0,"enemies":"Snake Plant","floor":24,"turns":2},{"damage":26,"enemies":"Slavers","floor":27,"turns":3},{"damage":2,"enemies":"Cultist and Chosen","floor":28,"turns":4},{"damage":7,"enemies":"Shelled Parasite and Fungi","floor":29,"turns":3},{"damage":8,"enemies":"3 Cultists","floor":31,"turns":4},{"damage":69,"enemies":"Collector","floor":33,"turns":8},{"damage":9,"enemies":"Orb Walker","floor":35,"turns":3},{"damage":4,"enemies":"3 Shapes","floor":38,"turns":5},{"damage":77,"enemies":"Giant Head","floor":40,"turns":7}],"seed_played":"-4101622338389413387","potions_obtained":[{"floor":3,"key":"Explosive Potion"},{"floor":8,"key":"SteroidPotion"},{"floor":13,"key":"Strength Potion"},{"floor":16,"key":"PowerPotion"},{"floor":18,"key":"LiquidBronze"},{"floor":22,"key":"Poison Potion"},{"floor":24,"key":"Ancient Potion"},{"floor":31,"key":"LiquidBronze"},{"floor":34,"key":"Fire Potion"}],"is_trial":false,"path_per_floor":["M","?","M","$","$","E","R","M","T","E","?","?","M","M","R","B",null,"M","T","M","?","M","R","M","$","T","E","M","M","$","M","R","B",null,"M","?","?","M","?","E"],"character_chosen":"IRONCLAD","items_purchased":["Shrug It Off","Twin Strike","Armaments","Twin Strike+1","Seeing Red","Strange Spoon","Enlightenment"],"campfire_rested":2,"item_purchase_floors":[4,4,5,25,25,30,30],"current_hp_per_floor":[76,76,80,80,80,51,51,57,57,33,33,80,80,80,80,52,73,73,73,67,67,49,73,79,79,79,59,63,62,62,60,80,17,69,66,55,55,57,57,0],"gold":404,"neow_bonus":"ONE_RANDOM_RARE_CARD","is_prod":false,"is_daily":false,"chose_seed":false,"campfire_upgraded":2,"win_rate":0,"timestamp":1541803962,"path_taken":["M","?","M","?","$","E","R","M","T","E","?","?","M","M","R","BOSS","M","?","M","?","M","R","M","$","T","E","M","?","$","M","R","BOSS","M","?","?","?","?","E"],"build_version":"2018-11-08","purchased_purges":0,"victory":false,"max_hp_per_floor":[80,80,80,80,80,80,80,80,80,80,80,80,80,80,80,80,80,80,80,80,80,80,80,80,80,80,80,80,80,80,80,80,80,85,85,85,85,85,85,85],"card_choices":[{"not_picked":["True Grit","Heavy Blade"],"picked":"Pommel Strike","floor":1},{"not_picked":["Heavy Blade","Bloodletting"],"picked":"Hemokinesis","floor":3},{"not_picked":["True Grit","Havoc"],"picked":"Shockwave","floor":6},{"not_picked":["Combust","Evolve"],"picked":"Carnage","floor":8},{"not_picked":["Heavy Blade","Reckless Charge"],"picked":"Pommel Strike","floor":10},{"not_picked":["Warcry","Flex"],"picked":"Perfected Strike","floor":13},{"not_picked":["Flex","Body Slam"],"picked":"True Grit","floor":14},{"not_picked":["Fiend Fire","Juggernaut"],"picked":"Immolate","floor":16},{"not_picked":["Bloodletting","Body Slam"],"picked":"Twin Strike","floor":18},{"not_picked":["Rage+1","True Grit"],"picked":"Perfected Strike+1","floor":20},{"not_picked":["Perfected Strike+1","Heavy Blade+1"],"picked":"Twin Strike+1","floor":22},{"not_picked":["Dual Wield","Armaments"],"picked":"Shrug It Off","floor":24},{"not_picked":["Ghostly Armor","Iron Wave+1"],"picked":"Bludgeon+1","floor":27},{"not_picked":["Thunderclap+1","Cleave+1"],"picked":"Pommel Strike+1","floor":28},{"not_picked":["Havoc","Headbutt+1"],"picked":"Wild Strike+1","floor":29},{"not_picked":["Anger+1","Warcry","Thunderclap+1"],"picked":"SKIP","floor":31},{"not_picked":["Exhume","Bludgeon+1"],"picked":"Immolate+1","floor":33},{"not_picked":["Heavy Blade+1","Evolve"],"picked":"Body Slam+1","floor":35},{"not_picked":["Corruption","Hemokinesis+1"],"picked":"Shrug It Off+1","floor":38}],"player_experience":1037087,"relics_obtained":[{"floor":6,"key":"Mercury Hourglass"},{"floor":10,"key":"The Courier"},{"floor":19,"key":"Kunai"},{"floor":26,"key":"Boot"},{"floor":27,"key":"Gremlin Horn"}],"event_choices":[{"damage_healed":0,"gold_gain":0,"player_choice":"Trade","damage_taken":0,"relics_obtained":["NlothsMask"],"max_hp_gain":0,"max_hp_loss":0,"event_name":"FaceTrader","floor":2,"gold_loss":0},{"damage_healed":0,"gold_gain":0,"player_choice":"Take Wound","damage_taken":0,"relics_obtained":["Golden Idol"],"max_hp_gain":0,"max_hp_loss":0,"event_name":"Golden Idol","floor":11,"gold_loss":0,"cards_obtained":["Injury"]},{"damage_healed":47,"gold_gain":0,"player_choice":"Full Heal","damage_taken":0,"max_hp_gain":0,"max_hp_loss":0,"event_name":"Wheel of Change","floor":12,"gold_loss":0},{"cards_removed":["Hemokinesis"],"damage_healed":0,"gold_gain":0,"player_choice":"Gave Card","damage_taken":0,"relics_obtained":["Molten Egg 2"],"max_hp_gain":0,"max_hp_loss":0,"event_name":"WeMeetAgain","floor":21,"gold_loss":0},{"damage_healed":0,"gold_gain":0,"player_choice":"Embrace Madness","damage_taken":11,"max_hp_gain":0,"max_hp_loss":0,"event_name":"Winding Halls","floor":36,"gold_loss":0,"cards_obtained":["Madness","Madness"]},{"damage_healed":0,"gold_gain":0,"player_choice":"Upgraded","damage_taken":0,"max_hp_gain":0,"max_hp_loss":0,"event_name":"Upgrade Shrine","floor":37,"gold_loss":0,"cards_upgraded":["Enlightenment"]},{"damage_healed":0,"gold_gain":0,"cards_transformed":["Carnage"],"player_choice":"Transformed","damage_taken":0,"max_hp_gain":0,"max_hp_loss":0,"event_name":"Transmorgrifier","floor":39,"gold_loss":0,"cards_obtained":["Burning Pact"]}],"is_beta":false,"boss_relics":[{"not_picked":["Astrolabe","Lizard Tail"],"picked":"Fusion Hammer"},{"not_picked":["Eternal Feather","Runic Cube"],"picked":"Tiny House"}],"items_purged_floors":[],"is_endless":false,"potions_floor_spawned":[3,8,13,16,18,22,24,31],"killed_by":"Giant Head","ascension_level":11}