{"gold_per_floor":[118,3,22,22,36,36,36,111,111,61,31,31,47,47,47,47],"floor_reached":16,"playtime":260,"items_purged":["Strike_R"],"score":88,"play_id":"ca7d5e6c-aee9-47f7-a91a-a955647ae6e9","local_time":"20190203211929","is_ascension_mode":false,"campfire_choices":[{"data":"Bash","floor":6.0,"key":"SMITH"},{"data":"Infernal Blade","floor":15.0,"key":"SMITH"}],"neow_cost":"NONE","seed_source_timestamp":97126257454651,"circlet_count":0,"master_deck":["Strike_R","Strike_R","Strike_R","Defend_R","Defend_R","Defend_R","Bash+1","Iron Wave","Flame Barrier","Thunderclap","Dropkick","Infernal Blade+1","Shockwave"],"special_seed":0,"relics":["Burning Blood","NeowsBlessing","Centennial Puzzle"],"potions_floor_usage":[],"damage_taken":[{"damage":0.0,"enemies":"Jaw Worm","floor":1.0,"turns":1.0},{"damage":0.0,"enemies":"Small Slimes","floor":3.0,"turns":1.0},{"damage":0.0,"enemies":"2 Louse","floor":5.0,"turns":1.0},{"damage":0.0,"enemies":"Looter","floor":11.0,"turns":4.0},{"damage":12.0,"enemies":"Blue Slaver","floor":13.0,"turns":5.0},{"damage":66,"enemies":"Hexaghost","floor":16,"turns":12}],"seed_played":"6671916425740527272","potions_obtained":[{"floor":13.0,"key":"Dexterity Potion"}],"is_trial":false,"path_per_floor":["M","$","M","$","M","R","?","?","T","?","M","?","M","$","R","B"],"character_chosen":"IRONCLAD","items_purchased":["Flame Barrier"],"campfire_rested":0,"item_purchase_floors":[2],"current_hp_per_floor":[80,80,80,80,80,80,73,62,62,62,68,73,67,67,67,1],"gold":47,"neow_bonus":"THREE_ENEMY_KILL","is_prod":false,"is_daily":false,"chose_seed":false,"campfire_upgraded":2,"win_rate":0,"timestamp":1549257569,"path_taken":["M","$","M","$","M","R","?","?","T","?","M","?","M","?","R","BOSS"],"build_version":"2019-01-23","purchased_purges":1,"victory":false,"max_hp_per_floor":[80,80,80,80,80,80,80,80,80,80,80,85,85,85,85,85],"card_choices":[{"not_picked":["Cleave","Anger"],"picked":"Iron Wave","floor":1.0},{"not_picked":["Battle Trance","Shrug It Off"],"picked":"Thunderclap","floor":3.0},{"not_picked":["Corruption","Havoc"],"picked":"Dropkick","floor":5.0},{"not_picked":["Pommel Strike","Clash"],"picked":"Infernal Blade","floor":11.0},{"not_picked":["Sentinel","Anger"],"picked":"Shockwave","floor":13.0}],"player_experience":357709,"relics_obtained":[{"floor":9.0,"key":"Centennial Puzzle"}],"event_choices":[{"cards_removed":["Strike_R"],"damage_healed":0.0,"max_hp_gain":0.0,"max_hp_loss":0.0,"gold_gain":0.0,"event_name":"Golden Wing","player_choice":"Card Removal","floor":7.0,"gold_loss":0.0,"damage_taken":7.0},{"damage_healed":0.0,"max_hp_gain":0.0,"max_hp_loss":0.0,"gold_gain":75.0,"event_name":"World of Goop","player_choice":"Gather Gold","floor":8.0,"gold_loss":0.0,"damage_taken":11.0},{"cards_removed":["Defend_R"],"damage_healed":0.0,"max_hp_gain":0.0,"max_hp_loss":0.0,"gold_gain":0.0,"event_name":"The Cleric","player_choice":"Card Removal","floor":10.0,"gold_loss":50.0,"damage_taken":0.0},{"damage_healed":0.0,"max_hp_gain":5.0,"max_hp_loss":0.0,"gold_gain":0.0,"event_name":"Big Fish","player_choice":"Donut","floor":12.0,"gold_loss":0.0,"damage_taken":0.0}],"is_beta":false,"boss_relics":[],"items_purged_floors":[2],"is_endless":false,"potions_floor_spawned":[13],"killed_by":"Hexaghost","ascension_level":0}