{"gold_per_floor":[119,119,119,34,34,65,65,100,152,152,172,183,183,196,196,196],"floor_reached":16,"playtime":539,"items_purged":[],"score":205,"play_id":"e8f71d6e-6b49-40f4-a32e-6f7bfc2a2f91","local_time":"20190320160209","is_ascension_mode":true,"campfire_choices":[{"data":"Metallicize","floor":7,"key":"SMITH"},{"data":"True Grit","floor":10,"key":"SMITH"},{"data":"Corruption","floor":13,"key":"SMITH"},{"data":"Fire Breathing","floor":15,"key":"SMITH"}],"neow_cost":"NONE","seed_source_timestamp":405505925399404,"circlet_count":0,"master_deck":["Strike_R","Strike_R","Strike_R","Strike_R","Strike_R+1","Defend_R","Defend_R","Defend_R","Defend_R","Bash+1","Metallicize+1","Corruption+1","True Grit+1","Impervious","True Grit+1","Shrug It Off","Fire Breathing+1"],"relics":["Burning Blood","NeowsBlessing","Anchor","Whetstone","Thread and Needle","Strawberry"],"potions_floor_usage":[16,16],"damage_taken":[{"damage":0,"enemies":"Cultist","floor":1,"turns":1},{"damage":0,"enemies":"Lagavulin","floor":6,"turns":1},{"damage":0,"enemies":"3 Sentries","floor":8,"turns":2},{"damage":0,"enemies":"2 Louse","floor":11,"turns":3},{"damage":0,"enemies":"Small Slimes","floor":12,"turns":6},{"damage":0,"enemies":"Exordium Thugs","floor":14,"turns":5},{"damage":88,"enemies":"Hexaghost","floor":16,"turns":16}],"seed_played":"5429699801511104495","potions_obtained":[{"floor":6,"key":"LiquidBronze"},{"floor":11,"key":"Fire Potion"}],"is_trial":false,"path_per_floor":["?","?","?"],"character_chosen":"IRONCLAD","items_purchased":["Corruption","True Grit"],"campfire_rested":0,"item_purchase_floors":[4,4],"current_hp_per_floor":[78,78,71,71,71,77,77,80,87,87,87,87,87,87,87,0],"gold":196,"neow_bonus":"THREE_ENEMY_KILL","is_prod":false,"is_daily":false,"chose_seed":false,"campfire_upgraded":4,"win_rate":0,"timestamp":1553112129,"path_taken":["M","?","?","$","?","E","R","E","T","R","M","M","R","M","R","BOSS"],"build_version":"2019-01-23","purchased_purges":0,"victory":false,"max_hp_per_floor":[80,80,80,80,80,80,80,80,87,87,87,87,87,87,87,87],"card_choices":[{"not_picked":["True Grit","Perfected Strike"],"picked":"Metallicize","floor":1},{"not_picked":["Sword Boomerang","Havoc"],"picked":"Impervious","floor":6},{"not_picked":["Headbutt","Heavy Blade"],"picked":"True Grit","floor":8},{"not_picked":["Headbutt","Demon Form"],"picked":"Shrug It Off","floor":11},{"not_picked":["Twin Strike","Havoc","Perfected Strike"],"picked":"SKIP","floor":12},{"not_picked":["Cleave","Iron Wave"],"picked":"Fire Breathing","floor":14}],"player_experience":840322,"relics_obtained":[{"floor":6,"key":"Whetstone"},{"floor":8,"key":"Thread and Needle"},{"floor":9,"key":"Strawberry"}],"event_choices":[{"damage_healed":0,"gold_gain":0,"player_choice":"Box","damage_taken":0,"relics_obtained":["Anchor"],"max_hp_gain":0,"max_hp_loss":0,"event_name":"Big Fish","floor":2,"gold_loss":0,"cards_obtained":["Regret"]},{"cards_removed":["Regret"],"damage_healed":0,"gold_gain":0,"player_choice":"Card Removal","damage_taken":7,"max_hp_gain":0,"max_hp_loss":0,"event_name":"Golden Wing","floor":3,"gold_loss":0},{"damage_healed":0,"gold_gain":0,"player_choice":"Upgraded","damage_taken":0,"max_hp_gain":0,"max_hp_loss":0,"event_name":"Upgrade Shrine","floor":5,"gold_loss":0,"cards_upgraded":["True Grit"]}],"is_beta":false,"boss_relics":[],"items_purged_floors":[],"is_endless":false,"potions_floor_spawned":[6,11],"killed_by":"Hexaghost","ascension_level":6}