{"gold_per_floor":[210,221,240,252,270,298,298,333,333,333,348,348,358,2,2,2],"floor_reached":16,"playtime":740,"items_purged":[],"score":177,"play_id":"53aed27d-a8a6-4cd6-a586-70deb70dc933","local_time":"20190330233610","is_ascension_mode":true,"campfire_choices":[{"floor":7,"key":"REST"},{"floor":10,"key":"REST"},{"floor":12,"key":"REST"},{"floor":15,"key":"REST"}],"neow_cost":"NONE","seed_source_timestamp":1296542619510994,"circlet_count":0,"master_deck":["AscendersBane","Strike_B","Strike_B","Strike_B","Strike_B","Defend_B","Defend_B","Defend_B","Defend_B","Zap","Dualcast","Melter","Static Discharge","BootSequence","Ball Lightning","Streamline","Darkness","Echo Form","Go for the Eyes","Static Discharge","Creative AI"],"relics":["Cracked Core","Sundial","Blue Candle","FossilizedHelix","Medical Kit"],"potions_floor_usage":[8,16,16],"damage_taken":[{"damage":5,"enemies":"Small Slimes","floor":1,"turns":5},{"damage":0,"enemies":"2 Louse","floor":2,"turns":3},{"damage":5,"enemies":"Cultist","floor":3,"turns":4},{"damage":18,"enemies":"Large Slime","floor":4,"turns":6},{"damage":18,"enemies":"Exordium Thugs","floor":5,"turns":4},{"damage":21,"enemies":"Gremlin Nob","floor":6,"turns":4},{"damage":20,"enemies":"3 Sentries","floor":8,"turns":5},{"damage":0,"enemies":"2 Fungi Beasts","floor":11,"turns":4},{"damage":45,"enemies":"Gremlin Gang","floor":13,"turns":4},{"damage":31,"enemies":"Hexaghost","floor":16,"turns":8}],"seed_played":"553983559787422706","potions_obtained":[{"floor":2,"key":"Swift Potion"},{"floor":6,"key":"FocusPotion"},{"floor":8,"key":"Weak Potion"}],"is_trial":false,"path_per_floor":[],"character_chosen":"DEFECT","items_purchased":["Creative AI","Medical Kit"],"campfire_rested":4,"item_purchase_floors":[14,14],"current_hp_per_floor":[63,63,58,40,22,1,23,3,3,25,25,47,2,2,24,0],"gold":2,"neow_bonus":"HUNDRED_GOLD","is_prod":false,"is_daily":false,"chose_seed":false,"campfire_upgraded":0,"win_rate":0,"timestamp":1554003370,"path_taken":["M","M","M","M","M","E","R","E","T","R","M","R","M","$","R","BOSS"],"build_version":"2019-01-23","purchased_purges":0,"victory":false,"max_hp_per_floor":[75,75,75,75,75,75,75,75,75,75,75,75,75,75,75,75],"card_choices":[{"not_picked":["Turbo","Rebound"],"picked":"Melter","floor":1},{"not_picked":["Reprogram","Beam Cell"],"picked":"Static Discharge","floor":2},{"not_picked":["Hologram","Scrape"],"picked":"BootSequence","floor":3},{"not_picked":["Skim","Turbo"],"picked":"Ball Lightning","floor":4},{"not_picked":["Leap","Sweeping Beam"],"picked":"Streamline","floor":5},{"not_picked":["Compile Driver","Redo"],"picked":"Darkness","floor":6},{"not_picked":["Genetic Algorithm","Undo"],"picked":"Echo Form","floor":8},{"not_picked":["Hologram","Capacitor"],"picked":"Go for the Eyes","floor":11},{"not_picked":["Streamline","Cold Snap"],"picked":"Static Discharge","floor":13}],"player_experience":1310462,"relics_obtained":[{"floor":6,"key":"Sundial"},{"floor":8,"key":"Blue Candle"},{"floor":9,"key":"FossilizedHelix"}],"event_choices":[],"is_beta":false,"boss_relics":[],"items_purged_floors":[],"is_endless":false,"potions_floor_spawned":[2,6,8,11],"killed_by":"Hexaghost","ascension_level":11}