{"gold_per_floor":[115,40,53,53,53,53,4,67,67,67,86,104,133,184,184,285,285,210,223,70,70,87,87],"floor_reached":23,"playtime":2033,"items_purged":["Strike_R","Fire Breathing"],"score":197,"play_id":"1c045662-4618-4f11-88c9-e69826785be5","local_time":"20190130224524","is_ascension_mode":false,"campfire_choices":[{"data":"Twin Strike","floor":6,"key":"SMITH"},{"floor":10,"key":"REST"},{"floor":15,"key":"REST"}],"neow_cost":"NONE","seed_source_timestamp":171390735705336,"circlet_count":0,"master_deck":["Strike_R","Strike_R","Strike_R","Defend_R+1","Defend_R","Defend_R+1","Defend_R","Twin Strike+1","Cleave","Iron Wave","Juggernaut","Armaments","Necronomicurse"],"relics":["Burning Blood","Tiny Chest","Charon\u0027s Ashes","War Paint","Strawberry","Runic Pyramid","Necronomicon"],"potions_floor_usage":[16,23,23],"damage_taken":[{"damage":0,"enemies":"Small Slimes","floor":1,"turns":4},{"damage":12,"enemies":"Jaw Worm","floor":3,"turns":4},{"damage":48,"enemies":"Lagavulin","floor":8,"turns":9},{"damage":0,"enemies":"2 Louse","floor":11,"turns":3},{"damage":16,"enemies":"Exordium Thugs","floor":12,"turns":5},{"damage":21,"enemies":"Gremlin Nob","floor":13,"turns":5},{"damage":27,"enemies":"The Guardian","floor":16,"turns":12},{"damage":14,"enemies":"2 Thieves","floor":18,"turns":5},{"damage":9,"enemies":"Chosen","floor":19,"turns":7},{"damage":13,"enemies":"Snake Plant","floor":22,"turns":5},{"damage":60,"enemies":"Gremlin Leader","floor":23,"turns":8}],"seed_played":"1404541172746834254","potions_obtained":[{"floor":8,"key":"PowerPotion"},{"floor":11,"key":"Dexterity Potion"},{"floor":16,"key":"Dexterity Potion"}],"is_trial":false,"path_per_floor":["?","?","T","?"],"character_chosen":"IRONCLAD","items_purchased":["Cleave","Armaments"],"campfire_rested":2,"item_purchase_floors":[7,20],"current_hp_per_floor":[80,80,74,67,67,67,67,25,25,49,55,45,30,37,63,42,87,79,76,76,60,53,0],"gold":87,"neow_bonus":"REMOVE_CARD","is_prod":false,"is_daily":false,"chose_seed":false,"campfire_upgraded":1,"win_rate":0.0,"timestamp":1548906324,"path_taken":["M","$","M","?","?","R","$","E","T","R","M","M","E","?","R","BOSS","M","M","$","?","M","E"],"build_version":"2019-01-23","purchased_purges":2,"victory":false,"max_hp_per_floor":[80,80,80,80,80,80,80,80,80,80,80,80,80,87,87,87,87,87,87,87,87,87,87],"card_choices":[{"not_picked":["Pommel Strike","Dual Wield"],"picked":"Twin Strike","floor":1},{"not_picked":["Flex","Inflame","Heavy Blade"],"picked":"SKIP","floor":3},{"not_picked":["Power Through","Body Slam","Headbutt"],"picked":"SKIP","floor":8},{"not_picked":["Perfected Strike","Second Wind"],"picked":"Iron Wave","floor":11},{"not_picked":["Flame Barrier","Dual Wield","Headbutt"],"picked":"SKIP","floor":12},{"not_picked":["Shrug It Off","Rupture"],"picked":"Fire Breathing","floor":13},{"not_picked":["Double Tap","Impervious"],"picked":"Juggernaut","floor":16},{"not_picked":["Perfected Strike","Clothesline","Ghostly Armor+1"],"picked":"SKIP","floor":18},{"not_picked":["Perfected Strike","Burning Pact","Spot Weakness"],"picked":"SKIP","floor":19},{"not_picked":["Dropkick","Thunderclap","Dual Wield"],"picked":"SKIP","floor":22}],"player_experience":53263,"relics_obtained":[{"floor":8,"key":"Tiny Chest"},{"floor":9,"key":"Charon\u0027s Ashes"},{"floor":13,"key":"War Paint"},{"floor":14,"key":"Strawberry"},{"floor":21,"key":"Necronomicon"}],"event_choices":[{"cards_removed":["Strike_R"],"damage_healed":0,"gold_gain":0,"player_choice":"Card Removal","damage_taken":7,"max_hp_gain":0,"max_hp_loss":0,"event_name":"Golden Wing","floor":4,"gold_loss":0},{"damage_healed":0,"gold_gain":0,"player_choice":"Ignored","damage_taken":0,"max_hp_gain":0,"max_hp_loss":0,"event_name":"Liars Game","floor":5,"gold_loss":0},{"damage_healed":0,"gold_gain":0,"player_choice":"Obtained Book","damage_taken":16,"max_hp_gain":0,"max_hp_loss":0,"event_name":"Cursed Tome","floor":21,"gold_loss":0}],"is_beta":false,"boss_relics":[{"not_picked":["Eternal Feather","White Beast Statue"],"picked":"Runic Pyramid"}],"items_purged_floors":[2,20],"is_endless":false,"potions_floor_spawned":[8,11,16],"killed_by":"Gremlin Leader","ascension_level":0}