{"gold_per_floor":[109,127,139,111,125,125,143,143,143,207,233,233,252,266,266,363,363,379,397,397,409,20,20,20],"floor_reached":24,"playtime":7060,"items_purged":[],"score":267,"play_id":"7bb5aaa7-e59a-4bc1-8f7c-2e95710d9917","local_time":"20190201143419","is_ascension_mode":true,"campfire_choices":[{"data":"Armaments","floor":6.0,"key":"SMITH"},{"data":"Armaments","floor":8.0,"key":"SMITH"},{"floor":15,"key":"REST"}],"neow_cost":"NONE","seed_source_timestamp":0,"circlet_count":0,"master_deck":["Strike_R","Strike_R","Strike_R","Strike_R","Strike_R","Defend_R","Defend_R","Defend_R","Defend_R","Bash","Armaments+1","Metallicize","Armaments+1","Anger","Headbutt","Fiend Fire","Entrench","Cleave","Dual Wield","Inflame","Shrug It Off","Juggernaut","Battle Trance+1","Corruption+1","Cleave","Feel No Pain","Blood for Blood"],"special_seed":0,"relics":["Black Blood","Dream Catcher","Mango","Strawberry","Meat on the Bone","Juzu Bracelet","Bottled Tornado","MutagenicStrength"],"potions_floor_usage":[13,14,16,24],"damage_taken":[{"damage":9.0,"enemies":"Jaw Worm","floor":1.0,"turns":5.0},{"damage":0.0,"enemies":"2 Louse","floor":2.0,"turns":3.0},{"damage":9.0,"enemies":"Small Slimes","floor":3.0,"turns":5.0},{"damage":12.0,"enemies":"Exordium Thugs","floor":4.0,"turns":5.0},{"damage":2.0,"enemies":"2 Fungi Beasts","floor":5.0,"turns":5.0},{"damage":4.0,"enemies":"Red Slaver","floor":7.0,"turns":5.0},{"damage":21.0,"enemies":"Gremlin Nob","floor":10.0,"turns":5.0},{"damage":14,"enemies":"3 Sentries","floor":11,"turns":9},{"damage":11,"enemies":"3 Louse","floor":13,"turns":3},{"damage":0,"enemies":"2 Fungi Beasts","floor":14,"turns":3},{"damage":32,"enemies":"Slime Boss","floor":16,"turns":12},{"damage":47,"enemies":"3 Byrds","floor":18,"turns":6},{"damage":26,"enemies":"Chosen","floor":19,"turns":6},{"damage":39,"enemies":"Snake Plant","floor":21,"turns":6},{"damage":53,"enemies":"Slavers","floor":24,"turns":2}],"seed_played":"-6615045245858477168","potions_obtained":[{"floor":5.0,"key":"GamblersBrew"},{"floor":7.0,"key":"Energy Potion"},{"floor":11,"key":"Block Potion"},{"floor":13,"key":"Fire Potion"},{"floor":14,"key":"Poison Potion"},{"floor":21,"key":"SteroidPotion"}],"is_trial":false,"path_per_floor":["M","M","M","M","M","R","M","R","T","?","E","?","M","M","R","B",null,"M","M","?","M","$","?","E"],"character_chosen":"IRONCLAD","items_purchased":["Bottled Tornado","Feel No Pain","Blood for Blood"],"campfire_rested":1,"item_purchase_floors":[22,22,22],"current_hp_per_floor":[85,88,85,79,83,83,85,85,85,84,83,65,72,78,109,83,109,72,68,68,51,51,51,0],"gold":20,"neow_bonus":"TEN_PERCENT_HP_BONUS","is_prod":false,"is_daily":false,"chose_seed":false,"campfire_upgraded":2,"win_rate":0,"timestamp":1549031659,"path_taken":["M","M","M","M","M","R","M","R","T","?","E","?","M","M","R","BOSS","M","M","?","M","$","?","E"],"build_version":"2019-01-23","purchased_purges":0,"victory":false,"max_hp_per_floor":[88,88,88,88,88,88,88,88,88,102,109,109,109,109,109,109,109,109,109,109,109,109,109,109],"card_choices":[{"not_picked":["Warcry","Clash"],"picked":"Armaments","floor":1.0},{"not_picked":["Sword Boomerang","Body Slam"],"picked":"Metallicize","floor":2.0},{"not_picked":["Heavy Blade","Rupture"],"picked":"Armaments","floor":3.0},{"not_picked":["Iron Wave","Battle Trance"],"picked":"Anger","floor":4.0},{"not_picked":["Sword Boomerang","Anger"],"picked":"Headbutt","floor":5.0},{"not_picked":["Shrug It Off","Pummel"],"picked":"Fiend Fire","floor":7.0},{"not_picked":["Thunderclap","Iron Wave"],"picked":"Entrench","floor":10},{"not_picked":["Shrug It Off","Reaper"],"picked":"Cleave","floor":11},{"not_picked":["Clash","Blood for Blood"],"picked":"Dual Wield","floor":13},{"not_picked":["Thunderclap","Battle Trance"],"picked":"Inflame","floor":14},{"not_picked":["Sword Boomerang","Thunderclap"],"picked":"Shrug It Off","floor":15},{"not_picked":["Brutality","Immolate"],"picked":"Juggernaut","floor":16},{"not_picked":["Flex","Clothesline"],"picked":"Battle Trance+1","floor":18},{"not_picked":["Clash+1","Heavy Blade+1"],"picked":"Corruption+1","floor":19},{"not_picked":["Flex","True Grit"],"picked":"Cleave","floor":21}],"player_experience":140961,"relics_obtained":[{"floor":9.0,"key":"Dream Catcher"},{"floor":10,"key":"Mango"},{"floor":11,"key":"Strawberry"}],"event_choices":[{"damage_healed":0.0,"max_hp_gain":0.0,"max_hp_loss":0.0,"gold_gain":0.0,"event_name":"Dead Adventurer","player_choice":"Searched \u00271\u0027 times","floor":10.0,"gold_loss":0.0,"damage_taken":0.0},{"damage_healed":0,"gold_gain":0,"player_choice":"Success","damage_taken":18,"relics_obtained":["Meat on the Bone"],"max_hp_gain":0,"max_hp_loss":0,"event_name":"Scrap Ooze","floor":12,"gold_loss":0},{"damage_healed":0,"gold_gain":0,"player_choice":"Opened","damage_taken":0,"relics_obtained":["Juzu Bracelet"],"max_hp_gain":0,"max_hp_loss":0,"event_name":"The Mausoleum","floor":20,"gold_loss":0},{"damage_healed":0,"gold_gain":0,"player_choice":"Inject Mutagens","damage_taken":0,"relics_obtained":["MutagenicStrength"],"max_hp_gain":0,"max_hp_loss":0,"event_name":"Drug Dealer","floor":23,"gold_loss":0}],"is_beta":false,"boss_relics":[{"not_picked":["Runic Cube","Empty Cage"],"picked":"Black Blood"}],"items_purged_floors":[],"is_endless":false,"potions_floor_spawned":[5,7,11,13,14,21],"killed_by":"Slavers","ascension_level":4}