{"gold_per_floor":[117,292,292,368,378,405,405,19,19,36,36,46,22,37,37,132,132,145,156,168,13,13,13,31,31,111,143,156,18,82,94,94,94],"floor_reached":33,"playtime":1152,"items_purged":["Doubt"],"score":292,"play_id":"53a1717d-b47d-4010-af47-fe8f51cd35d2","local_time":"20181121120304","is_ascension_mode":false,"campfire_choices":[{"data":"Shrug It Off","floor":7,"key":"SMITH"},{"data":"Wild Strike","floor":15,"key":"SMITH"},{"data":"True Grit","floor":23,"key":"SMITH"},{"data":"Perfected Strike","floor":32,"key":"SMITH"}],"neow_cost":"NONE","seed_source_timestamp":669922312087608,"circlet_count":0,"master_deck":["Strike_R","Strike_R","Strike_R","Strike_R","Defend_R","Defend_R","Defend_R","Defend_R","Bash","Shrug It Off+1","True Grit+1","Reaper","Wild Strike+1","Twin Strike","Wild Strike","Second Wind","Immolate","True Grit+1","Perfected Strike+1","Flex+1","Reckless Charge","Shrug It Off","Dual Wield","True Grit+1","Flame Barrier","Shrug It Off","Blind","Body Slam+1"],"relics":["Burning Blood","NeowsBlessing","Matryoshka","Pear","Happy Flower","Pen Nib","Red Skull","Meat on the Bone","Black Star","MutagenicStrength","Sundial","Regal Pillow","Red Mask","PreservedInsect","Tiny Chest"],"potions_floor_usage":[16,19,27,33],"damage_taken":[{"damage":0,"enemies":"Small Slimes","floor":1,"turns":1},{"damage":0,"enemies":"2 Louse","floor":5,"turns":1},{"damage":0,"enemies":"Lagavulin","floor":6,"turns":1},{"damage":2,"enemies":"Jaw Worm","floor":10,"turns":5},{"damage":5,"enemies":"Looter","floor":12,"turns":3},{"damage":24,"enemies":"Exordium Thugs","floor":14,"turns":4},{"damage":47,"enemies":"The Guardian","floor":16,"turns":15},{"damage":22,"enemies":"Shell Parasite","floor":18,"turns":6},{"damage":0,"enemies":"3 Byrds","floor":19,"turns":1},{"damage":56,"enemies":"3 Cultists","floor":20,"turns":6},{"damage":20,"enemies":"Shelled Parasite and Fungi","floor":24,"turns":3},{"damage":15,"enemies":"Masked Bandits","floor":27,"turns":4},{"damage":37,"enemies":"Centurion and Healer","floor":28,"turns":6},{"damage":20,"enemies":"Book of Stabbing","floor":30,"turns":5},{"damage":12,"enemies":"3 Cultists","floor":31,"turns":5},{"damage":86,"enemies":"Champ","floor":33,"turns":12}],"seed_played":"-1152149287317036822","potions_obtained":[{"floor":6,"key":"SmokeBomb"},{"floor":14,"key":"Weak Potion"},{"floor":16,"key":"Explosive Potion"},{"floor":24,"key":"AttackPotion"},{"floor":27,"key":"EssenceOfSteel"},{"floor":31,"key":"PowerPotion"}],"is_trial":false,"path_per_floor":["M","?","?","T","M","E","R","$","T","M","?","M","$","M","R","B",null,"M","M","M","$","?","R","M","?","T","?","M","$","E","M","R","B"],"character_chosen":"IRONCLAD","items_purchased":["Happy Flower","Pen Nib","Wild Strike","Reckless Charge","Shrug It Off","Dual Wield","Shrug It Off","Blind"],"campfire_rested":0,"item_purchase_floors":[8,8,13,21,21,21,29,29],"current_hp_per_floor":[80,80,80,80,80,90,90,90,90,90,90,90,90,82,82,57,90,74,80,52,52,52,52,50,50,50,62,43,43,48,84,84,0],"gold":94,"neow_bonus":"THREE_ENEMY_KILL","is_prod":false,"is_daily":false,"chose_seed":false,"campfire_upgraded":4,"win_rate":0,"timestamp":1542826984,"path_taken":["M","?","?","?","M","E","R","$","T","M","?","M","$","M","R","BOSS","M","M","M","$","?","R","M","?","T","?","M","?","E","?","R","BOSS"],"build_version":"2018-11-15","purchased_purges":1,"victory":false,"max_hp_per_floor":[80,80,80,80,80,90,90,90,90,90,90,90,90,90,90,90,90,90,90,90,90,90,90,90,90,90,90,90,90,90,90,90,90],"card_choices":[{"not_picked":["Clash","Sword Boomerang"],"picked":"Shrug It Off","floor":1},{"not_picked":["Reckless Charge","Clash"],"picked":"True Grit","floor":5},{"not_picked":["Flex","Shockwave"],"picked":"Reaper","floor":6},{"not_picked":["True Grit","Reckless Charge"],"picked":"Wild Strike","floor":10},{"not_picked":["Entrench","Sword Boomerang"],"picked":"Twin Strike","floor":12},{"not_picked":["Uppercut","Searing Blow"],"picked":"Second Wind","floor":14},{"not_picked":["Demon Form","Juggernaut"],"picked":"Immolate","floor":16},{"not_picked":["Dropkick","Headbutt"],"picked":"True Grit+1","floor":18},{"not_picked":["Sentinel","Iron Wave"],"picked":"Perfected Strike","floor":19},{"not_picked":["Cleave+1","Spot Weakness"],"picked":"Flex+1","floor":20},{"not_picked":["Havoc","Headbutt"],"picked":"True Grit+1","floor":24},{"not_picked":["Juggernaut","Metallicize"],"picked":"Flame Barrier","floor":28},{"not_picked":["Clothesline","Berserk","True Grit"],"picked":"SKIP","floor":30},{"not_picked":["Seeing Red","Hemokinesis"],"picked":"Body Slam+1","floor":31}],"player_experience":1122404,"relics_obtained":[{"floor":4,"key":"Matryoshka"},{"floor":6,"key":"Pear"},{"floor":9,"key":"Red Skull"},{"floor":9,"key":"Meat on the Bone"},{"floor":26,"key":"Regal Pillow"},{"floor":27,"key":"Red Mask"},{"floor":30,"key":"PreservedInsect"},{"floor":30,"key":"Tiny Chest"}],"event_choices":[{"damage_healed":0,"gold_gain":175,"player_choice":"AGREE","damage_taken":0,"max_hp_gain":0,"max_hp_loss":0,"event_name":"Liars Game","floor":2,"gold_loss":0,"cards_obtained":["Doubt"]},{"damage_healed":0,"gold_gain":0,"player_choice":"Ignored","damage_taken":0,"max_hp_gain":0,"max_hp_loss":0,"event_name":"Shining Light","floor":3,"gold_loss":0},{"cards_removed":["Strike_R"],"damage_healed":0,"gold_gain":0,"player_choice":"Purged","damage_taken":0,"max_hp_gain":0,"max_hp_loss":0,"event_name":"Purifier","floor":11,"gold_loss":0},{"damage_healed":0,"gold_gain":0,"player_choice":"Inject Mutagens","damage_taken":0,"relics_obtained":["MutagenicStrength"],"max_hp_gain":0,"max_hp_loss":0,"event_name":"Drug Dealer","floor":22,"gold_loss":0},{"damage_healed":0,"gold_gain":0,"player_choice":"Opened","damage_taken":0,"relics_obtained":["Sundial"],"max_hp_gain":0,"max_hp_loss":0,"event_name":"The Mausoleum","floor":25,"gold_loss":0},{"damage_healed":0,"gold_gain":0,"player_choice":"Fought Bandits","damage_taken":0,"max_hp_gain":0,"max_hp_loss":0,"event_name":"Masked Bandits","floor":27,"gold_loss":0}],"is_beta":false,"boss_relics":[{"not_picked":["Runic Dome","Calling Bell"],"picked":"Black Star"}],"items_purged_floors":[8],"is_endless":false,"potions_floor_spawned":[6,14,16,24,27,31],"killed_by":"Champ","ascension_level":0}