{"gold_per_floor":[118,118,33,51,66,66,101,125,125,140,165,97,97,22,22,150,150,166,81,107,134,146,196,13,13,13,36,55,55,78,93,93,214,214,227,227,560,560,32,59,59,74,74,74],"floor_reached":44,"playtime":1122,"items_purged":["Infernal Blade"],"score":485,"play_id":"5332cbba-76fc-4977-a79d-492b363e05e5","local_time":"20190124190150","is_ascension_mode":false,"campfire_choices":[{"data":"Clothesline","floor":6,"key":"SMITH"},{"data":"Iron Wave","floor":15,"key":"SMITH"},{"data":"Inflame","floor":29,"key":"SMITH"},{"floor":32,"key":"REST"},{"data":"Pommel Strike","floor":41,"key":"SMITH"}],"neow_cost":"NONE","seed_source_timestamp":1027223109850486,"circlet_count":0,"master_deck":["Strike_R+1","Strike_R+1","Strike_R+1","Strike_R+1","Strike_R+1","Defend_R+1","Defend_R+1","Defend_R+1","Defend_R+1","Bash+1","Clothesline+1","Iron Wave+1","Intimidate+1","Double Tap+1","Spot Weakness+1","Infernal Blade+1","Thunderclap","Corruption+1","Inflame+1","Pommel Strike+1","Whirlwind+1","Dual Wield+1","Impervious+1","Shockwave+1","Enlightenment+1","Violence+1","Panacea+1","Infernal Blade+1","Flame Barrier+1","Sword Boomerang+1"],"relics":["Black Blood","NeowsBlessing","War Paint","Toxic Egg 2","Lantern","Velvet Choker","MawBank","Omamori","ClockworkSouvenir","Sundial","Mango","Bronze Scales","Red Skull","Bird Faced Urn"],"potions_floor_usage":[8,16,33],"damage_taken":[{"damage":0,"enemies":"Small Slimes","floor":1,"turns":1},{"damage":0,"enemies":"2 Louse","floor":4,"turns":1},{"damage":0,"enemies":"Cultist","floor":5,"turns":1},{"damage":32,"enemies":"Gremlin Nob","floor":7,"turns":4},{"damage":26,"enemies":"Gremlin Gang","floor":8,"turns":5},{"damage":4,"enemies":"Blue Slaver","floor":10,"turns":3},{"damage":5,"enemies":"Looter","floor":11,"turns":4},{"damage":12,"enemies":"Hexaghost","floor":16,"turns":7},{"damage":6,"enemies":"Chosen","floor":18,"turns":3},{"damage":6,"enemies":"3 Byrds","floor":20,"turns":5},{"damage":17,"enemies":"Centurion and Healer","floor":21,"turns":5},{"damage":27,"enemies":"Book of Stabbing","floor":23,"turns":5},{"damage":8,"enemies":"Snecko","floor":27,"turns":4},{"damage":13,"enemies":"Cultist and Chosen","floor":28,"turns":4},{"damage":12,"enemies":"3 Cultists","floor":30,"turns":3},{"damage":9,"enemies":"Centurion and Healer","floor":31,"turns":5},{"damage":52,"enemies":"Automaton","floor":33,"turns":7},{"damage":8,"enemies":"3 Darklings","floor":35,"turns":4},{"damage":23,"enemies":"Nemesis","floor":40,"turns":7},{"damage":11,"enemies":"Orb Walker","floor":42,"turns":4},{"damage":0,"enemies":"Spire Growth","floor":44,"turns":1}],"seed_played":"-4283550618718920194","potions_obtained":[{"floor":7,"key":"BloodPotion"},{"floor":10,"key":"SkillPotion"},{"floor":11,"key":"Strength Potion"},{"floor":21,"key":"Strength Potion"},{"floor":28,"key":"Poison Potion"},{"floor":31,"key":"Block Potion"},{"floor":33,"key":"Explosive Potion"}],"is_trial":false,"path_per_floor":["M","?","?","M","M","R","E","M","T","M","M","$","?","$","R","B",null,"M","?","M","M","?","E","$","?","T","M","M","R","M","M","R","B",null,"M","?","?","?","$","E","R","M","T","M"],"character_chosen":"IRONCLAD","items_purchased":["Infernal Blade+1","ClockworkSouvenir","Mango","Bronze Scales","Infernal Blade+1"],"campfire_rested":1,"item_purchase_floors":[12,24,39,39,39],"current_hp_per_floor":[80,60,60,66,72,72,46,34,34,36,37,37,21,21,21,15,80,80,80,80,69,69,48,48,48,48,46,39,39,33,30,54,8,80,80,70,70,70,84,71,71,70,70,70],"gold":74,"neow_bonus":"THREE_ENEMY_KILL","is_prod":false,"is_daily":false,"chose_seed":false,"campfire_upgraded":4,"win_rate":0,"timestamp":1548385310,"path_taken":["M","?","?","M","?","R","E","M","T","?","M","$","?","$","R","BOSS","M","?","M","M","?","E","$","?","T","M","M","R","M","M","R","BOSS","M","?","?","?","$","E","R","M","T","M"],"build_version":"2019-01-23","purchased_purges":1,"victory":false,"max_hp_per_floor":[80,80,80,80,80,80,80,80,80,80,80,80,80,80,80,80,80,80,80,80,80,80,80,80,80,80,80,80,80,80,80,80,80,80,80,80,80,80,94,94,94,94,94,94],"card_choices":[{"not_picked":["Wild Strike","Twin Strike","Warcry"],"picked":"SKIP","floor":1},{"not_picked":["Rupture","Iron Wave"],"picked":"Infernal Blade","floor":4},{"not_picked":["Armaments","Carnage"],"picked":"Clothesline","floor":5},{"not_picked":["Body Slam","Pummel"],"picked":"Iron Wave","floor":7},{"not_picked":["Clothesline","Bloodletting+1"],"picked":"Intimidate+1","floor":8},{"not_picked":["Body Slam","Headbutt"],"picked":"Double Tap+1","floor":10},{"not_picked":["Sentinel+1","Havoc+1"],"picked":"Spot Weakness+1","floor":11},{"not_picked":["Double Tap+1","Dark Embrace"],"picked":"Offering+1","floor":16},{"not_picked":["Iron Wave","Second Wind+1"],"picked":"Thunderclap","floor":18},{"not_picked":["Armaments+1","Warcry+1"],"picked":"Corruption+1","floor":20},{"not_picked":["Intimidate+1","Carnage"],"picked":"Inflame","floor":21},{"not_picked":["Carnage","Warcry+1"],"picked":"Pommel Strike","floor":23},{"not_picked":["Wild Strike+1","Metallicize"],"picked":"Whirlwind+1","floor":27},{"not_picked":["Twin Strike","Warcry+1","Heavy Blade+1"],"picked":"SKIP","floor":28},{"not_picked":["Warcry+1","Flex+1","Feel No Pain"],"picked":"SKIP","floor":30},{"not_picked":["Warcry+1","Thunderclap+1"],"picked":"Dual Wield+1","floor":31},{"not_picked":["Immolate","Dark Embrace"],"picked":"Impervious+1","floor":33},{"not_picked":["Hemokinesis+1","Wild Strike"],"picked":"Shockwave+1","floor":35},{"not_picked":["Sadistic Nature","Dark Shackles+1"],"picked":"Enlightenment+1","floor":36},{"not_picked":["Mayhem","Flash of Steel"],"picked":"Violence+1","floor":36},{"not_picked":["Secret Technique+1","Jack Of All Trades+1"],"picked":"Panacea+1","floor":36},{"not_picked":["Warcry+1","Shrug It Off+1"],"picked":"Flame Barrier+1","floor":40},{"not_picked":["Twin Strike","Anger"],"picked":"Sword Boomerang+1","floor":42}],"player_experience":299135,"relics_obtained":[{"floor":7,"key":"Toxic Egg 2"},{"floor":9,"key":"Lantern"},{"floor":23,"key":"Omamori"},{"floor":26,"key":"Sundial"},{"floor":40,"key":"Red Skull"},{"floor":43,"key":"Bird Faced Urn"}],"event_choices":[{"damage_healed":0,"gold_gain":0,"player_choice":"Take Damage","damage_taken":20,"relics_obtained":["Golden Idol"],"max_hp_gain":0,"max_hp_loss":0,"event_name":"Golden Idol","floor":2,"gold_loss":0},{"damage_healed":0,"gold_gain":0,"player_choice":"Paid Gold","damage_taken":0,"relics_obtained":["War Paint"],"max_hp_gain":0,"max_hp_loss":0,"event_name":"WeMeetAgain","floor":3,"gold_loss":85},{"damage_healed":0,"gold_gain":0,"player_choice":"Entered Light","damage_taken":16,"max_hp_gain":0,"max_hp_loss":0,"event_name":"Shining Light","floor":13,"gold_loss":0,"cards_upgraded":["Strike_R","Bash"]},{"damage_healed":0,"gold_gain":0,"player_choice":"Obtained Relic","damage_taken":0,"relics_obtained":["MawBank"],"max_hp_gain":0,"max_hp_loss":0,"event_name":"Addict","floor":19,"gold_loss":85},{"damage_healed":0,"gold_gain":0,"player_choice":"Simplicity","damage_taken":0,"max_hp_gain":0,"max_hp_loss":0,"event_name":"Back to Basics","floor":22,"gold_loss":0,"cards_upgraded":["Strike_R","Strike_R","Strike_R","Strike_R","Defend_R","Defend_R"]},{"cards_removed":["Offering"],"damage_healed":0,"gold_gain":0,"player_choice":"Card Removal","damage_taken":0,"max_hp_gain":0,"max_hp_loss":0,"event_name":"Wheel of Change","floor":25,"gold_loss":0},{"damage_healed":0,"gold_gain":0,"player_choice":"Memory 3","damage_taken":10,"max_hp_gain":0,"max_hp_loss":0,"event_name":"SensoryStone","floor":36,"gold_loss":0},{"damage_healed":0,"gold_gain":333,"player_choice":"Gave Idol","damage_taken":0,"max_hp_gain":0,"max_hp_loss":0,"event_name":"The Moai Head","floor":37,"relics_lost":["Golden Idol"],"gold_loss":0},{"damage_healed":0,"gold_gain":0,"player_choice":"Ignored","damage_taken":0,"max_hp_gain":0,"max_hp_loss":0,"event_name":"Mysterious Sphere","floor":38,"gold_loss":0}],"is_beta":false,"boss_relics":[{"not_picked":["Philosopher\u0027s Stone","Lizard Tail"],"picked":"Velvet Choker"},{"not_picked":["Pandora\u0027s Box","White Beast Statue"],"picked":"Black Blood"}],"items_purged_floors":[14],"is_endless":false,"potions_floor_spawned":[7,10,11,21,28,30,31,33,35],"killed_by":"Spire Growth","ascension_level":0}