{"gold_per_floor":[113,127,142,161,181,216,216,247,272,285,37,37,37,57,57,57],"floor_reached":16,"playtime":1014,"items_purged":[],"score":120,"play_id":"0f7446a0-8ffc-4761-b307-5752218d9299","local_time":"20180816104521","is_ascension_mode":true,"campfire_choices":[{"data":"Neutralize","floor":7,"key":"SMITH"},{"floor":15,"key":"REST"}],"neow_cost":"NONE","seed_source_timestamp":507408554795959,"circlet_count":0,"master_deck":["Defend_G","Defend_G","Defend_G","Defend_G","Defend_G","Strike_G","Strike_G","Strike_G","Strike_G","Strike_G","Survivor","Neutralize+1","Sucker Punch","Acrobatics","PiercingWail","Caltrops","Dagger Throw","Leg Sweep","Crippling Poison","Bane","Sucker Punch","PiercingWail"],"relics":["Philosopher\u0027s Stone","Oddly Smooth Stone","Darkstone Periapt","Anchor","Sling","Happy Flower"],"potions_floor_usage":[8,8,14,16],"damage_taken":[{"damage":0,"enemies":"2 Louse","floor":1,"turns":3},{"damage":0,"enemies":"Cultist","floor":2,"turns":4},{"damage":1,"enemies":"Jaw Worm","floor":3,"turns":4},{"damage":5,"enemies":"Exordium Wildlife","floor":4,"turns":6},{"damage":1,"enemies":"Red Slaver","floor":5,"turns":4},{"damage":23,"enemies":"Gremlin Nob","floor":6,"turns":5},{"damage":22,"enemies":"3 Sentries","floor":8,"turns":8},{"damage":10,"enemies":"Gremlin Gang","floor":10,"turns":6},{"damage":0,"enemies":"Exordium Wildlife","floor":14,"turns":4},{"damage":47,"enemies":"Slime Boss","floor":16,"turns":12}],"seed_played":"-4220665787774081624","potions_obtained":[{"floor":4,"key":"Regen Potion"},{"floor":6,"key":"Explosive Potion"},{"floor":8,"key":"Block Potion"},{"floor":10,"key":"LiquidBronze"}],"is_trial":false,"path_per_floor":["M","M","M","M","M","E","R","E","T","M","$","?","?","M","R"],"character_chosen":"THE_SILENT","items_purchased":["Sucker Punch","Sling"],"campfire_rested":1,"item_purchase_floors":[11,11],"current_hp_per_floor":[70,70,69,64,63,40,40,33,33,23,23,23,23,23,44,0],"gold":57,"neow_bonus":"BOSS_RELIC","is_prod":false,"is_daily":false,"chose_seed":false,"campfire_upgraded":1,"win_rate":0,"timestamp":1534437921,"path_taken":["M","M","M","M","M","E","R","E","T","M","$","?","?","M","R","BOSS"],"build_version":"2018-08-09","purchased_purges":0,"victory":false,"max_hp_per_floor":[70,70,70,70,70,70,70,70,70,70,70,70,70,70,70,70],"card_choices":[{"not_picked":["Acrobatics","Bane"],"picked":"Sucker Punch","floor":1},{"not_picked":["Deflect","Well Laid Plans"],"picked":"Acrobatics","floor":2},{"not_picked":["Bouncing Flask","Deflect"],"picked":"PiercingWail","floor":3},{"not_picked":["Prepared","Finisher"],"picked":"Caltrops","floor":4},{"not_picked":["After Image","Dagger Spray"],"picked":"Dagger Throw","floor":5},{"not_picked":["Poisoned Stab","Deadly Poison"],"picked":"Leg Sweep","floor":6},{"not_picked":["Cloak And Dagger","Skewer"],"picked":"Crippling Poison","floor":8},{"not_picked":["Riddle With Holes","Acrobatics"],"picked":"Bane","floor":10},{"not_picked":["Deflect","Quick Slash"],"picked":"PiercingWail","floor":14}],"player_experience":220074,"relics_obtained":[{"floor":6,"key":"Oddly Smooth Stone"},{"floor":8,"key":"Darkstone Periapt"},{"floor":9,"key":"Anchor"}],"event_choices":[{"event_name":"Wheel of Change","player_choice":"Relic","floor":12,"damage_taken":0},{"event_name":"Shining Light","player_choice":"Ignored","floor":13,"damage_taken":0}],"is_beta":false,"boss_relics":[],"items_purged_floors":[],"is_endless":false,"potions_floor_spawned":[4,6,8,10],"killed_by":"Slime Boss","ascension_level":1}