{"gold_per_floor":[112,112,112,131,148,177,177,177,177,203,203,203,68,78,78,176,176,188,188,222,3,3,32,32,46,46,71,84,102,130,147,147,147],"floor_reached":33,"playtime":2540,"items_purged":["Strike_B","Defend_B"],"score":385,"play_id":"d6f83f88-bb40-409c-80e7-424aa743e7d4","local_time":"20190204150630","is_ascension_mode":true,"campfire_choices":[{"data":"White Noise","floor":7,"key":"SMITH"},{"floor":11,"key":"REST"},{"data":"Static Discharge","floor":15,"key":"SMITH"},{"data":"Lockon","floor":24,"key":"SMITH"},{"floor":32,"key":"REST"}],"neow_cost":"NONE","seed_source_timestamp":575347538120492,"circlet_count":0,"master_deck":["Strike_B+1","Defend_B","Defend_B","Defend_B","Zap+1","Dualcast","Static Discharge+1","Beam Cell","White Noise+1","Compile Driver","Flash of Steel","Rebound","All For One","Go for the Eyes","Ghostly","Ghostly","Ghostly","Ghostly","Ghostly","Sweeping Beam+1","The Bomb","Lockon+1","Go for the Eyes+1","Ball Lightning+1","Gash+1","Static Discharge"],"relics":["Cracked Core","NeowsBlessing","Gremlin Horn","The Courier","FossilizedHelix","Inserter","Red Mask","Oddly Smooth Stone","Bottled Tornado","Molten Egg 2","Mummified Hand"],"potions_floor_usage":[31,33],"damage_taken":[{"damage":0,"enemies":"Small Slimes","floor":1,"turns":1},{"damage":0,"enemies":"Jaw Worm","floor":4,"turns":1},{"damage":0,"enemies":"2 Louse","floor":5,"turns":1},{"damage":10,"enemies":"Gremlin Nob","floor":6,"turns":4},{"damage":35,"enemies":"3 Sentries","floor":10,"turns":8},{"damage":3,"enemies":"Blue Slaver","floor":14,"turns":3},{"damage":12,"enemies":"Slime Boss","floor":16,"turns":6},{"damage":10,"enemies":"Chosen","floor":18,"turns":4},{"damage":2,"enemies":"Masked Bandits","floor":20,"turns":4},{"damage":4,"enemies":"Gremlin Leader","floor":23,"turns":5},{"damage":3,"enemies":"Spheric Guardian","floor":25,"turns":4},{"damage":5,"enemies":"Slavers","floor":27,"turns":4},{"damage":9,"enemies":"Centurion and Healer","floor":28,"turns":9},{"damage":5,"enemies":"Snake Plant","floor":29,"turns":3},{"damage":5,"enemies":"Gremlin Leader","floor":30,"turns":6},{"damage":0,"enemies":"Snecko","floor":31,"turns":4},{"damage":15,"enemies":"Automaton","floor":33,"turns":2}],"seed_played":"-7628346621071746433","potions_obtained":[{"floor":1,"key":"Energy Potion"},{"floor":14,"key":"Dexterity Potion"},{"floor":20,"key":"AttackPotion"}],"is_trial":false,"path_per_floor":["?","?","?","?","?","?","?"],"character_chosen":"DEFECT","items_purchased":["Flash of Steel","The Bomb"],"campfire_rested":2,"item_purchase_floors":[13,21],"current_hp_per_floor":[75,68,53,53,53,43,43,43,43,8,30,55,55,52,52,40,75,65,37,35,35,35,31,31,28,28,23,14,9,4,4,15,0],"gold":147,"neow_bonus":"THREE_ENEMY_KILL","is_prod":false,"is_daily":false,"chose_seed":false,"campfire_upgraded":3,"win_rate":0,"timestamp":1549310790,"path_taken":["M","?","?","M","M","E","R","?","T","E","R","?","$","M","R","BOSS","M","?","?","$","?","E","R","M","T","E","M","M","E","M","R","BOSS"],"build_version":"2019-01-23","purchased_purges":2,"victory":false,"max_hp_per_floor":[75,75,75,75,75,75,75,75,75,75,75,75,75,75,75,75,75,75,37,37,37,37,37,37,37,37,37,37,37,37,37,37,37],"card_choices":[{"not_picked":["Coolheaded","Conserve Battery"],"picked":"Static Discharge","floor":1},{"not_picked":["Steam","Hologram"],"picked":"Beam Cell","floor":4},{"not_picked":["Beam Cell","Recycle"],"picked":"White Noise","floor":5},{"not_picked":["Turbo","Hologram","Reboot"],"picked":"SKIP","floor":6},{"not_picked":["Hologram","Echo Form"],"picked":"Compile Driver","floor":10},{"not_picked":["Auto Shields","Reinforced Body"],"picked":"Rebound","floor":14},{"not_picked":["Machine Learning","Seek"],"picked":"All For One","floor":16},{"not_picked":["Stack","Rebound"],"picked":"Go for the Eyes","floor":18},{"not_picked":["Melter","Hologram"],"picked":"Sweeping Beam+1","floor":20},{"not_picked":["Stack","Undo"],"picked":"Lockon","floor":23},{"not_picked":["Fission","Streamline","Darkness"],"picked":"SKIP","floor":25},{"not_picked":["Redo","All For One"],"picked":"Go for the Eyes+1","floor":27},{"not_picked":["Undo","Stack+1","Rip and Tear+1"],"picked":"SKIP","floor":28},{"not_picked":["Skim","Leap"],"picked":"Ball Lightning+1","floor":29},{"not_picked":["Compile Driver+1","Streamline+1"],"picked":"Gash+1","floor":30},{"not_picked":["Machine Learning","Stack"],"picked":"Static Discharge","floor":31}],"player_experience":223380,"relics_obtained":[{"floor":6,"key":"Gremlin Horn"},{"floor":9,"key":"The Courier"},{"floor":10,"key":"FossilizedHelix"},{"floor":20,"key":"Red Mask"},{"floor":23,"key":"Oddly Smooth Stone"},{"floor":26,"key":"Bottled Tornado"},{"floor":27,"key":"Molten Egg 2"},{"floor":30,"key":"Mummified Hand"}],"event_choices":[{"cards_removed":["Strike_B"],"damage_healed":0,"gold_gain":0,"player_choice":"Card Removal","damage_taken":7,"max_hp_gain":0,"max_hp_loss":0,"event_name":"Golden Wing","floor":2,"gold_loss":0},{"damage_healed":0,"gold_gain":0,"player_choice":"Entered Light","damage_taken":15,"max_hp_gain":0,"max_hp_loss":0,"event_name":"Shining Light","floor":3,"gold_loss":0,"cards_upgraded":["Strike_B","Zap"]},{"cards_removed":["Strike_B"],"damage_healed":0,"gold_gain":0,"player_choice":"Forget","damage_taken":0,"max_hp_gain":0,"max_hp_loss":0,"event_name":"Living Wall","floor":8,"gold_loss":0},{"damage_healed":25,"gold_gain":0,"player_choice":"Banana","damage_taken":0,"max_hp_gain":0,"max_hp_loss":0,"event_name":"Big Fish","floor":12,"gold_loss":0},{"damage_healed":0,"gold_gain":0,"player_choice":"Became a Ghost","damage_taken":0,"max_hp_gain":0,"max_hp_loss":38,"event_name":"Ghosts","floor":19,"gold_loss":0,"cards_obtained":["Ghostly","Ghostly","Ghostly","Ghostly","Ghostly"]},{"damage_healed":0,"gold_gain":0,"player_choice":"Fought Bandits","damage_taken":0,"max_hp_gain":0,"max_hp_loss":0,"event_name":"Masked Bandits","floor":20,"gold_loss":0},{"damage_healed":0,"gold_gain":0,"player_choice":"Ignored","damage_taken":0,"max_hp_gain":0,"max_hp_loss":0,"event_name":"Beggar","floor":22,"gold_loss":0}],"is_beta":false,"boss_relics":[{"not_picked":["White Beast Statue","Pandora\u0027s Box"],"picked":"Inserter"}],"items_purged_floors":[13,21],"is_endless":false,"potions_floor_spawned":[1,14,20,27,29,30],"killed_by":"Automaton","ascension_level":3}