{"gold_per_floor":[109,109,129,183,199,226,240,240,240,240,255,275,304,5,5,104,104,119,137,137,149,165,165,80,80,107,47,47,58,73,86,86,86],"floor_reached":33,"playtime":1172,"items_purged":["Strike_B"],"score":365,"play_id":"265a8159-8763-412b-bc07-bb28cf1ebffe","local_time":"20190102082648","is_ascension_mode":true,"campfire_choices":[{"floor":10,"key":"REST"},{"data":"Sunder","floor":15,"key":"SMITH"},{"data":"Beam Cell","floor":23,"key":"SMITH"},{"data":"Defragment","floor":28,"key":"SMITH"},{"floor":32,"key":"REST"}],"neow_cost":"NONE","seed_source_timestamp":133557176770794,"circlet_count":0,"master_deck":["Strike_B","Strike_B+1","Strike_B+1","Defend_B","Defend_B","Defend_B","Defend_B","Zap","Dualcast","FTL","Sunder+1","Beam Cell+1","Glacier","Turbo","Biased Cognition","Sweeping Beam","Self Repair","Trip","Melter","Electrodynamics","Leap+1","Defragment+1","Gash","Reprogram","Conserve Battery","Consume"],"relics":["Cracked Core","NeowsBlessing","Bird Faced Urn","Gremlin Horn","Tiny Chest","Runic Pyramid","The Courier","Nloth\u0027s Gift","Oddly Smooth Stone"],"potions_floor_usage":[6,13,13,29,30,33],"damage_taken":[{"damage":0,"enemies":"Jaw Worm","floor":1,"turns":1},{"damage":0,"enemies":"2 Louse","floor":3,"turns":1},{"damage":0,"enemies":"Small Slimes","floor":5,"turns":1},{"damage":25,"enemies":"Lagavulin","floor":6,"turns":5},{"damage":0,"enemies":"Looter","floor":7,"turns":2},{"damage":0,"enemies":"Lots of Slimes","floor":11,"turns":2},{"damage":0,"enemies":"Large Slime","floor":12,"turns":4},{"damage":12,"enemies":"Gremlin Nob","floor":13,"turns":3},{"damage":30,"enemies":"Slime Boss","floor":16,"turns":10},{"damage":12,"enemies":"Chosen","floor":18,"turns":4},{"damage":7,"enemies":"3 Byrds","floor":19,"turns":2},{"damage":2,"enemies":"Centurion and Healer","floor":21,"turns":5},{"damage":38,"enemies":"Snake Plant","floor":22,"turns":3},{"damage":31,"enemies":"Shelled Parasite and Fungi","floor":29,"turns":5},{"damage":10,"enemies":"Centurion and Healer","floor":30,"turns":4},{"damage":18,"enemies":"3 Cultists","floor":31,"turns":4},{"damage":67,"enemies":"Automaton","floor":33,"turns":12}],"seed_played":"2361310783850679098","potions_obtained":[{"floor":3,"key":"Swift Potion"},{"floor":5,"key":"Regen Potion"},{"floor":7,"key":"LiquidBronze"},{"floor":12,"key":"SkillPotion"},{"floor":21,"key":"Explosive Potion"},{"floor":22,"key":"LiquidBronze"}],"is_trial":false,"path_per_floor":["M","?","M","?","M","E","M","?","T","R","M","M","E","$","R","B",null,"M","M","?","M","M","R","?","?","T","$","R","M","M","M","R","B"],"character_chosen":"DEFECT","items_purchased":["Trip","Tiny Chest","Melter","AttackPotion"],"campfire_rested":2,"item_purchase_floors":[14,14,14,14],"current_hp_per_floor":[68,53,53,53,53,28,28,28,28,50,50,52,59,59,59,40,74,75,70,70,81,45,45,45,45,45,45,45,27,28,25,50,0],"gold":86,"neow_bonus":"THREE_ENEMY_KILL","is_prod":false,"is_daily":false,"chose_seed":false,"campfire_upgraded":3,"win_rate":0,"timestamp":1546435608,"path_taken":["M","?","M","?","?","E","M","?","T","R","M","M","E","$","R","BOSS","M","M","?","M","M","R","?","?","T","$","R","M","M","?","R","BOSS"],"build_version":"2019-01-01v2","purchased_purges":1,"victory":false,"max_hp_per_floor":[75,75,75,75,75,75,75,75,75,75,75,75,85,85,85,85,85,85,85,85,85,85,85,85,85,85,85,85,85,85,85,85,85],"card_choices":[{"not_picked":["Cold Snap","Rebound"],"picked":"FTL","floor":1},{"not_picked":["Double Energy","Conserve Battery"],"picked":"Sunder","floor":3},{"not_picked":["Conserve Battery","Turbo"],"picked":"Beam Cell","floor":5},{"not_picked":["Hyperbeam","Coolheaded"],"picked":"Glacier","floor":6},{"not_picked":["Reinforced Body","Storm"],"picked":"Turbo","floor":7},{"not_picked":["Barrage","Ball Lightning"],"picked":"Biased Cognition","floor":11},{"not_picked":["Beam Cell","Defragment"],"picked":"Sweeping Beam","floor":12},{"not_picked":["Ball Lightning","Compile Driver"],"picked":"Self Repair","floor":13},{"not_picked":["Machine Learning","Buffer"],"picked":"Electrodynamics","floor":16},{"not_picked":["Cold Snap","Rip and Tear+1"],"picked":"Leap+1","floor":18},{"not_picked":["Cold Snap","Chaos"],"picked":"Defragment","floor":19},{"not_picked":["Cold Snap","Consume+1"],"picked":"Gash","floor":21},{"not_picked":["Ball Lightning","Coolheaded"],"picked":"Reprogram","floor":22},{"not_picked":["Barrage","Turbo"],"picked":"Conserve Battery","floor":29},{"not_picked":["Self Repair","Core Surge","BootSequence+1"],"picked":"SKIP","floor":30},{"not_picked":["Barrage","Doom and Gloom"],"picked":"Consume","floor":31}],"player_experience":494217,"relics_obtained":[{"floor":6,"key":"Bird Faced Urn"},{"floor":9,"key":"Gremlin Horn"},{"floor":13,"key":"Pear"},{"floor":26,"key":"Oddly Smooth Stone"}],"event_choices":[{"damage_healed":0,"gold_gain":0,"player_choice":"Entered Light","damage_taken":15,"max_hp_gain":0,"max_hp_loss":0,"event_name":"Shining Light","floor":2,"gold_loss":0,"cards_upgraded":["Strike_B","Strike_B"]},{"damage_healed":0,"gold_gain":54,"player_choice":"Gained Gold","damage_taken":0,"max_hp_gain":0,"max_hp_loss":0,"event_name":"Golden Wing","floor":4,"gold_loss":0},{"damage_healed":0,"gold_gain":0,"player_choice":"Ignored","damage_taken":0,"max_hp_gain":0,"max_hp_loss":0,"event_name":"Golden Idol","floor":8,"gold_loss":0},{"damage_healed":0,"gold_gain":0,"player_choice":"Ignored","damage_taken":0,"max_hp_gain":0,"max_hp_loss":0,"event_name":"Ghosts","floor":20,"gold_loss":0},{"damage_healed":0,"gold_gain":0,"player_choice":"Obtained Relic","damage_taken":0,"relics_obtained":["The Courier"],"max_hp_gain":0,"max_hp_loss":0,"event_name":"Addict","floor":24,"gold_loss":85},{"damage_healed":0,"gold_gain":0,"player_choice":"Traded Relic","damage_taken":0,"relics_obtained":["Nloth\u0027s Gift"],"max_hp_gain":0,"max_hp_loss":0,"event_name":"N\u0027loth","floor":25,"relics_lost":["Pear"],"gold_loss":0}],"is_beta":true,"boss_relics":[{"not_picked":["Eternal Feather","Ectoplasm"],"picked":"Runic Pyramid"}],"items_purged_floors":[27],"is_endless":false,"potions_floor_spawned":[3,5,7,12,21,22],"killed_by":"Automaton","ascension_level":8}