{"gold_per_floor":[19,19,34,44,64,97,97,432,432,432,432,452,496,520,520,643,643,656,656,674,692,6,34,34,34,34,54,54,54,54,82,82,82],"floor_reached":33,"playtime":1798,"items_purged":[],"score":345,"play_id":"c13b3dac-5bf8-4143-9012-a956d88234a4","local_time":"20180820130023","is_ascension_mode":true,"campfire_choices":[{"data":"Power Through","floor":11,"key":"SMITH"},{"data":"Infernal Blade","floor":15,"key":"SMITH"},{"data":"Armaments","floor":24,"key":"SMITH"},{"floor":30,"key":"REST"},{"floor":32,"key":"REST"}],"neow_cost":"NO_GOLD","seed_source_timestamp":300010452173586,"circlet_count":0,"master_deck":["Strike_R","Strike_R","Strike_R","Defend_R","Defend_R","Defend_R","Bash","Power Through+1","Metallicize","Uppercut","Impervious","Thunderclap","Wild Strike","Rampage","Pommel Strike","Infernal Blade+1","Uppercut","Iron Wave","Metallicize","Clothesline","Bludgeon","Flex","Sword Boomerang","Perfected Strike","Armaments","Bludgeon","Seeing Red+1","Cleave","Flex","Armaments+1","Immolate","Good Instincts","Thunderclap","Demon Form","Feed"],"relics":["Burning Blood","Lantern","Bloody Idol","Old Coin","Du-Vu Doll","Gambling Chip","Orrery","Bag of Marbles","Self Forming Clay","Centennial Puzzle","Juzu Bracelet","Omamori","Enchiridion","Bottled Lightning"],"potions_floor_usage":[6,6,12,13,16,23,33],"damage_taken":[{"damage":0,"enemies":"2 Louse","floor":1,"turns":4},{"damage":1,"enemies":"Cultist","floor":3,"turns":3},{"damage":0,"enemies":"Small Slimes","floor":4,"turns":3},{"damage":3,"enemies":"3 Louse","floor":5,"turns":4},{"damage":9,"enemies":"Gremlin Nob","floor":6,"turns":5},{"damage":8,"enemies":"3 Sentries","floor":8,"turns":9},{"damage":9,"enemies":"Large Slime","floor":12,"turns":5},{"damage":20,"enemies":"Lagavulin","floor":13,"turns":6},{"damage":1,"enemies":"2 Fungi Beasts","floor":14,"turns":2},{"damage":17,"enemies":"The Guardian","floor":16,"turns":15},{"damage":2,"enemies":"3 Byrds","floor":18,"turns":5},{"damage":10,"enemies":"Spheric Guardian","floor":20,"turns":4},{"damage":30,"enemies":"3 Cultists","floor":21,"turns":6},{"damage":13,"enemies":"Gremlin Leader","floor":23,"turns":5},{"damage":17,"enemies":"Centurion and Healer","floor":27,"turns":7},{"damage":32,"enemies":"Slavers","floor":31,"turns":5},{"damage":59,"enemies":"Champ","floor":33,"turns":10}],"seed_played":"-3631190100371537242","potions_obtained":[{"floor":3,"key":"EntropicBrew"},{"floor":4,"key":"Weak Potion"},{"floor":6,"key":"FearPotion"},{"floor":8,"key":"SkillPotion"},{"floor":13,"key":"AttackPotion"},{"floor":18,"key":"SkillPotion"},{"floor":31,"key":"Swift Potion"}],"is_trial":false,"path_per_floor":["M","?","M","M","M","E","?","E","T","?","R","M","E","M","R","B",null,"M","?","M","M","$","E","R","?","T","M","?","?","R","E","R"],"character_chosen":"IRONCLAD","items_purchased":["Armaments","Immolate","Bag of Marbles","Good Instincts","Self Forming Clay"],"campfire_rested":2,"item_purchase_floors":[22,22,22,22,22],"current_hp_per_floor":[80,80,80,80,80,77,74,72,72,72,72,69,55,60,60,49,74,74,74,74,59,59,57,57,57,57,51,35,35,57,36,58,0],"gold":82,"neow_bonus":"TRANSFORM_TWO_CARDS","is_prod":false,"is_daily":false,"chose_seed":false,"campfire_upgraded":3,"win_rate":0,"timestamp":1534791623,"path_taken":["M","?","M","M","M","E","?","E","T","?","R","?","E","M","R","BOSS","M","?","M","M","$","E","R","?","T","M","?","?","R","E","R","BOSS"],"build_version":"2018-08-16","purchased_purges":0,"victory":false,"max_hp_per_floor":[80,80,80,80,80,80,74,74,74,74,74,74,74,74,74,74,74,74,74,74,74,74,74,74,74,74,74,74,74,74,74,74,74],"card_choices":[{"not_picked":["Warcry","Armaments"],"picked":"Uppercut","floor":1},{"not_picked":["Second Wind","Entrench"],"picked":"Thunderclap","floor":3},{"not_picked":["Burning Pact","Sentinel"],"picked":"Wild Strike","floor":4},{"not_picked":["Wild Strike","Twin Strike"],"picked":"Rampage","floor":5},{"not_picked":["Clash","Second Wind"],"picked":"Pommel Strike","floor":6},{"not_picked":["Sever Soul","Flex"],"picked":"Infernal Blade","floor":8},{"not_picked":["Twin Strike","Clash"],"picked":"Iron Wave","floor":12},{"not_picked":["Body Slam","Exhume"],"picked":"Metallicize","floor":13},{"not_picked":["True Grit","Body Slam"],"picked":"Clothesline","floor":14},{"not_picked":["Limit Break","Juggernaut"],"picked":"Bludgeon","floor":16},{"not_picked":["Reckless Charge","True Grit"],"picked":"Flex","floor":17},{"not_picked":["Flame Barrier","Body Slam"],"picked":"Sword Boomerang","floor":17},{"not_picked":["Spot Weakness","Power Through"],"picked":"Perfected Strike","floor":17},{"not_picked":["Sword Boomerang","Warcry"],"picked":"Armaments","floor":17},{"not_picked":["Reckless Charge","Shockwave"],"picked":"Bludgeon","floor":17},{"not_picked":["Iron Wave","Anger"],"picked":"Seeing Red+1","floor":18},{"not_picked":["Heavy Blade+1","Pommel Strike"],"picked":"Cleave","floor":20},{"not_picked":["Headbutt","Twin Strike+1"],"picked":"Flex","floor":21},{"not_picked":["Flame Barrier","Havoc"],"picked":"Thunderclap","floor":23},{"not_picked":["True Grit","Body Slam+1"],"picked":"Demon Form","floor":27},{"not_picked":["Corruption","Offering"],"picked":"Feed","floor":31}],"player_experience":277357,"relics_obtained":[{"floor":6,"key":"Lantern"},{"floor":8,"key":"Old Coin"},{"floor":9,"key":"Du-Vu Doll"},{"floor":13,"key":"Gambling Chip"},{"floor":23,"key":"Centennial Puzzle"},{"floor":26,"key":"Omamori"},{"floor":28,"key":"Enchiridion"},{"floor":31,"key":"Bottled Lightning"}],"event_choices":[{"event_name":"Match and Keep!","player_choice":"1 cards matched","floor":2,"damage_taken":0},{"event_name":"Golden Idol","player_choice":"Lose Max HP","floor":7,"damage_taken":0},{"event_name":"Living Wall","player_choice":"Change","floor":10,"damage_taken":0},{"event_name":"Forgotten Altar","player_choice":"Gave Idol","floor":19,"damage_taken":0},{"event_name":"WeMeetAgain","player_choice":"Potion","floor":25,"damage_taken":0},{"event_name":"Cursed Tome","player_choice":"Obtained Book","floor":28,"damage_taken":0},{"event_name":"Ghosts","player_choice":"Ignored","floor":29,"damage_taken":0}],"is_beta":false,"boss_relics":[{"not_picked":["Coffee Dripper","Tiny House"],"picked":"Orrery"}],"items_purged_floors":[],"is_endless":false,"potions_floor_spawned":[3,4,6,8,13,18,31],"killed_by":"Champ","ascension_level":1}