{"gold_per_floor":[113,113,113,127,152,152,191,214,238,262,262,342,33,53,53,177,177,191,15,15,15,15,15,53,67,147,147,170,194,218,0,0,0],"floor_reached":33,"playtime":1339,"items_purged":[],"score":334,"play_id":"6e924a51-0a0f-4aa0-98d2-c4a6d0b8baaf","local_time":"20181020200405","is_ascension_mode":true,"campfire_choices":[{"data":"Neutralize","floor":6,"key":"SMITH"},{"floor":11,"key":"REST"},{"floor":15,"key":"REST"},{"data":"Envenom","floor":23,"key":"SMITH"},{"floor":27,"key":"REST"},{"floor":32,"key":"REST"}],"neow_cost":"NONE","seed_source_timestamp":871788026408155,"circlet_count":0,"master_deck":["Defend_G","Defend_G","Defend_G","Defend_G","Strike_G","Strike_G","Strike_G","Strike_G","Survivor","Neutralize+1","Acrobatics","Slice","Injury","Leg Sweep","Slice+1","Infinite Blades","All Out Attack+1","Flying Knee","Backstab","Caltrops","Prepared","Envenom+1","Dodge and Roll+1","Sucker Punch","Shame","Bane+1","Dash","Parasite","Bane+1","Noxious Fumes+1","Slice+1"],"relics":["Ring of the Snake","Golden Idol","Art of War","Anchor","Whetstone","Cursed Key","Vajra","Bag of Marbles","Potion Belt","Sundial","Molten Egg 2"],"potions_floor_usage":[7,16,16,20,33,33],"damage_taken":[{"damage":0,"enemies":"2 Louse","floor":1,"turns":3},{"damage":2,"enemies":"Cultist","floor":4,"turns":4},{"damage":7,"enemies":"Small Slimes","floor":5,"turns":7},{"damage":39,"enemies":"Gremlin Nob","floor":7,"turns":8},{"damage":2,"enemies":"3 Louse","floor":8,"turns":6},{"damage":13,"enemies":"Large Slime","floor":10,"turns":7},{"damage":0,"enemies":"Red Slaver","floor":14,"turns":3},{"damage":4,"enemies":"Hexaghost","floor":16,"turns":12},{"damage":14,"enemies":"Spheric Guardian","floor":18,"turns":4},{"damage":0,"enemies":"Colosseum Slavers","floor":20,"turns":4},{"damage":33,"enemies":"Gremlin Leader","floor":24,"turns":6},{"damage":0,"enemies":"2 Thieves","floor":25,"turns":3},{"damage":7,"enemies":"Centurion and Healer","floor":28,"turns":5},{"damage":12,"enemies":"Snecko","floor":29,"turns":5},{"damage":8,"enemies":"Snake Plant","floor":30,"turns":3},{"damage":33,"enemies":"Collector","floor":33,"turns":6}],"seed_played":"-43748062476859921","potions_obtained":[{"floor":4,"key":"EssenceOfSteel"},{"floor":5,"key":"Block Potion"},{"floor":10,"key":"EssenceOfSteel"},{"floor":14,"key":"Explosive Potion"},{"floor":18,"key":"Dexterity Potion"},{"floor":29,"key":"GamblersBrew"}],"is_trial":false,"path_per_floor":["M","?","?","M","M","R","E","M","T","M","R","?","$","M","R","B",null,"M","$","?","?","?","R","E","M","T","R","M","M","M","?","R"],"character_chosen":"THE_SILENT","items_purchased":["Backstab","Caltrops","Whetstone","Vajra","Sucker Punch"],"campfire_rested":4,"item_purchase_floors":[13,13,13,19,19],"current_hp_per_floor":[70,70,70,68,61,61,22,20,20,7,28,28,28,28,49,45,64,50,50,50,50,50,50,17,17,17,38,31,19,11,11,32,0],"gold":0,"neow_bonus":"TRANSFORM_CARD","is_prod":false,"is_daily":false,"chose_seed":false,"campfire_upgraded":2,"win_rate":0,"timestamp":1540087445,"path_taken":["M","?","?","M","M","R","E","M","T","M","R","?","$","M","R","BOSS","M","$","?","?","?","R","E","M","T","R","?","M","M","?","R","BOSS"],"build_version":"2018-10-18","purchased_purges":0,"victory":false,"max_hp_per_floor":[70,70,70,70,70,70,70,70,70,70,70,70,70,70,70,70,70,70,70,70,70,70,70,70,70,70,70,70,70,70,70,70,70],"card_choices":[{"not_picked":["Poisoned Stab","Prepared"],"picked":"Slice","floor":1},{"not_picked":["Poisoned Stab","Dagger Throw"],"picked":"Leg Sweep","floor":4},{"not_picked":["Dash","Burst"],"picked":"Slice","floor":5},{"not_picked":["Crippling Poison","Quick Slash"],"picked":"Infinite Blades","floor":7},{"not_picked":["Distraction","Concentrate"],"picked":"All Out Attack","floor":8},{"not_picked":["Bane","Dagger Spray"],"picked":"Flying Knee","floor":10},{"not_picked":["Setup","Infinite Blades"],"picked":"Prepared","floor":14},{"not_picked":["Glass Knife","Bullet Time"],"picked":"Envenom","floor":16},{"not_picked":["Caltrops+1","Well Laid Plans"],"picked":"Dodge and Roll+1","floor":18},{"not_picked":["Flying Knee","Calculated Gamble"],"picked":"Bane+1","floor":24},{"not_picked":["Acrobatics+1","Flechettes+1"],"picked":"Dash","floor":25},{"not_picked":["PiercingWail","Infinite Blades"],"picked":"Bane+1","floor":28},{"not_picked":["Underhanded Strike+1","Dodge and Roll"],"picked":"Noxious Fumes+1","floor":29},{"not_picked":["Endless Agony+1","Poisoned Stab+1"],"picked":"Slice+1","floor":30}],"player_experience":743266,"relics_obtained":[{"floor":7,"key":"Art of War"},{"floor":9,"key":"Anchor"},{"floor":24,"key":"Sundial"},{"floor":26,"key":"Molten Egg 2"}],"event_choices":[{"cards_removed":["Defend_G"],"damage_healed":0,"gold_gain":0,"player_choice":"Offered Basic","damage_taken":0,"max_hp_gain":0,"max_hp_loss":0,"event_name":"Bonfire Elementals","floor":2,"gold_loss":0},{"damage_healed":0,"gold_gain":0,"player_choice":"Take Wound","damage_taken":0,"relics_obtained":["Golden Idol"],"max_hp_gain":0,"max_hp_loss":0,"event_name":"Golden Idol","floor":3,"gold_loss":0,"cards_obtained":["Injury"]},{"damage_healed":0,"gold_gain":80,"player_choice":"Gained Gold","damage_taken":0,"max_hp_gain":0,"max_hp_loss":0,"event_name":"Golden Wing","floor":12,"gold_loss":0},{"damage_healed":0,"gold_gain":0,"player_choice":"Fight","damage_taken":0,"max_hp_gain":0,"max_hp_loss":0,"event_name":"Colosseum","floor":20,"gold_loss":0},{"damage_healed":0,"gold_gain":0,"player_choice":"Fled From Nobs","damage_taken":0,"max_hp_gain":0,"max_hp_loss":0,"event_name":"Colosseum","floor":20,"gold_loss":0},{"damage_healed":0,"gold_gain":0,"player_choice":"Stole Relic","damage_taken":0,"relics_obtained":["Bag of Marbles"],"max_hp_gain":0,"max_hp_loss":0,"event_name":"Addict","floor":21,"gold_loss":0,"cards_obtained":["Shame"]},{"damage_healed":0,"gold_gain":0,"player_choice":"Opened","damage_taken":0,"relics_obtained":["Potion Belt"],"max_hp_gain":0,"max_hp_loss":0,"event_name":"The Mausoleum","floor":22,"gold_loss":0},{"damage_healed":0,"gold_gain":0,"player_choice":"Paid Fearfully","damage_taken":0,"max_hp_gain":0,"max_hp_loss":0,"event_name":"Masked Bandits","floor":31,"gold_loss":218}],"is_beta":false,"boss_relics":[{"not_picked":["Runic Pyramid","Astrolabe"],"picked":"Cursed Key"}],"items_purged_floors":[],"is_endless":false,"potions_floor_spawned":[4,5,10,14,18,20,29],"killed_by":"Collector","ascension_level":5}