{"gold_per_floor":[112,132,143,143,161,161,236,236,236,263,263,263,16,27,27,132,132,143,158,158,158,46,46,80,80,127,141,152,152,152,152,152,152],"floor_reached":33,"playtime":3492,"items_purged":[],"score":263,"play_id":"5038d4f4-0a55-4323-b2df-5891d3f74329","local_time":"20190102051419","is_ascension_mode":false,"campfire_choices":[{"data":"Perfected Strike","floor":6,"key":"SMITH"},{"data":"Anger","floor":8,"key":"SMITH"},{"floor":12,"key":"REST"},{"floor":15,"key":"REST"},{"floor":23,"key":"REST"},{"floor":25,"key":"REST"},{"data":"Perfected Strike","floor":29,"key":"SMITH"},{"floor":32,"key":"REST"}],"neow_cost":"","seed_source_timestamp":407662673658039,"circlet_count":0,"master_deck":["Strike_R+1","Strike_R+1","Strike_R+1","Strike_R+1","Strike_R+1","Defend_R+1","Defend_R+1","Defend_R+1","Defend_R+1","Bash","Flame Barrier","Perfected Strike+1","Anger+1","Burning Pact","Flex","Perfected Strike","Double Tap+1","Pommel Strike+1","Shrug It Off+1","Swift Strike","Armaments+1","Flex+1","Perfected Strike+1","Flex+1"],"relics":["Burning Blood","Letter Opener","WingedGreaves","Toxic Egg 2","Eternal Feather","Paper Frog","Meat on the Bone","Vajra","Gambling Chip"],"potions_floor_usage":[10,16,16,16,28,33],"damage_taken":[{"damage":9,"enemies":"2 Louse","floor":1,"turns":4},{"damage":12,"enemies":"Cultist","floor":2,"turns":5},{"damage":3,"enemies":"Small Slimes","floor":3,"turns":5},{"damage":9,"enemies":"Blue Slaver","floor":5,"turns":4},{"damage":40,"enemies":"Gremlin Nob","floor":10,"turns":5},{"damage":16,"enemies":"Lots of Slimes","floor":14,"turns":4},{"damage":53,"enemies":"The Guardian","floor":16,"turns":10},{"damage":25,"enemies":"Spheric Guardian","floor":18,"turns":4},{"damage":10,"enemies":"Chosen","floor":19,"turns":3},{"damage":50,"enemies":"Slavers","floor":24,"turns":7},{"damage":1,"enemies":"Snake Plant","floor":27,"turns":3},{"damage":32,"enemies":"Cultist and Chosen","floor":28,"turns":5},{"damage":87,"enemies":"Champ","floor":33,"turns":10}],"seed_played":"-2673370158109509758","potions_obtained":[{"floor":1,"key":"Strength Potion"},{"floor":2,"key":"GamblersBrew"},{"floor":4,"key":"EssenceOfSteel"},{"floor":10,"key":"AttackPotion"},{"floor":18,"key":"FearPotion"},{"floor":19,"key":"SpeedPotion"},{"floor":27,"key":"Energy Potion"}],"is_trial":false,"path_per_floor":["M","M","M","?","M","R","?","R","T","E","?","R","$","M","R","B",null,"M","M","?","T","$","R","E","R","T","M","M","R","?","?","R","B"],"character_chosen":"IRONCLAD","items_purchased":["Toxic Egg 2","Swift Strike","Armaments+1"],"campfire_rested":5,"item_purchase_floors":[13,22,22],"current_hp_per_floor":[77,71,74,74,71,71,60,60,60,26,26,50,50,40,64,17,80,61,57,57,57,57,80,36,72,72,77,51,63,63,63,80,0],"gold":152,"neow_bonus":"","is_prod":false,"is_daily":false,"chose_seed":false,"campfire_upgraded":3,"win_rate":0.0,"timestamp":1546427659,"path_taken":["M","M","M","?","?","R","?","R","T","E","?","R","$","M","R","BOSS","M","?","?","?","?","R","E","R","T","M","M","R","?","?","R","BOSS"],"build_version":"2018-12-20","purchased_purges":0,"victory":false,"max_hp_per_floor":[80,80,80,80,80,80,80,80,80,80,80,80,80,80,80,80,80,80,80,80,80,80,80,80,80,80,80,80,80,80,80,80,80],"card_choices":[{"not_picked":["Burning Pact","Feel No Pain"],"picked":"Flame Barrier","floor":1},{"not_picked":["Clash","Clothesline"],"picked":"Perfected Strike","floor":2},{"not_picked":["Pommel Strike","Twin Strike"],"picked":"Anger","floor":3},{"not_picked":["Reaper","Carnage"],"picked":"Burning Pact","floor":5},{"not_picked":["Warcry","Bloodletting"],"picked":"Flex","floor":10},{"not_picked":["Warcry+1","Iron Wave"],"picked":"Perfected Strike","floor":14},{"not_picked":["Berserk","Barricade"],"picked":"Double Tap+1","floor":16},{"not_picked":["Twin Strike+1","Intimidate+1"],"picked":"Pommel Strike+1","floor":18},{"not_picked":["Flex+1","Disarm+1"],"picked":"Shrug It Off+1","floor":19},{"not_picked":["Body Slam","Power Through+1"],"picked":"Flex+1","floor":24},{"not_picked":["Disarm+1","Clash"],"picked":"Perfected Strike","floor":27},{"not_picked":["Shrug It Off+1","Twin Strike"],"picked":"Flex+1","floor":28}],"player_experience":0,"relics_obtained":[{"floor":9,"key":"Letter Opener"},{"floor":10,"key":"WingedGreaves"},{"floor":21,"key":"Paper Frog"},{"floor":24,"key":"Meat on the Bone"},{"floor":26,"key":"Vajra"}],"event_choices":[{"damage_healed":0,"gold_gain":0,"player_choice":"Got Potions","damage_taken":0,"max_hp_gain":0,"max_hp_loss":0,"event_name":"Lab","floor":4,"gold_loss":0},{"damage_healed":0,"gold_gain":75,"player_choice":"Gather Gold","damage_taken":11,"max_hp_gain":0,"max_hp_loss":0,"event_name":"World of Goop","floor":7,"gold_loss":0},{"damage_healed":0,"gold_gain":0,"player_choice":"Bought 0 Potions","damage_taken":0,"max_hp_gain":0,"max_hp_loss":0,"event_name":"The Woman in Blue","floor":11,"gold_loss":0},{"damage_healed":0,"gold_gain":0,"player_choice":"Simplicity","damage_taken":0,"max_hp_gain":0,"max_hp_loss":0,"event_name":"Back to Basics","floor":20,"gold_loss":0,"cards_upgraded":["Strike_R","Strike_R","Strike_R","Strike_R","Strike_R","Defend_R","Defend_R","Defend_R","Defend_R"]},{"damage_healed":0,"gold_gain":0,"player_choice":"Ignored","damage_taken":0,"max_hp_gain":0,"max_hp_loss":0,"event_name":"Vampires","floor":30,"gold_loss":0},{"damage_healed":0,"gold_gain":0,"player_choice":"Gave Potion","damage_taken":0,"relics_obtained":["Gambling Chip"],"max_hp_gain":0,"max_hp_loss":0,"event_name":"WeMeetAgain","floor":31,"gold_loss":0}],"is_beta":false,"boss_relics":[{"not_picked":["Sozu","White Beast Statue"],"picked":"Eternal Feather"}],"items_purged_floors":[],"is_endless":false,"potions_floor_spawned":[1,2,10,14,18,19,27],"killed_by":"Champ","ascension_level":0}