{"gold_per_floor":[112,122,138,152,162,162,162,225,225,24,42,88,88,88,88,88],"floor_reached":16,"playtime":504,"items_purged":[],"score":143,"play_id":"f5ba3fbe-9339-4d37-98ae-50f8f66ac64f","local_time":"20181014225859","is_ascension_mode":true,"campfire_choices":[{"data":"Noxious Fumes","floor":6,"key":"SMITH"},{"data":"Deadly Poison","floor":13,"key":"SMITH"},{"data":"Blur","floor":15,"key":"SMITH"}],"neow_cost":"","seed_source_timestamp":104368727435015,"circlet_count":0,"master_deck":["Defend_G","Defend_G","Defend_G","Defend_G","Defend_G","Strike_G","Strike_G","Strike_G","Strike_G","Survivor","Neutralize","Quick Slash","Distraction","Dagger Spray","Noxious Fumes+1","Blur+1","Deadly Poison+1","Parasite"],"relics":["Ring of the Snake","Tiny Chest","Darkstone Periapt","TwistedFunnel","PreservedInsect"],"potions_floor_usage":[8,11,16],"damage_taken":[{"damage":1,"enemies":"Small Slimes","floor":1,"turns":4},{"damage":0,"enemies":"Cultist","floor":2,"turns":4},{"damage":0,"enemies":"Jaw Worm","floor":3,"turns":4},{"damage":4,"enemies":"Exordium Wildlife","floor":4,"turns":5},{"damage":12,"enemies":"Looter","floor":5,"turns":4},{"damage":2,"enemies":"3 Sentries","floor":8,"turns":7},{"damage":3,"enemies":"3 Louse","floor":11,"turns":3},{"damage":67,"enemies":"Slime Boss","floor":16,"turns":10}],"seed_played":"-5340416680835098683","potions_obtained":[{"floor":3,"key":"Swift Potion"},{"floor":4,"key":"EssenceOfSteel"},{"floor":8,"key":"Energy Potion"}],"is_trial":false,"path_per_floor":["M","M","M","M","M","R","?","E","T","$","M","T","R","?","R"],"character_chosen":"THE_SILENT","items_purchased":["TwistedFunnel"],"campfire_rested":0,"item_purchase_floors":[10],"current_hp_per_floor":[62,62,62,58,46,46,46,44,44,44,41,41,41,64,64,0],"gold":88,"neow_bonus":"","is_prod":false,"is_daily":false,"chose_seed":false,"campfire_upgraded":3,"win_rate":0,"timestamp":1539572339,"path_taken":["M","M","M","M","M","R","?","E","T","$","M","?","R","?","R","BOSS"],"build_version":"2018-10-11","purchased_purges":0,"victory":false,"max_hp_per_floor":[70,70,70,70,70,70,70,70,70,70,70,70,70,76,76,76],"card_choices":[{"not_picked":["Sucker Punch","Expertise"],"picked":"Quick Slash","floor":1},{"not_picked":["Blade Dance","Flechettes"],"picked":"Distraction","floor":2},{"not_picked":["Quick Slash","Bane"],"picked":"Dagger Spray","floor":3},{"not_picked":["Acrobatics","Bouncing Flask"],"picked":"Noxious Fumes","floor":4},{"not_picked":["Reflex","Dagger Throw"],"picked":"Blur","floor":5},{"not_picked":["Dagger Spray","Endless Agony","Choke"],"picked":"SKIP","floor":8},{"not_picked":["Backstab","Quick Slash"],"picked":"Deadly Poison","floor":11}],"player_experience":338079,"relics_obtained":[{"floor":8,"key":"Tiny Chest"},{"floor":9,"key":"Darkstone Periapt"},{"floor":12,"key":"PreservedInsect"}],"event_choices":[{"event_name":"Purifier","player_choice":"One Purge","floor":7,"damage_taken":0},{"event_name":"Mushrooms","player_choice":"Healed and dodged fight","floor":14,"damage_taken":0}],"is_beta":true,"boss_relics":[],"items_purged_floors":[],"is_endless":false,"potions_floor_spawned":[3,4,8],"killed_by":"Slime Boss","ascension_level":8}