{"gold_per_floor":[109,109,122,17,35,35,70,70,70,95,42,4,24,24,36,143,155,186,198,225,106,106,106,132,132,132,132,132,132,147,161,161,161],"floor_reached":33,"playtime":822,"items_purged":[],"score":443,"play_id":"91740b4b-7835-4a21-b8a9-febd4e74ce84","local_time":"20181112154216","is_ascension_mode":true,"campfire_choices":[{"data":"Demon Form","floor":6,"key":"SMITH"},{"data":"Armaments","floor":8,"key":"SMITH"},{"data":"Uppercut","floor":15,"key":"SMITH"},{"data":"Armaments","floor":23,"key":"SMITH"},{"data":"Body Slam","floor":25,"key":"SMITH"},{"data":"Havoc","floor":28,"key":"SMITH"},{"floor":32,"key":"REST"}],"neow_cost":"NONE","seed_source_timestamp":2847446459412946,"circlet_count":0,"master_deck":["AscendersBane","Bash","Demon Form+1","Flex","Armaments+1","Shrug It Off+1","Uppercut+1","Reaper","Shockwave","Twin Strike","Pummel","Feel No Pain","Fiend Fire","Wild Strike","Anger","Blood for Blood","Havoc+1","Hemokinesis","Carnage","Body Slam+1","Pummel","Armaments+1","Wild Strike","Cleave+1","Pummel","Havoc","Bite","Bite","Bite","Bite","Bite","Wild Strike","Shrug It Off","Heavy Blade"],"relics":["Burning Blood","CultistMask","Charon\u0027s Ashes","Bottled Flame","Bronze Scales","MawBank","Pandora\u0027s Box","Strawberry","Darkstone Periapt","Mummified Hand"],"potions_floor_usage":[7,16,24,24,31],"damage_taken":[{"damage":8,"enemies":"Small Slimes","floor":1,"turns":5},{"damage":6,"enemies":"Cultist","floor":3,"turns":4},{"damage":1,"enemies":"2 Louse","floor":5,"turns":3},{"damage":42,"enemies":"3 Sentries","floor":7,"turns":8},{"damage":23,"enemies":"Exordium Thugs","floor":13,"turns":5},{"damage":38,"enemies":"The Guardian","floor":16,"turns":11},{"damage":6,"enemies":"3 Byrds","floor":18,"turns":3},{"damage":9,"enemies":"Spheric Guardian","floor":20,"turns":3},{"damage":33,"enemies":"Book of Stabbing","floor":24,"turns":4},{"damage":16,"enemies":"Cultist and Chosen","floor":30,"turns":4},{"damage":49,"enemies":"Shelled Parasite and Fungi","floor":31,"turns":4},{"damage":43,"enemies":"Collector","floor":33,"turns":3}],"seed_played":"-721220331753891322","potions_obtained":[{"floor":5,"key":"Regen Potion"},{"floor":13,"key":"BloodPotion"},{"floor":16,"key":"Energy Potion"},{"floor":18,"key":"SteroidPotion"},{"floor":24,"key":"Fire Potion"}],"is_trial":false,"path_per_floor":["M","?","M","$","M","R","E","R","T","T","$","$","M","?","R","B",null,"M","?","M","$","?","R","E","R","T","T","R","?","M","M","R","B"],"character_chosen":"IRONCLAD","items_purchased":["Shrug It Off","Uppercut","Twin Strike","Pummel","Pummel","Havoc"],"campfire_rested":1,"item_purchase_floors":[4,4,11,12,21,21],"current_hp_per_floor":[70,70,70,70,75,75,77,77,77,77,77,77,65,65,65,75,79,80,80,77,77,56,56,45,45,45,45,45,45,41,10,28,0],"gold":161,"neow_bonus":"ONE_RANDOM_RARE_CARD","is_prod":false,"is_daily":false,"chose_seed":false,"campfire_upgraded":6,"win_rate":0,"timestamp":1542062536,"path_taken":["M","?","?","$","M","R","E","R","T","?","?","$","M","?","R","BOSS","M","?","M","?","?","R","E","R","T","?","R","?","M","M","R","BOSS"],"build_version":"2018-11-08","purchased_purges":0,"victory":false,"max_hp_per_floor":[80,80,80,80,80,80,80,80,80,80,80,80,80,80,80,80,80,80,80,80,80,56,56,63,63,63,63,63,63,63,63,63,63],"card_choices":[{"not_picked":["Pommel Strike","True Grit"],"picked":"Flex","floor":1},{"not_picked":["Cleave","Warcry"],"picked":"Armaments","floor":3},{"not_picked":["Power Through","Shrug It Off"],"picked":"Reaper","floor":5},{"not_picked":["Shrug It Off","Havoc"],"picked":"Shockwave","floor":7},{"not_picked":["Combust","Perfected Strike"],"picked":"Feel No Pain","floor":13},{"not_picked":["Berserk","Barricade"],"picked":"Fiend Fire","floor":16},{"not_picked":["Second Wind","Anger"],"picked":"Wild Strike","floor":18},{"not_picked":["Second Wind","Perfected Strike+1"],"picked":"Cleave+1","floor":20},{"not_picked":["Barricade","Metallicize"],"picked":"Wild Strike","floor":24},{"not_picked":["Clothesline+1","Feel No Pain"],"picked":"Shrug It Off","floor":30},{"not_picked":["Pommel Strike","Ghostly Armor"],"picked":"Heavy Blade","floor":31}],"player_experience":1057340,"relics_obtained":[{"floor":7,"key":"Charon\u0027s Ashes"},{"floor":9,"key":"Bottled Flame"},{"floor":10,"key":"Bronze Scales"},{"floor":24,"key":"Strawberry"},{"floor":26,"key":"Darkstone Periapt"},{"floor":27,"key":"Mummified Hand"}],"event_choices":[{"damage_healed":0,"gold_gain":0,"player_choice":"Trade","damage_taken":0,"relics_obtained":["CultistMask"],"max_hp_gain":0,"max_hp_loss":0,"event_name":"FaceTrader","floor":2,"gold_loss":0},{"damage_healed":0,"gold_gain":0,"player_choice":"Box","damage_taken":0,"relics_obtained":["MawBank"],"max_hp_gain":0,"max_hp_loss":0,"event_name":"Big Fish","floor":14,"gold_loss":0,"cards_obtained":["Regret"]},{"cards_removed":["Regret"],"damage_healed":0,"gold_gain":0,"player_choice":"Purged","damage_taken":0,"max_hp_gain":0,"max_hp_loss":0,"event_name":"Purifier","floor":19,"gold_loss":0},{"damage_healed":0,"gold_gain":0,"player_choice":"Became a vampire","damage_taken":0,"max_hp_gain":0,"max_hp_loss":24,"event_name":"Vampires","floor":22,"gold_loss":0,"cards_obtained":["Bite","Bite","Bite","Bite","Bite"]},{"damage_healed":0,"gold_gain":0,"player_choice":"Upgraded","damage_taken":0,"max_hp_gain":0,"max_hp_loss":0,"event_name":"Upgrade Shrine","floor":29,"gold_loss":0,"cards_upgraded":["Shrug It Off"]}],"is_beta":false,"boss_relics":[{"not_picked":["Runic Cube","Astrolabe"],"picked":"Pandora\u0027s Box"}],"items_purged_floors":[],"is_endless":false,"potions_floor_spawned":[5,13,16,18,24],"killed_by":"Collector","ascension_level":12}