{"gold_per_floor":[111,111,61,77,100,100,127,144,144,160,171,141,172,127,127,225,225,242,272,272],"floor_reached":20,"playtime":1391,"items_purged":[],"score":182,"play_id":"71619fbb-9292-4378-9a29-75ed3a29dbe9","local_time":"20190117095032","is_ascension_mode":false,"campfire_choices":[{"data":"beaked:HuntressEssence","floor":6,"key":"SMITH"},{"data":"beaked:RitualOfBody","floor":15,"key":"SMITH"}],"neow_cost":"NONE","seed_source_timestamp":147820563925530,"circlet_count":0,"master_deck":["beaked:Strike_Y","beaked:Strike_Y","beaked:Strike_Y+1","beaked:Strike_Y","beaked:Strike_Y","beaked:Defend_Y","beaked:Defend_Y","beaked:Defend_Y","beaked:Defend_Y+1","beaked:Ceremony","beaked:Ceremony","beaked:Ceremony","beaked:Resilience","beaked:HuntressEssence+1","beaked:RitualOfBody+1","beaked:Foresight","beaked:Evade","beaked:Roost","beaked:BarbedWire","beaked:FullHouse","beaked:Brace"],"relics":["beaked:MendingPlumage","Art of War","Meat on the Bone","Bottled Lightning","Vajra","Philosopher\u0027s Stone","Red Mask"],"potions_floor_usage":[11,19,20],"damage_taken":[{"damage":12,"enemies":"2 Louse","floor":1,"turns":5},{"damage":2,"enemies":"Small Slimes","floor":4,"turns":5},{"damage":35,"enemies":"Lagavulin","floor":7,"turns":8},{"damage":16,"enemies":"Jaw Worm","floor":8,"turns":6},{"damage":30,"enemies":"Large Slime","floor":10,"turns":31},{"damage":32,"enemies":"Gremlin Gang","floor":11,"turns":10},{"damage":31,"enemies":"3 Sentries","floor":13,"turns":11},{"damage":12,"enemies":"Looter","floor":14,"turns":5},{"damage":68,"enemies":"Slime Boss","floor":16,"turns":16},{"damage":38,"enemies":"Chosen","floor":18,"turns":10},{"damage":54,"enemies":"Masked Bandits","floor":19,"turns":9},{"damage":51,"enemies":"3 Byrds","floor":20,"turns":4}],"seed_played":"-1865506942419006552","potions_obtained":[{"floor":4,"key":"Fire Potion"},{"floor":10,"key":"Regen Potion"},{"floor":11,"key":"Dexterity Potion"},{"floor":12,"key":"Swift Potion"},{"floor":12,"key":"SteroidPotion"}],"is_trial":false,"path_per_floor":["M","?","?","M","T","R","E","M","T","M","M","?","E","M","R","B",null,"M","?","M"],"character_chosen":"BEAKED_THE_CULTIST","items_purchased":[],"campfire_rested":0,"item_purchase_floors":[],"current_hp_per_floor":[54,43,43,54,54,54,34,38,38,55,50,50,55,49,49,40,55,45,28,0],"gold":272,"neow_bonus":"TEN_PERCENT_HP_BONUS","is_prod":false,"is_daily":false,"chose_seed":false,"campfire_upgraded":2,"win_rate":0.0,"timestamp":1547736632,"path_taken":["M","?","?","M","?","R","E","M","T","M","M","?","E","?","R","BOSS","M","?","M"],"build_version":"2019-01-16","purchased_purges":0,"victory":false,"max_hp_per_floor":[55,55,55,55,55,55,55,55,55,55,55,55,55,55,55,55,55,55,55,55],"card_choices":[{"not_picked":["beaked:SurvivalInstinct","beaked:Molting"],"picked":"beaked:Resilience","floor":1},{"not_picked":["beaked:MimicHuntress","beaked:SurvivalInstinct"],"picked":"beaked:HuntressEssence","floor":4},{"not_picked":["beaked:FullHouse","beaked:HuntressEssence"],"picked":"beaked:RitualOfBody","floor":7},{"not_picked":["beaked:Tradeoff","beaked:DigDeep"],"picked":"beaked:Foresight","floor":8},{"not_picked":["beaked:TuckingFeathers","beaked:DesperateSwing"],"picked":"beaked:Evade","floor":10},{"not_picked":["beaked:VigorBurst","beaked:Tweet"],"picked":"beaked:Roost","floor":11},{"not_picked":["beaked:VigorBurst","beaked:Redirect","beaked:Resilience"],"picked":"SKIP","floor":13},{"not_picked":["beaked:CrazyRituals","beaked:Redirect"],"picked":"beaked:BarbedWire","floor":14},{"not_picked":["beaked:ShadowFade","beaked:DarkTribute"],"picked":"beaked:FullHouse","floor":16},{"not_picked":["beaked:Devastation","beaked:Poke","beaked:Flinch+1"],"picked":"SKIP","floor":18},{"not_picked":["beaked:Insight","beaked:Resilience+1"],"picked":"beaked:Brace","floor":19}],"player_experience":518045,"relics_obtained":[{"floor":5,"key":"Art of War"},{"floor":7,"key":"Meat on the Bone"},{"floor":9,"key":"Bottled Lightning"},{"floor":13,"key":"Vajra"},{"floor":19,"key":"Red Mask"}],"event_choices":[{"damage_healed":0,"gold_gain":0,"player_choice":"Entered Light","damage_taken":11,"max_hp_gain":0,"max_hp_loss":0,"event_name":"Shining Light","floor":2,"gold_loss":0,"cards_upgraded":["beaked:Defend_Y","beaked:Strike_Y"]},{"cards_removed":["beaked:Strike_Y"],"damage_healed":0,"gold_gain":0,"player_choice":"Card Removal","damage_taken":0,"max_hp_gain":0,"max_hp_loss":0,"event_name":"The Cleric","floor":3,"gold_loss":50},{"damage_healed":0,"gold_gain":0,"player_choice":"Bought 2 Potions","damage_taken":0,"max_hp_gain":0,"max_hp_loss":0,"event_name":"The Woman in Blue","floor":12,"gold_loss":0},{"damage_healed":0,"gold_gain":0,"player_choice":"Fought Bandits","damage_taken":0,"max_hp_gain":0,"max_hp_loss":0,"event_name":"Masked Bandits","floor":19,"gold_loss":0}],"is_beta":true,"boss_relics":[{"not_picked":["Tiny House","Ectoplasm"],"picked":"Philosopher\u0027s Stone"}],"items_purged_floors":[],"is_endless":false,"potions_floor_spawned":[4,10,11,18],"killed_by":"3 Byrds","ascension_level":0}