{"gold_per_floor":[114,114,129,144,159,159,159,159,159,25,55,70,95,110,110,210,210,225,240,255,270,270,300,300,315,390,287,287,257,272,88,88,188,188,203,14,29,44,44],"floor_reached":39,"playtime":1795,"items_purged":[],"score":480,"play_id":"6d402a81-a2c6-4c6d-bba6-d2204e9348e7","local_time":"20180821215940","daily_mods":["Diverse","Uncertain Future","Lethality"],"is_ascension_mode":false,"campfire_choices":[{"data":"Zap","floor":6,"key":"SMITH"},{"data":"Conserve Battery","floor":8,"key":"SMITH"},{"data":"Self Repair","floor":15,"key":"SMITH"},{"data":"White Noise","floor":24,"key":"SMITH"},{"data":"Go for the Eyes","floor":28,"key":"SMITH"},{"data":"Armaments","floor":32,"key":"SMITH"}],"neow_cost":"","seed_source_timestamp":0,"circlet_count":0,"master_deck":["Strike_B","Strike_B","Strike_B","Defend_B","Defend_B","Defend_B","Defend_B","Zap+1","Dualcast","Scrape","Quick Slash","PiercingWail","Conserve Battery+1","Endless Agony","Self Repair+1","Ball Lightning","Outmaneuver","Anger","Cold Snap","Headbutt","Amplify","Self Repair","Defragment+1","Sweeping Beam","White Noise+1","Sucker Punch+1","Go for the Eyes+1","Coolheaded","Storm","Armaments+1","Bandage Up","Rainbow","Sword Boomerang+1","Defragment","Beam Cell","Cloak And Dagger"],"special_seed":17765,"relics":["Cracked Core","Mummified Hand","Ornamental Fan","Dream Catcher","Art of War","Eternal Feather","CultistMask","StoneCalendar","Kunai","Orichalcum","Nuclear Battery","DataDisk"],"potions_floor_usage":[11,16,18,23,30,30,33],"damage_taken":[{"damage":0,"enemies":"Cultist","floor":1,"turns":2},{"damage":0,"enemies":"2 Louse","floor":3,"turns":2},{"damage":9,"enemies":"Jaw Worm","floor":4,"turns":2},{"damage":15,"enemies":"Looter","floor":5,"turns":3},{"damage":21,"enemies":"3 Sentries","floor":11,"turns":5},{"damage":4,"enemies":"Exordium Thugs","floor":12,"turns":3},{"damage":7,"enemies":"3 Louse","floor":14,"turns":3},{"damage":0,"enemies":"Slime Boss","floor":16,"turns":7},{"damage":9,"enemies":"3 Byrds","floor":18,"turns":5},{"damage":14,"enemies":"Shell Parasite","floor":19,"turns":5},{"damage":28,"enemies":"Cultist and Chosen","floor":20,"turns":6},{"damage":8,"enemies":"Centurion and Healer","floor":21,"turns":5},{"damage":60,"enemies":"Book of Stabbing","floor":23,"turns":6},{"damage":13,"enemies":"Snecko","floor":25,"turns":4},{"damage":12,"enemies":"Chosen and Byrds","floor":30,"turns":3},{"damage":72,"enemies":"Collector","floor":33,"turns":13},{"damage":65,"enemies":"3 Darklings","floor":35,"turns":5},{"damage":0,"enemies":"3 Shapes","floor":37,"turns":5},{"damage":22,"enemies":"Spire Growth","floor":38,"turns":5},{"damage":43,"enemies":"Flame Bruiser 2 Orb","floor":39,"turns":3}],"seed_played":"-3582154799365427679","potions_obtained":[{"floor":1,"key":"FocusPotion"},{"floor":5,"key":"SneckoOil"},{"floor":14,"key":"FocusPotion"},{"floor":18,"key":"Dexterity Potion"},{"floor":20,"key":"FairyPotion"},{"floor":25,"key":"LiquidBronze"},{"floor":29,"key":"Fire Potion"},{"floor":29,"key":"SkillPotion"}],"is_trial":false,"path_per_floor":["M","T","M","M","M","R","?","R","T","$","E","M","T","M","R","B",null,"M","M","M","M","?","E","R","M","T","?","R","?","M","$","R","B",null,"M","$","M","M"],"character_chosen":"DEFECT","items_purchased":["Self Repair","Ball Lightning","Outmaneuver","Storm","Armaments","Bandage Up","DataDisk","Defragment"],"campfire_rested":0,"item_purchase_floors":[10,10,10,31,31,31,36,36],"current_hp_per_floor":[75,75,75,66,51,51,51,51,51,51,37,40,40,40,40,40,75,75,75,57,59,59,24,39,43,43,43,58,58,63,63,75,27,75,17,17,38,37,0],"gold":44,"neow_bonus":"","is_prod":false,"is_daily":true,"chose_seed":false,"campfire_upgraded":6,"win_rate":0,"timestamp":1534910380,"path_taken":["M","?","M","M","M","R","?","R","T","$","E","M","?","M","R","BOSS","M","M","M","M","?","E","R","M","T","?","R","?","M","$","R","BOSS","M","$","M","M","M"],"build_version":"2018-08-16","purchased_purges":0,"victory":false,"max_hp_per_floor":[75,75,75,75,75,75,75,75,75,75,75,75,75,75,75,75,75,75,75,75,75,75,75,75,75,75,75,75,75,75,75,75,75,75,75,75,75,75,75],"card_choices":[{"not_picked":["Leg Sweep","Tempest"],"picked":"Scrape","floor":1},{"not_picked":["Compile Driver","Power Through"],"picked":"Quick Slash","floor":3},{"not_picked":["Clash","Hologram"],"picked":"PiercingWail","floor":4},{"not_picked":["Disarm","Iron Wave"],"picked":"Conserve Battery","floor":5},{"not_picked":["Heel Hook","Wild Strike"],"picked":"Anger","floor":11},{"not_picked":["Cloak And Dagger","Streamline"],"picked":"Cold Snap","floor":12},{"not_picked":["Bane","Backflip"],"picked":"Headbutt","floor":14},{"not_picked":["Hyperbeam","Corpse Explosion"],"picked":"Amplify","floor":16},{"not_picked":["Barrage","Blizzard"],"picked":"Self Repair","floor":18},{"not_picked":["Perfected Strike+1","Barrage+1"],"picked":"Defragment+1","floor":19},{"not_picked":["True Grit","Lockon"],"picked":"Sweeping Beam","floor":20},{"not_picked":["Intimidate","Dagger Spray"],"picked":"White Noise","floor":21},{"not_picked":["Shrug It Off+1","Tempest+1"],"picked":"Sucker Punch+1","floor":23},{"not_picked":["Aggregate","Ball Lightning"],"picked":"Go for the Eyes","floor":25},{"not_picked":["Steam","Rebound"],"picked":"Coolheaded","floor":30},{"not_picked":["Berserk","Wraith Form v2"],"picked":"Rainbow","floor":33},{"not_picked":["Gash","Clothesline"],"picked":"Sword Boomerang+1","floor":35},{"not_picked":["Recycle","Flechettes"],"picked":"Beam Cell","floor":37},{"not_picked":["Entrench+1","Clothesline+1"],"picked":"Cloak And Dagger","floor":38}],"player_experience":294767,"relics_obtained":[{"floor":2,"key":"Mummified Hand"},{"floor":9,"key":"Ornamental Fan"},{"floor":11,"key":"Dream Catcher"},{"floor":13,"key":"Art of War"},{"floor":23,"key":"StoneCalendar"},{"floor":26,"key":"Kunai"}],"event_choices":[{"event_name":"Living Wall","player_choice":"Change","floor":7,"damage_taken":0},{"event_name":"FaceTrader","player_choice":"Trade","floor":22,"damage_taken":0},{"event_name":"WeMeetAgain","player_choice":"Gold","floor":27,"damage_taken":0},{"event_name":"The Woman in Blue","player_choice":"Bought 2 Potions","floor":29,"damage_taken":0}],"is_beta":false,"boss_relics":[{"not_picked":["Tiny House","Fusion Hammer"],"picked":"Eternal Feather"},{"not_picked":["Busted Crown","White Beast Statue"],"picked":"Nuclear Battery"}],"items_purged_floors":[],"is_endless":false,"potions_floor_spawned":[1,5,14,18,20,25],"killed_by":"Flame Bruiser 2 Orb","ascension_level":0}