{"gold_per_floor":[116,39,114,64,10,10,42,57,57,70,70,102,102,113,113,209,209,221,151,164,179,179],"floor_reached":22,"playtime":5786,"items_purged":[],"score":297,"play_id":"9b628816-e67f-49ae-9513-af6612a5fd6e","local_time":"20190127200937","is_ascension_mode":true,"campfire_choices":[{"data":"Noxious Fumes","floor":6.0,"key":"SMITH"},{"data":"Tools of the Trade","floor":11.0,"key":"SMITH"},{"data":"Blade Dance","floor":15.0,"key":"SMITH"}],"neow_cost":"NONE","seed_source_timestamp":24181691150485,"circlet_count":0,"master_deck":["Defend_G","Defend_G","Defend_G","Defend_G","Defend_G","Strike_G","Strike_G","Strike_G","Strike_G","Survivor","Neutralize","Noxious Fumes+1","Bouncing Flask","Backflip","Tools of the Trade+1","Envenom","Blade Dance+1","PiercingWail+1","Burst","Bouncing Flask","Well Laid Plans"],"special_seed":0,"relics":["Ring of the Serpent","Dream Catcher","Pear","Gremlin Horn","Darkstone Periapt"],"potions_floor_usage":[],"damage_taken":[{"damage":1.0,"enemies":"Small Slimes","floor":1.0,"turns":4.0},{"damage":25.0,"enemies":"Lagavulin","floor":7.0,"turns":6.0},{"damage":1.0,"enemies":"2 Louse","floor":8.0,"turns":4.0},{"damage":0.0,"enemies":"Cultist","floor":10.0,"turns":3.0},{"damage":24.0,"enemies":"Gremlin Nob","floor":12.0,"turns":5.0},{"damage":0.0,"enemies":"Blue Slaver","floor":14.0,"turns":6.0},{"damage":32.0,"enemies":"Slime Boss","floor":16.0,"turns":8.0},{"damage":14.0,"enemies":"Chosen","floor":18.0,"turns":6.0},{"damage":10.0,"enemies":"3 Byrds","floor":20.0,"turns":6.0},{"damage":45.0,"enemies":"Snecko","floor":21.0,"turns":6.0},{"damage":27,"enemies":"Sentry and Sphere","floor":22,"turns":4}],"seed_played":"-5732681928118529812","potions_obtained":[{"floor":1.0,"key":"Strength Potion"},{"floor":8.0,"key":"Weak Potion"},{"floor":14.0,"key":"Regen Potion"},{"floor":16.0,"key":"EssenceOfSteel"}],"is_trial":false,"path_per_floor":["M","$","?","?","?","R","E","M","T","M","R","E","?","M","R","B",null,"M","$","M","M","M"],"character_chosen":"THE_SILENT","items_purchased":["Bouncing Flask","Burst"],"campfire_rested":0,"item_purchase_floors":[2,19],"current_hp_per_floor":[62,62,51,51,51,51,36,35,35,35,35,11,90,90,90,58,82,68,68,58,28,1],"gold":179,"neow_bonus":"ONE_RANDOM_RARE_CARD","is_prod":false,"is_daily":false,"chose_seed":false,"campfire_upgraded":3,"win_rate":0,"timestamp":1548648577,"path_taken":["M","$","?","?","?","R","E","M","T","?","R","E","?","M","R","BOSS","M","$","M","M","M"],"build_version":"2019-01-23","purchased_purges":0,"victory":false,"max_hp_per_floor":[70,70,70,70,70,70,80,80,80,80,80,80,90,90,90,90,90,90,90,90,90,90],"card_choices":[{"not_picked":["Setup","PiercingWail"],"picked":"Noxious Fumes","floor":1.0},{"not_picked":["Flying Knee","Choke","Outmaneuver"],"picked":"SKIP","floor":7.0},{"not_picked":["Riddle With Holes","Cloak And Dagger"],"picked":"Backflip","floor":8.0},{"not_picked":["Choke","Underhanded Strike"],"picked":"Tools of the Trade","floor":10.0},{"not_picked":["Sucker Punch","Acrobatics"],"picked":"Envenom","floor":12.0},{"not_picked":["Dash","Backflip"],"picked":"Blade Dance","floor":14.0},{"not_picked":["Quick Slash","Acrobatics+1"],"picked":"PiercingWail+1","floor":18.0},{"not_picked":["Flying Knee","Prepared"],"picked":"Bouncing Flask","floor":20.0},{"not_picked":["Bouncing Flask","Phantasmal Killer"],"picked":"Well Laid Plans","floor":21.0}],"player_experience":324185,"relics_obtained":[{"floor":7.0,"key":"Pear"},{"floor":9.0,"key":"Gremlin Horn"},{"floor":12.0,"key":"Darkstone Periapt"}],"event_choices":[{"damage_healed":0.0,"max_hp_gain":0.0,"max_hp_loss":0.0,"gold_gain":75.0,"event_name":"World of Goop","player_choice":"Gather Gold","floor":3.0,"gold_loss":0.0,"damage_taken":11.0},{"cards_removed":["Strike_G"],"damage_healed":0.0,"max_hp_gain":0.0,"max_hp_loss":0.0,"gold_gain":0.0,"event_name":"The Cleric","player_choice":"Card Removal","floor":4.0,"gold_loss":50.0,"damage_taken":0.0},{"damage_healed":0.0,"max_hp_gain":0.0,"max_hp_loss":0.0,"gold_gain":0.0,"event_name":"WeMeetAgain","player_choice":"Paid Gold","floor":5.0,"gold_loss":54.0,"damage_taken":0.0,"relics_obtained":["Dream Catcher"]},{"cards_removed":["Phantasmal Killer"],"damage_healed":69.0,"max_hp_gain":10.0,"max_hp_loss":0.0,"gold_gain":0.0,"event_name":"Bonfire Elementals","player_choice":"Offered Rare","floor":13.0,"gold_loss":0.0,"damage_taken":0.0}],"is_beta":false,"boss_relics":[{"not_picked":["Tiny House","Coffee Dripper"],"picked":"Ring of the Serpent"}],"items_purged_floors":[],"is_endless":false,"potions_floor_spawned":[1,8,14,16],"killed_by":"Sentry and Sphere","ascension_level":8}