{"gold_per_floor":[18,18,32,47,63,94,94,127,127,142,158,174,184,195,195,294,294,307,307,307,14,29,29,57,57,57,57,89,89,43,59,59,161,161],"floor_reached":34,"playtime":1646,"items_purged":[],"score":404,"play_id":"e0a0e53f-a7e4-4862-8dcc-82f6709f6110","local_time":"20190210143752","is_ascension_mode":false,"campfire_choices":[{"floor":7,"key":"REST"},{"data":"Metallicize","floor":15,"key":"SMITH"},{"floor":23,"key":"REST"},{"floor":25,"key":"REST"},{"data":"Combust","floor":27,"key":"SMITH"},{"data":"Barricade","floor":32,"key":"SMITH"}],"neow_cost":"NO_GOLD","seed_source_timestamp":265797836629379,"circlet_count":0,"master_deck":["Strike_R","Strike_R","Strike_R","Strike_R","Defend_R","Defend_R","Defend_R","Inflame","Combust+1","Metallicize+1","Clash","Shrug It Off","Clash","Anger","Anger","Cleave","Barricade+1","Iron Wave","J.A.X.+1","Shrug It Off+1","Armaments+1","Impervious+1","Shrug It Off+1","Fire Breathing+1","Impervious+1"],"relics":["Black Blood","Magic Flower","Anchor","Toxic Egg 2","Black Star","Enchiridion","WingedGreaves","Mummified Hand","Pantograph","Mango","Vajra","Self Forming Clay"],"potions_floor_usage":[24],"damage_taken":[{"damage":4,"enemies":"2 Louse","floor":1,"turns":3},{"damage":8,"enemies":"Small Slimes","floor":3,"turns":3},{"damage":6,"enemies":"Jaw Worm","floor":4,"turns":3},{"damage":9,"enemies":"Exordium Wildlife","floor":5,"turns":4},{"damage":29,"enemies":"Lagavulin","floor":6,"turns":7},{"damage":19,"enemies":"Gremlin Nob","floor":8,"turns":5},{"damage":6,"enemies":"Red Slaver","floor":10,"turns":4},{"damage":1,"enemies":"Blue Slaver","floor":11,"turns":3},{"damage":2,"enemies":"Looter","floor":12,"turns":3},{"damage":3,"enemies":"Exordium Wildlife","floor":13,"turns":3},{"damage":0,"enemies":"Exordium Thugs","floor":14,"turns":2},{"damage":71,"enemies":"The Guardian","floor":16,"turns":8},{"damage":27,"enemies":"Chosen","floor":18,"turns":7},{"damage":2,"enemies":"2 Thieves","floor":22,"turns":3},{"damage":55,"enemies":"Slavers","floor":24,"turns":7},{"damage":35,"enemies":"Book of Stabbing","floor":28,"turns":6},{"damage":8,"enemies":"Centurion and Healer","floor":31,"turns":5},{"damage":22,"enemies":"Automaton","floor":33,"turns":9}],"seed_played":"1582196961059090536","potions_obtained":[{"floor":1,"key":"SpeedPotion"},{"floor":4,"key":"GamblersBrew"},{"floor":5,"key":"Dexterity Potion"},{"floor":16,"key":"Regen Potion"},{"floor":24,"key":"Fire Potion"}],"is_trial":false,"path_per_floor":["?","?","?","?","$"],"character_chosen":"IRONCLAD","items_purchased":["WingedGreaves","Shrug It Off+1"],"campfire_rested":3,"item_purchase_floors":[21,30],"current_hp_per_floor":[80,73,71,71,68,45,69,59,59,62,70,77,80,80,80,18,80,62,62,46,46,53,77,45,69,83,83,57,88,88,89,89,81,94],"gold":161,"neow_bonus":"TRANSFORM_TWO_CARDS","is_prod":false,"is_daily":false,"chose_seed":false,"campfire_upgraded":3,"win_rate":0,"timestamp":1549827472,"path_taken":["M","?","M","M","M","E","R","E","T","M","M","M","M","M","R","BOSS","M","?","?","$","M","R","E","R","T","R","E","?","?","M","R","BOSS"],"build_version":"2019-01-23","purchased_purges":0,"victory":false,"max_hp_per_floor":[80,80,80,80,80,80,80,80,80,80,80,80,80,80,80,80,80,80,80,80,80,80,80,80,80,94,94,94,94,94,94,94,94,94],"card_choices":[{"not_picked":["Body Slam","Perfected Strike","Seeing Red"],"picked":"SKIP","floor":1},{"not_picked":["Ghostly Armor","Headbutt"],"picked":"Metallicize","floor":3},{"not_picked":["Shockwave","True Grit"],"picked":"Clash","floor":4},{"not_picked":["Heavy Blade","Power Through","Headbutt"],"picked":"SKIP","floor":5},{"not_picked":["Corruption","Pommel Strike","Fiend Fire"],"picked":"SKIP","floor":6},{"not_picked":["Wild Strike","Havoc"],"picked":"Shrug It Off","floor":8},{"not_picked":["Reckless Charge","Power Through+1"],"picked":"Clash","floor":10},{"not_picked":["Headbutt","Sentinel+1"],"picked":"Anger","floor":11},{"not_picked":["Burning Pact+1","Havoc+1"],"picked":"Anger","floor":12},{"not_picked":["True Grit+1","Wild Strike"],"picked":"Cleave","floor":13},{"not_picked":["True Grit+1","Searing Blow","Carnage"],"picked":"SKIP","floor":14},{"not_picked":["Demon Form","Brutality"],"picked":"Barricade","floor":16},{"not_picked":["Wild Strike","Pommel Strike"],"picked":"Iron Wave","floor":18},{"not_picked":["Ghostly Armor+1","Wild Strike"],"picked":"Shrug It Off+1","floor":22},{"not_picked":["Pommel Strike","Rampage"],"picked":"Armaments+1","floor":24},{"not_picked":["Headbutt+1","Twin Strike+1"],"picked":"Impervious+1","floor":28},{"not_picked":["Pommel Strike+1","Twin Strike"],"picked":"Fire Breathing+1","floor":31},{"not_picked":["Brutality","Exhume+1"],"picked":"Impervious+1","floor":33}],"player_experience":377790,"relics_obtained":[{"floor":6,"key":"Magic Flower"},{"floor":8,"key":"Anchor"},{"floor":9,"key":"Toxic Egg 2"},{"floor":20,"key":"Enchiridion"},{"floor":24,"key":"Mummified Hand"},{"floor":24,"key":"Pantograph"},{"floor":26,"key":"Mango"},{"floor":28,"key":"Vajra"},{"floor":28,"key":"Self Forming Clay"}],"event_choices":[{"cards_removed":["Defend_R"],"damage_healed":0,"gold_gain":0,"player_choice":"Card Removal","damage_taken":7,"max_hp_gain":0,"max_hp_loss":0,"event_name":"Golden Wing","floor":2,"gold_loss":0},{"damage_healed":0,"gold_gain":0,"player_choice":"Obtain J.A.X.","damage_taken":0,"max_hp_gain":0,"max_hp_loss":0,"event_name":"Drug Dealer","floor":19,"gold_loss":0,"cards_obtained":["J.A.X."]},{"damage_healed":0,"gold_gain":0,"player_choice":"Obtained Book","damage_taken":16,"max_hp_gain":0,"max_hp_loss":0,"event_name":"Cursed Tome","floor":20,"gold_loss":0},{"damage_healed":31,"gold_gain":0,"player_choice":"Heal","damage_taken":0,"max_hp_gain":0,"max_hp_loss":0,"event_name":"The Library","floor":29,"gold_loss":0}],"is_beta":false,"boss_relics":[{"not_picked":["Astrolabe","Cursed Key"],"picked":"Black Star"},{"not_picked":["Snecko Eye","Tiny House"],"picked":"Black Blood"}],"items_purged_floors":[],"is_endless":false,"potions_floor_spawned":[1,4,5,10,11,16,24],"ascension_level":0}