{"gold_per_floor":[109,29,29,47,47,47,47,47,47,82,82,126,141,155,155,281,281,299,315,335,335,359,359,359,359,359,383,383,383,383,363,363,363],"floor_reached":33,"playtime":2799,"items_purged":[],"score":292,"play_id":"343c6ef2-d2b0-4eb2-b88a-2ba48e1cc024","local_time":"20181026190417","is_ascension_mode":true,"campfire_choices":[{"data":"Footwork","floor":6,"key":"SMITH"},{"data":"Flechettes","floor":8,"key":"SMITH"},{"data":"Infinite Blades","floor":11,"key":"SMITH"},{"floor":15,"key":"REST"},{"data":"Cloak And Dagger","floor":23,"key":"SMITH"},{"data":"Dodge and Roll","floor":25,"key":"SMITH"},{"floor":28,"key":"REST"},{"data":"Blade Dance","floor":30,"key":"SMITH"},{"floor":32,"key":"REST"}],"neow_cost":"NONE","seed_source_timestamp":1385150157881747,"circlet_count":0,"master_deck":["Defend_G","Defend_G","Defend_G+1","Defend_G","Defend_G","Strike_G","Strike_G","Strike_G","Strike_G+1","Strike_G","Survivor","Neutralize","Backflip","Footwork+1","Injury","Flechettes+1","Infinite Blades+1","PiercingWail","Leg Sweep","Dodge and Roll+1","Flying Knee","Adrenaline","Blade Dance+1","PiercingWail","Cloak And Dagger+1","RitualDagger","Prepared+1","Backflip+1","PiercingWail+1"],"relics":["Ring of the Snake","NeowsBlessing","Golden Idol","Pantograph","The Courier","Dream Catcher","WristBlade","MutagenicStrength","Art of War"],"potions_floor_usage":[16,16,22,27,33,33,33],"damage_taken":[{"damage":0,"enemies":"Cultist","floor":1,"turns":1},{"damage":0,"enemies":"2 Louse","floor":4,"turns":1},{"damage":0,"enemies":"Gremlin Nob","floor":10,"turns":1},{"damage":2,"enemies":"3 Sentries","floor":12,"turns":11},{"damage":0,"enemies":"Small Slimes","floor":13,"turns":4},{"damage":11,"enemies":"3 Louse","floor":14,"turns":5},{"damage":26,"enemies":"Slime Boss","floor":16,"turns":15},{"damage":16,"enemies":"Spheric Guardian","floor":18,"turns":5},{"damage":0,"enemies":"Chosen","floor":19,"turns":7},{"damage":7,"enemies":"Shelled Parasite and Fungi","floor":20,"turns":9},{"damage":3,"enemies":"Snecko","floor":22,"turns":5},{"damage":22,"enemies":"Snake Plant","floor":27,"turns":9},{"damage":122,"enemies":"Automaton","floor":33,"turns":12}],"seed_played":"3248997378747007486","potions_obtained":[{"floor":1,"key":"Strength Potion"},{"floor":4,"key":"Weak Potion"},{"floor":13,"key":"FearPotion"},{"floor":18,"key":"EssenceOfSteel"},{"floor":22,"key":"PowerPotion"},{"floor":27,"key":"Fire Potion"},{"floor":31,"key":"Block Potion"}],"is_trial":false,"path_per_floor":["M","$","?","M","?","R","?","R","T","E","R","E","M","M","R","B",null,"M","M","M","?","M","R","?","R","T","M","R","?","R","?","R"],"character_chosen":"THE_SILENT","items_purchased":["Footwork"],"campfire_rested":3,"item_purchase_floors":[2],"current_hp_per_floor":[70,70,70,70,70,70,56,56,56,56,56,54,54,43,64,44,70,54,54,47,41,38,38,38,38,38,16,37,37,37,37,58,0],"gold":363,"neow_bonus":"THREE_ENEMY_KILL","is_prod":false,"is_daily":false,"chose_seed":false,"campfire_upgraded":6,"win_rate":0,"timestamp":1540602257,"path_taken":["M","$","?","M","?","R","?","R","T","E","R","E","M","M","R","BOSS","M","M","M","?","M","R","?","R","T","?","R","?","R","?","R","BOSS"],"build_version":"2018-10-25v2","purchased_purges":0,"victory":false,"max_hp_per_floor":[70,70,70,70,70,70,70,70,70,70,70,70,70,70,70,70,70,70,70,70,70,70,70,70,70,70,70,70,70,70,70,70,70],"card_choices":[{"not_picked":["Outmaneuver","Riddle With Holes"],"picked":"Backflip","floor":1},{"not_picked":["Dagger Throw","Endless Agony"],"picked":"Flechettes","floor":4},{"not_picked":["Calculated Gamble","Bullet Time"],"picked":"Infinite Blades","floor":10},{"not_picked":["Quick Slash","Outmaneuver"],"picked":"PiercingWail","floor":12},{"not_picked":["Corpse Explosion","Quick Slash"],"picked":"Leg Sweep","floor":13},{"not_picked":["Backflip","Deadly Poison"],"picked":"Dodge and Roll","floor":14},{"not_picked":["Quick Slash","Expertise"],"picked":"Flying Knee","floor":15},{"not_picked":["After Image","Grand Finale"],"picked":"Adrenaline","floor":16},{"not_picked":["Outmaneuver","Acrobatics"],"picked":"Blade Dance","floor":18},{"not_picked":["Dagger Throw","All Out Attack"],"picked":"PiercingWail","floor":19},{"not_picked":["Backflip","Quick Slash"],"picked":"Cloak And Dagger","floor":20},{"not_picked":["Corpse Explosion","Reflex+1"],"picked":"Prepared+1","floor":22},{"not_picked":["Masterful Stab","Acrobatics"],"picked":"Backflip+1","floor":27},{"not_picked":["Acrobatics","Dagger Spray"],"picked":"PiercingWail+1","floor":28}],"player_experience":876976,"relics_obtained":[{"floor":9,"key":"Pantograph"},{"floor":10,"key":"The Courier"},{"floor":12,"key":"Dream Catcher"},{"floor":26,"key":"Art of War"}],"event_choices":[{"damage_healed":0,"gold_gain":0,"player_choice":"Take Wound","damage_taken":0,"relics_obtained":["Golden Idol"],"max_hp_gain":0,"max_hp_loss":0,"event_name":"Golden Idol","floor":3,"gold_loss":0,"cards_obtained":["Injury"]},{"damage_healed":0,"gold_gain":0,"player_choice":"Ignored","damage_taken":0,"max_hp_gain":0,"max_hp_loss":0,"event_name":"Golden Wing","floor":5,"gold_loss":0},{"damage_healed":0,"gold_gain":0,"player_choice":"Entered Light","damage_taken":14,"max_hp_gain":0,"max_hp_loss":0,"event_name":"Shining Light","floor":7,"gold_loss":0,"cards_upgraded":["Defend_G","Strike_G"]},{"damage_healed":0,"gold_gain":0,"player_choice":"Joined the Cult","damage_taken":6,"max_hp_gain":0,"max_hp_loss":0,"event_name":"Nest","floor":21,"gold_loss":0,"cards_obtained":["RitualDagger"]},{"damage_healed":0,"gold_gain":0,"player_choice":"Inject Mutagens","damage_taken":0,"relics_obtained":["MutagenicStrength"],"max_hp_gain":0,"max_hp_loss":0,"event_name":"Drug Dealer","floor":24,"gold_loss":0},{"damage_healed":0,"gold_gain":0,"player_choice":"Ignored","damage_taken":0,"max_hp_gain":0,"max_hp_loss":0,"event_name":"Ghosts","floor":29,"gold_loss":0},{"damage_healed":0,"gold_gain":0,"player_choice":"Bought 1 Potion","damage_taken":0,"max_hp_gain":0,"max_hp_loss":0,"event_name":"The Woman in Blue","floor":31,"gold_loss":0}],"is_beta":false,"boss_relics":[{"not_picked":["Philosopher\u0027s Stone","HoveringKite"],"picked":"WristBlade"}],"items_purged_floors":[],"is_endless":false,"potions_floor_spawned":[1,4,13,14,18,22,27],"killed_by":"Automaton","ascension_level":1}