{"gold_per_floor":[114,189,189,203,217,253,253,266,342,342,342,380,396,421,421,550,550,566,566,104,104,123,123],"floor_reached":23,"playtime":863,"items_purged":[],"score":201,"play_id":"b49d02e4-e3ad-4bc8-a5d0-2af64ea32e20","local_time":"20180801230715","is_ascension_mode":false,"campfire_choices":[{"floor":7,"key":"REST"},{"floor":10,"key":"REST"},{"data":"Armaments","floor":15,"key":"SMITH"}],"neow_cost":"NONE","seed_source_timestamp":47742331642421,"circlet_count":0,"master_deck":["Strike_R","Strike_R","Strike_R","Strike_R","Strike_R","Defend_R","Defend_R","Defend_R","Defend_R","Bash","Twin Strike","Carnage","Twin Strike","Twin Strike","Carnage","Warcry","Spot Weakness","Ghostly Armor","Armaments+1","Barricade","Pummel","Cleave","RitualDagger","Sword Boomerang"],"relics":["Burning Blood","Golden Idol","Incense Burner","Gremlin Horn","Strawberry","Bag of Preparation","Eternal Feather","Enchiridion","Boot","Mercury Hourglass"],"potions_floor_usage":[12,13,22,23,23],"damage_taken":[{"damage":1,"enemies":"2 Louse","floor":1,"turns":3},{"damage":11,"enemies":"Jaw Worm","floor":4,"turns":2},{"damage":1,"enemies":"Cultist","floor":5,"turns":3},{"damage":27,"enemies":"3 Sentries","floor":6,"turns":7},{"damage":19,"enemies":"Blue Slaver","floor":8,"turns":3},{"damage":1,"enemies":"Gremlin Nob","floor":12,"turns":3},{"damage":8,"enemies":"Gremlin Gang","floor":13,"turns":3},{"damage":11,"enemies":"Looter","floor":14,"turns":3},{"damage":31,"enemies":"The Guardian","floor":16,"turns":13},{"damage":32,"enemies":"Chosen","floor":18,"turns":6},{"damage":15,"enemies":"Spheric Guardian","floor":22,"turns":4},{"damage":43,"enemies":"Slavers","floor":23,"turns":4}],"seed_played":"7686096120580188568","potions_obtained":[{"floor":5,"key":"GamblersBrew"},{"floor":6,"key":"EssenceOfSteel"},{"floor":8,"key":"AttackPotion"},{"floor":14,"key":"Regen Potion"},{"floor":22,"key":"SneckoOil"}],"is_trial":false,"path_per_floor":["M","?","?","M","M","E","R","M","T","R","?","E","M","M","R","B",null,"M","?","$","?","M"],"character_chosen":"IRONCLAD","items_purchased":["Boot","Mercury Hourglass","Cleave"],"campfire_rested":2,"item_purchase_floors":[20,20,20],"current_hp_per_floor":[80,69,49,44,49,28,52,39,39,63,63,68,66,61,61,36,87,61,45,45,39,42,0],"gold":123,"neow_bonus":"THREE_CARDS","is_prod":false,"is_daily":false,"chose_seed":false,"campfire_upgraded":1,"win_rate":0,"timestamp":1533186435,"path_taken":["M","?","?","M","?","E","R","M","T","R","?","E","M","M","R","BOSS","M","?","$","?","?","E"],"build_version":"2018-07-26","purchased_purges":0,"victory":false,"max_hp_per_floor":[80,80,80,80,80,80,80,80,80,80,87,87,87,87,87,87,87,87,87,87,87,87,87],"card_choices":[{"not_picked":["Heavy Blade","True Grit"],"picked":"Twin Strike","floor":0},{"not_picked":["Clash","Rupture"],"picked":"Carnage","floor":1},{"not_picked":["Sever Soul","Clash"],"picked":"Twin Strike","floor":4},{"not_picked":["Heavy Blade","Anger"],"picked":"Twin Strike","floor":5},{"not_picked":["Brutality","Bloodletting"],"picked":"Carnage","floor":6},{"not_picked":["Fire Breathing","Havoc"],"picked":"Warcry","floor":8},{"not_picked":["Flex","Whirlwind"],"picked":"Spot Weakness","floor":12},{"not_picked":["Dropkick","Warcry"],"picked":"Ghostly Armor","floor":13},{"not_picked":["Shrug It Off","Headbutt"],"picked":"Armaments","floor":14},{"not_picked":["Impervious","Feed"],"picked":"Barricade","floor":16},{"not_picked":["Pommel Strike","Ghostly Armor"],"picked":"Pummel","floor":18},{"not_picked":["True Grit","Rampage"],"picked":"Sword Boomerang","floor":22}],"player_experience":151928,"relics_obtained":[{"floor":6,"key":"Incense Burner"},{"floor":9,"key":"Gremlin Horn"},{"floor":12,"key":"Bag of Preparation"},{"floor":19,"key":"Enchiridion"}],"event_choices":[{"event_name":"World of Goop","player_choice":"Gather Gold","floor":2,"damage_taken":0},{"event_name":"Golden Idol","player_choice":"Take Damage","floor":3,"damage_taken":0},{"event_name":"Scrap Ooze","player_choice":"success","floor":11,"damage_taken":7},{"event_name":"Cursed Tome","player_choice":"Obtained Book","floor":19,"damage_taken":0},{"event_name":"Nest","player_choice":"Joined the Cult","floor":21,"damage_taken":0}],"is_beta":false,"boss_relics":[{"not_picked":["Velvet Choker","Mark of Pain"],"picked":"Eternal Feather"}],"items_purged_floors":[],"is_endless":false,"potions_floor_spawned":[5,6,8,14,22],"killed_by":"Slavers","ascension_level":0}