{"gold_per_floor":[116,116,1,1,13,13,48,48,48,74,74,35,35,54,54,154,154,173,190,190,12,12,44,44,44],"floor_reached":25,"playtime":1157,"items_purged":["Defend_R","Bash"],"score":318,"play_id":"54934b02-bbf4-4770-8363-6c82d31d9bb3","local_time":"20190320142655","is_ascension_mode":true,"campfire_choices":[{"data":"True Grit","floor":6,"key":"SMITH"},{"data":"Anger","floor":8,"key":"SMITH"},{"floor":13,"key":"REST"},{"floor":15,"key":"REST"},{"floor":24,"key":"REST"}],"neow_cost":"NONE","seed_source_timestamp":399172664614714,"circlet_count":0,"master_deck":["Defend_R","Defend_R+1","Defend_R","Bash+1","Anger+1","Battle Trance","Spot Weakness","True Grit+1","Feel No Pain+1","Armaments","Limit Break","Inflame+1","Disarm","Bite","Bite","Bite","Bite","Bite","Metallicize+1","Demon Form+1"],"relics":["Burning Blood","Bag of Preparation","Bottled Flame","Frozen Egg 2","Mercury Hourglass","Orrery","Red Skull"],"potions_floor_usage":[19,25,25],"damage_taken":[{"damage":11,"enemies":"Small Slimes","floor":1,"turns":5},{"damage":1,"enemies":"Cultist","floor":5,"turns":3},{"damage":32,"enemies":"3 Sentries","floor":7,"turns":9},{"damage":17,"enemies":"Gremlin Nob","floor":10,"turns":4},{"damage":0,"enemies":"Jaw Worm","floor":14,"turns":2},{"damage":13,"enemies":"The Guardian","floor":16,"turns":9},{"damage":14,"enemies":"Chosen","floor":18,"turns":5},{"damage":24,"enemies":"3 Byrds","floor":19,"turns":6},{"damage":43,"enemies":"Book of Stabbing","floor":23,"turns":6},{"damage":41,"enemies":"Shelled Parasite and Fungi","floor":25,"turns":2}],"seed_played":"1899374684270271552","potions_obtained":[{"floor":7,"key":"PowerPotion"},{"floor":10,"key":"SteroidPotion"},{"floor":14,"key":"AttackPotion"},{"floor":19,"key":"Dexterity Potion"}],"is_trial":false,"path_per_floor":["?","T","?","?","?"],"character_chosen":"IRONCLAD","items_purchased":["Spot Weakness","Feel No Pain+1","Metallicize+1"],"campfire_rested":3,"item_purchase_floors":[3,12,21],"current_hp_per_floor":[67,67,67,67,72,72,46,46,46,35,19,19,43,49,73,66,77,69,51,51,51,42,13,31,0],"gold":44,"neow_bonus":"UPGRADE_CARD","is_prod":false,"is_daily":false,"chose_seed":false,"campfire_upgraded":2,"win_rate":0,"timestamp":1553106415,"path_taken":["M","?","$","?","M","R","E","R","T","E","?","$","R","M","R","BOSS","M","M","?","$","?","E","R","M"],"build_version":"2019-01-23","purchased_purges":2,"victory":false,"max_hp_per_floor":[80,80,80,80,80,80,80,80,80,80,80,80,80,80,80,80,80,80,80,56,56,61,61,61,61],"card_choices":[{"not_picked":["Heavy Blade","Clash"],"picked":"Anger","floor":1},{"not_picked":["Clothesline","Cleave"],"picked":"True Grit","floor":5},{"not_picked":["Reckless Charge","Sword Boomerang","Second Wind"],"picked":"SKIP","floor":7},{"not_picked":["Bloodletting","Power Through","Infernal Blade"],"picked":"SKIP","floor":10},{"not_picked":["Wild Strike","Carnage"],"picked":"Armaments","floor":14},{"not_picked":["Feed","Brutality+1"],"picked":"Limit Break","floor":16},{"not_picked":["Clash","Iron Wave"],"picked":"Inflame+1","floor":17},{"not_picked":["Wild Strike","Perfected Strike","Clothesline"],"picked":"SKIP","floor":18},{"not_picked":["Clash","Warcry"],"picked":"Disarm","floor":19},{"not_picked":["Intimidate+1","Uppercut+1"],"picked":"Demon Form+1","floor":23}],"player_experience":834106,"relics_obtained":[{"floor":4,"key":"Bag of Preparation"},{"floor":7,"key":"Bottled Flame"},{"floor":9,"key":"Frozen Egg 2"},{"floor":10,"key":"Mercury Hourglass"},{"floor":23,"key":"Red Skull"}],"event_choices":[{"damage_healed":0,"gold_gain":0,"player_choice":"2 cards matched","damage_taken":0,"max_hp_gain":0,"max_hp_loss":0,"event_name":"Match and Keep!","floor":2,"gold_loss":0,"cards_obtained":["Battle Trance","Bash"]},{"damage_healed":0,"gold_gain":0,"player_choice":"Entered Light","damage_taken":16,"max_hp_gain":0,"max_hp_loss":0,"event_name":"Shining Light","floor":11,"gold_loss":0,"cards_upgraded":["Strike_R","Defend_R"]},{"damage_healed":0,"gold_gain":0,"player_choice":"Became a vampire","damage_taken":0,"max_hp_gain":0,"max_hp_loss":24,"event_name":"Vampires","floor":20,"gold_loss":0,"cards_obtained":["Bite","Bite","Bite","Bite","Bite"]},{"damage_healed":0,"gold_gain":0,"player_choice":"Shed Blood","damage_taken":14,"max_hp_gain":5,"max_hp_loss":0,"event_name":"Forgotten Altar","floor":22,"gold_loss":0}],"is_beta":false,"boss_relics":[{"not_picked":["Lizard Tail","Cursed Key"],"picked":"Orrery"}],"items_purged_floors":[3,21],"is_endless":false,"potions_floor_spawned":[7,10,14,19],"killed_by":"Shelled Parasite and Fungi","ascension_level":6}