{"gold_per_floor":[114,80,51,51,66,66,96,111,111,61,76,91,91,106,106,106],"floor_reached":16,"playtime":850,"items_purged":[],"score":102,"play_id":"439d902b-390a-4236-a7b7-12ca844dfc30","local_time":"20180730110049","daily_mods":["Diverse","Lethality","Terminal"],"is_ascension_mode":false,"campfire_choices":[{"data":"Cloak And Dagger","floor":6,"key":"SMITH"},{"data":"Blade Dance","floor":13,"key":"SMITH"},{"data":"Blur","floor":15,"key":"SMITH"}],"neow_cost":"","seed_source_timestamp":0,"circlet_count":0,"master_deck":["Strike_R","Strike_R","Strike_R","Strike_R","Strike_R","Defend_R","Defend_R","Defend_R","Defend_R","Bash","Cloak And Dagger+1","Blur+1","Sword Boomerang","Blade Dance+1","Cold Snap","Shrug It Off","Redo"],"special_seed":17742,"relics":["Burning Blood","Singing Bowl","Self Forming Clay","Letter Opener"],"potions_floor_usage":[7],"damage_taken":[{"damage":0,"enemies":"Cultist","floor":1,"turns":2},{"damage":0,"enemies":"Jaw Worm","floor":5,"turns":3},{"damage":13,"enemies":"Lagavulin","floor":7,"turns":5},{"damage":0,"enemies":"2 Louse","floor":8,"turns":1},{"damage":0,"enemies":"Blue Slaver","floor":11,"turns":3},{"damage":0,"enemies":"2 Fungi Beasts","floor":12,"turns":2},{"damage":5,"enemies":"3 Louse","floor":14,"turns":2},{"damage":73,"enemies":"The Guardian","floor":16,"turns":14}],"seed_played":"3676121671515635212","potions_obtained":[{"floor":5,"key":"Energy Potion"},{"floor":7,"key":"SpeedPotion"}],"is_trial":false,"path_per_floor":["M","$","?","?","M","R","E","M","T","$","M","M","R","M","R"],"character_chosen":"IRONCLAD","items_purchased":["Blur","Shrug It Off"],"campfire_rested":0,"item_purchase_floors":[2,10],"current_hp_per_floor":[78,77,76,73,74,73,66,71,70,69,68,69,68,69,68,0],"gold":106,"neow_bonus":"","is_prod":false,"is_daily":true,"chose_seed":false,"campfire_upgraded":3,"win_rate":0.0,"timestamp":1532970049,"path_taken":["M","$","?","?","M","R","E","M","T","?","M","M","R","M","R","BOSS"],"build_version":"2018-07-26","purchased_purges":0,"victory":false,"max_hp_per_floor":[78,77,76,75,74,73,72,71,70,69,68,69,68,69,68,68],"card_choices":[{"not_picked":["True Grit","Havoc"],"picked":"Cloak And Dagger","floor":1},{"not_picked":["Bane","Power Through"],"picked":"Sword Boomerang","floor":5},{"not_picked":["Outmaneuver","Havoc"],"picked":"Blade Dance","floor":7},{"not_picked":["Prepared","Shockwave"],"picked":"Cold Snap","floor":8},{"not_picked":["Stack","Burning Pact"],"picked":"Redo","floor":11},{"not_picked":["Gash","Reinforced Body","Dropkick"],"picked":"Singing Bowl","floor":12},{"not_picked":["Creative AI","Rebound","Tempest"],"picked":"Singing Bowl","floor":14}],"player_experience":90745,"relics_obtained":[{"floor":7,"key":"Self Forming Clay"},{"floor":9,"key":"Letter Opener"}],"event_choices":[{"event_name":"World of Goop","player_choice":"Left","floor":3,"damage_taken":0},{"event_name":"Scrap Ooze","player_choice":"success","floor":4,"damage_taken":3}],"is_beta":false,"boss_relics":[],"items_purged_floors":[],"is_endless":false,"potions_floor_spawned":[5,7],"killed_by":"The Guardian","ascension_level":0}