{"gold_per_floor":[114,114,128,207,172,172,188,213,236,246,246,97,156,182,194,310,322,345,377,400,45,63,63],"floor_reached":23,"playtime":38817,"items_purged":["Strike_R"],"score":316,"play_id":"9ee0d47b-82c7-4d27-8894-b70816dea9b1","local_time":"20190327100958","is_ascension_mode":true,"campfire_choices":[{"data":"Strike_R","floor":6,"key":"SMITH"},{"data":"Flame Barrier","floor":11,"key":"SMITH"},{"data":"Disarm","floor":15,"key":"SMITH"}],"neow_cost":"PERCENT_DAMAGE","seed_source_timestamp":950668341813010,"circlet_count":0,"master_deck":["Strike_R","Strike_R","Strike_R","Strike_R+1","Defend_R","Defend_R","Defend_R","Defend_R","Bash+1","Disarm+1","Metallicize","Flame Barrier+1","Spot Weakness","Carnage","Seeing Red","Headbutt+1"],"relics":["Burning Blood","Vajra","Boot","Tiny Chest","MawBank","Runic Pyramid","Bronze Scales","Regal Pillow"],"potions_floor_usage":[],"damage_taken":[{"damage":4,"enemies":"Jaw Worm","floor":1,"turns":4},{"damage":6,"enemies":"2 Louse","floor":3,"turns":3},{"damage":6,"enemies":"Cultist","floor":7,"turns":4},{"damage":50,"enemies":"Gremlin Nob","floor":8,"turns":5},{"damage":4,"enemies":"Exordium Wildlife","floor":10,"turns":5},{"damage":21,"enemies":"Lagavulin","floor":13,"turns":7},{"damage":20,"enemies":"The Guardian","floor":16,"turns":16},{"damage":22,"enemies":"3 Byrds","floor":18,"turns":7},{"damage":2,"enemies":"Chosen","floor":19,"turns":6},{"damage":24,"enemies":"Snake Plant","floor":20,"turns":4},{"damage":33,"enemies":"Sentry and Sphere","floor":22,"turns":11},{"damage":0,"enemies":"Slavers","floor":23,"turns":1}],"seed_played":"4389754401954565055","potions_obtained":[{"floor":3,"key":"Fire Potion"},{"floor":8,"key":"Ancient Potion"},{"floor":10,"key":"Dexterity Potion"}],"is_trial":false,"path_per_floor":["?","?","?","M","$","T"],"character_chosen":"IRONCLAD","items_purchased":["Spot Weakness","Carnage","Bronze Scales","Regal Pillow"],"campfire_rested":0,"item_purchase_floors":[12,12,21,21],"current_hp_per_floor":[69,69,69,69,93,93,93,49,49,51,51,51,36,36,36,22,78,62,66,48,48,21,21],"gold":63,"neow_bonus":"TWENTY_PERCENT_HP_BONUS","is_prod":false,"is_daily":false,"chose_seed":false,"campfire_upgraded":3,"win_rate":0,"timestamp":1553695798,"path_taken":["M","?","M","?","?","R","M","E","T","?","R","?","E","?","R","BOSS","M","M","M","$","M","E"],"build_version":"2019-01-23","purchased_purges":1,"victory":false,"max_hp_per_floor":[96,96,96,96,96,96,96,96,96,96,96,96,96,96,96,96,96,96,96,96,96,96,96],"card_choices":[{"not_picked":["Sword Boomerang","Rupture"],"picked":"Disarm","floor":1},{"not_picked":["Fire Breathing","Burning Pact","Dual Wield"],"picked":"SKIP","floor":3},{"not_picked":["Armaments","Second Wind"],"picked":"Metallicize","floor":7},{"not_picked":["Corruption","Twin Strike"],"picked":"Flame Barrier","floor":8},{"not_picked":["Rage","Wild Strike","Pummel"],"picked":"SKIP","floor":10},{"not_picked":["Warcry","Rampage","Power Through"],"picked":"SKIP","floor":13},{"not_picked":["Twin Strike","Pummel","Thunderclap"],"picked":"SKIP","floor":18},{"not_picked":["Perfected Strike","Iron Wave"],"picked":"Seeing Red","floor":19},{"not_picked":["Combust","Intimidate"],"picked":"Headbutt+1","floor":20},{"not_picked":["Rupture","Anger","Sever Soul+1"],"picked":"SKIP","floor":22}],"player_experience":1047645,"relics_obtained":[{"floor":8,"key":"Vajra"},{"floor":9,"key":"Boot"},{"floor":13,"key":"Tiny Chest"},{"floor":14,"key":"MawBank"}],"event_choices":[{"damage_healed":0,"gold_gain":0,"player_choice":"Grow","damage_taken":0,"max_hp_gain":0,"max_hp_loss":0,"event_name":"Living Wall","floor":2,"gold_loss":0,"cards_upgraded":["Bash"]},{"damage_healed":0,"gold_gain":79,"player_choice":"Gained Gold","damage_taken":0,"max_hp_gain":0,"max_hp_loss":0,"event_name":"Golden Wing","floor":4,"gold_loss":0},{"damage_healed":24,"gold_gain":0,"player_choice":"Healed","damage_taken":0,"max_hp_gain":0,"max_hp_loss":0,"event_name":"The Cleric","floor":5,"gold_loss":35}],"is_beta":false,"boss_relics":[{"not_picked":["Runic Dome","Tiny House"],"picked":"Runic Pyramid"}],"items_purged_floors":[21],"is_endless":false,"potions_floor_spawned":[3,8,10,13,16,18],"killed_by":"Slavers","ascension_level":9}