{"path_per_floor":["M","M","M","M","?","R","M","R","T","R","E","?","M","$","R","B",null,"M","?","$","M","M","R"],"character_chosen":"THE_SILENT","items_purchased":["Mummified Hand","Noxious Fumes","Deadly Poison"],"gold_per_floor":[116,136,147,163,163,163,181,181,181,181,217,247,261,19,19,150,150,164,164,65,83,101,101],"floor_reached":24,"campfire_rested":2,"playtime":1483,"current_hp_per_floor":[68,65,58,54,54,54,48,48,48,48,40,40,39,39,58,4,65,59,59,59,30,11,30],"items_purged":[],"gold":101,"score":198,"play_id":"2abb9963-2b56-46d3-8a49-5dda145d4965","is_prod":false,"is_daily":false,"is_ascension_mode":false,"campfire_upgraded":3,"path_taken":["M","?","M","?","?","R","M","R","T","R","E","?","M","?","R","BOSS","M","?","?","?","M","R","E"],"build_version":"2018-02-08-PROD1","purchased_purges":0,"victory":false,"master_deck":["Defend_G","Defend_G","Defend_G","Defend_G","Defend_G","Strike_G","Strike_G","Strike_G","Strike_G","Survivor","Neutralize+1","Bouncing Flask+1","Deadly Poison","Poisoned Stab","Blur+1","Backflip","Glass Knife","Regret","Poisoned Stab","After Image","Poisoned Stab+1","Noxious Fumes","Deadly Poison","Flying Knee+1","Prepared+1"],"max_hp_per_floor":[70,70,70,70,65,65,65,65,65,65,65,65,65,65,65,65,65,65,65,65,65,65,65],"relics":["Ring of the Snake","Golden Idol","Bottled Lightning","Vajra","Tiny Chest","Mummified Hand","Black Star"],"card_choices":[{"not_picked":["Acrobatics","Dodge and Roll"],"picked":"Bouncing Flask"},{"not_picked":["Sucker Punch","Masterful Stab"],"picked":"Deadly Poison"},{"not_picked":["Blade Dance","Slice"],"picked":"Poisoned Stab"},{"not_picked":["Backflip","Calculated Gamble"],"picked":"Blur"},{"not_picked":["Outmaneuver","Flying Knee"],"picked":"Backflip"},{"not_picked":["Deflect","Blur"],"picked":"Glass Knife"},{"not_picked":["Endless Agony","Sucker Punch"],"picked":"Poisoned Stab"},{"not_picked":["A Thousand Cuts","Bullet Time"],"picked":"After Image"},{"not_picked":["Deflect","Sucker Punch"],"picked":"Poisoned Stab"},{"not_picked":["Distraction","Slice"],"picked":"Flying Knee"},{"not_picked":["Crippling Poison","Deflect"],"picked":"Prepared"}],"player_experience":102779,"potions_floor_usage":[11,16,16],"damage_taken":[{"damage":2,"enemies":"Blue Slaver","floor":1,"turns":7},{"damage":3,"enemies":"Jaw Worm","floor":2,"turns":4},{"damage":7,"enemies":"2 Louse","floor":3,"turns":3},{"damage":4,"enemies":"Looter","floor":4,"turns":3},{"damage":6,"enemies":"2 Fungi Beasts","floor":7,"turns":4},{"damage":8,"enemies":"3 Sentries","floor":11,"turns":12},{"damage":1,"enemies":"3 Louse","floor":13,"turns":4},{"damage":54,"enemies":"Slime Boss","floor":16,"turns":13},{"damage":6,"enemies":"Spheric Guardian","floor":18,"turns":3},{"damage":29,"enemies":"3 Byrds","floor":21,"turns":5},{"damage":19,"enemies":"Snake Plant","floor":22,"turns":3},{"damage":31,"enemies":"Gremlin Leader","floor":24,"turns":4}],"event_choices":[{"event_name":"Golden Idol","player_choice":"Lose Max HP","floor":5,"damage_taken":0},{"event_name":"Big Fish","player_choice":"Box","floor":12,"damage_taken":0},{"event_name":"Purifier","player_choice":"One Purge","floor":19,"damage_taken":0}],"boss_relics":[{"not_picked":["Runic Dome","Lizard Tail"],"picked":"Black Star"}],"potions_floor_spawned":[4,7,13],"seed_played":"-5041560118214205585","killed_by":"Gremlin Leader","ascension_level":0,"is_trial":false}