{"gold_per_floor":[114,132,132,65,82,115,176,176,176,237,3,16,36,86,86,186,186,203,253,243,4,34,65,65,133,133,133,144,164,239,289,289,289],"floor_reached":33,"playtime":1512,"items_purged":[],"score":442,"play_id":"4232c94a-b99f-446f-9bb9-784c4136935b","local_time":"20181109145946","is_ascension_mode":true,"campfire_choices":[{"data":"Body Slam","floor":8,"key":"SMITH"},{"data":"Metamorphosis","floor":15,"key":"SMITH"},{"floor":24,"key":"REST"},{"data":"Armaments","floor":27,"key":"SMITH"},{"floor":32,"key":"REST"}],"neow_cost":"NONE","seed_source_timestamp":2584998633188947,"circlet_count":0,"master_deck":["AscendersBane","Strike_R","Strike_R","Strike_R","Strike_R","Strike_R","Defend_R","Defend_R","Defend_R","Defend_R","Bash","Metallicize","Shrug It Off+1","Body Slam+1","True Grit","Feel No Pain","Power Through","Feel No Pain","Sentinel","Ghostly Armor+1","Metamorphosis+1","Dark Embrace","Armaments+1","Fiend Fire+1","Headbutt+1","Body Slam+1","Flame Barrier","Havoc","Sentinel+1","Feel No Pain+1","Feel No Pain+1","Flex+1"],"relics":["Burning Blood","NeowsBlessing","SsserpentHead","Oddly Smooth Stone","Red Skull","Molten Egg 2","Cursed Key","MutagenicStrength","War Paint","Kunai","Pantograph","Red Mask"],"potions_floor_usage":[6,6,10,13,16,23,23,29,29,33],"damage_taken":[{"damage":0,"enemies":"Cultist","floor":1,"turns":1},{"damage":0,"enemies":"Small Slimes","floor":2,"turns":1},{"damage":0,"enemies":"Jaw Worm","floor":5,"turns":1},{"damage":24,"enemies":"Gremlin Nob","floor":6,"turns":4},{"damage":3,"enemies":"2 Fungi Beasts","floor":7,"turns":5},{"damage":0,"enemies":"3 Louse","floor":10,"turns":6},{"damage":11,"enemies":"Exordium Thugs","floor":12,"turns":6},{"damage":0,"enemies":"2 Fungi Beasts","floor":13,"turns":4},{"damage":24,"enemies":"Slime Boss","floor":16,"turns":12},{"damage":2,"enemies":"Chosen","floor":18,"turns":6},{"damage":2,"enemies":"2 Thieves","floor":20,"turns":4},{"damage":58,"enemies":"Gremlin Leader","floor":23,"turns":7},{"damage":9,"enemies":"Cultist and Chosen","floor":25,"turns":10},{"damage":0,"enemies":"3 Cultists","floor":28,"turns":6},{"damage":26,"enemies":"Centurion and Healer","floor":29,"turns":11},{"damage":32,"enemies":"Masked Bandits","floor":30,"turns":7},{"damage":84,"enemies":"Automaton","floor":33,"turns":10}],"seed_played":"-3752547327672147284","potions_obtained":[{"floor":1,"key":"Explosive Potion"},{"floor":5,"key":"SneckoOil"},{"floor":7,"key":"EntropicBrew"},{"floor":12,"key":"Explosive Potion"},{"floor":18,"key":"LiquidBronze"},{"floor":22,"key":"BloodPotion"},{"floor":25,"key":"FearPotion"},{"floor":28,"key":"Weak Potion"},{"floor":30,"key":"Regen Potion"}],"is_trial":false,"path_per_floor":["M","M","?","$","M","E","M","R","T","M","$","M","M","T","R","B",null,"M","?","M","$","?","E","R","M","T","R","M","M","?","?","R","B"],"character_chosen":"IRONCLAD","items_purchased":["Body Slam","True Grit","Ghostly Armor","Metamorphosis","Body Slam+1","Flame Barrier","War Paint"],"campfire_rested":2,"item_purchase_floors":[4,4,11,11,21,21,21],"current_hp_per_floor":[78,80,80,80,80,62,65,65,65,71,71,66,72,72,72,54,74,78,78,80,80,80,36,60,57,57,57,63,43,17,17,41,0],"gold":289,"neow_bonus":"THREE_ENEMY_KILL","is_prod":false,"is_daily":false,"chose_seed":false,"campfire_upgraded":3,"win_rate":0,"timestamp":1541800786,"path_taken":["M","?","?","$","M","E","?","R","T","?","$","M","M","?","R","BOSS","M","?","M","$","?","E","R","?","T","R","M","M","?","?","R","BOSS"],"build_version":"2018-11-08","purchased_purges":0,"victory":false,"max_hp_per_floor":[80,80,80,80,80,80,80,80,80,80,80,80,80,80,80,80,80,80,80,80,80,80,80,80,80,80,80,80,80,80,80,80,80],"card_choices":[{"not_picked":["Clothesline","Clash"],"picked":"Metallicize","floor":1},{"not_picked":["Heavy Blade","Anger"],"picked":"Shrug It Off","floor":2},{"not_picked":["Dropkick","Second Wind"],"picked":"Feel No Pain","floor":5},{"not_picked":["True Grit","Twin Strike"],"picked":"Power Through","floor":6},{"not_picked":["Clothesline","Thunderclap"],"picked":"Feel No Pain","floor":7},{"not_picked":["Iron Wave","True Grit"],"picked":"Sentinel","floor":10},{"not_picked":["Wild Strike","Cleave"],"picked":"Dark Embrace","floor":12},{"not_picked":["Twin Strike","Wild Strike"],"picked":"Armaments","floor":13},{"not_picked":["Limit Break","Double Tap"],"picked":"Fiend Fire+1","floor":16},{"not_picked":["Fire Breathing","Perfected Strike+1"],"picked":"Headbutt+1","floor":18},{"not_picked":["Feel No Pain","Clash+1","Heavy Blade+1"],"picked":"SKIP","floor":20},{"not_picked":["True Grit","Combust"],"picked":"Havoc","floor":23},{"not_picked":["Clothesline+1","Headbutt+1"],"picked":"Sentinel+1","floor":25},{"not_picked":["Dark Embrace","Havoc"],"picked":"Feel No Pain+1","floor":28},{"not_picked":["Armaments","Inflame"],"picked":"Feel No Pain+1","floor":29},{"not_picked":["Power Through","Clothesline+1"],"picked":"Flex+1","floor":30}],"player_experience":1035575,"relics_obtained":[{"floor":6,"key":"Oddly Smooth Stone"},{"floor":9,"key":"Red Skull"},{"floor":14,"key":"Molten Egg 2"},{"floor":23,"key":"Kunai"},{"floor":26,"key":"Pantograph"},{"floor":30,"key":"Red Mask"}],"event_choices":[{"damage_healed":0,"gold_gain":0,"player_choice":"Trade","damage_taken":0,"relics_obtained":["SsserpentHead"],"max_hp_gain":0,"max_hp_loss":0,"event_name":"FaceTrader","floor":3,"gold_loss":0},{"damage_healed":0,"gold_gain":0,"player_choice":"Inject Mutagens","damage_taken":0,"relics_obtained":["MutagenicStrength"],"max_hp_gain":0,"max_hp_loss":0,"event_name":"Drug Dealer","floor":19,"gold_loss":0},{"damage_healed":0,"gold_gain":0,"player_choice":"Bought 1 Potion","damage_taken":0,"max_hp_gain":0,"max_hp_loss":0,"event_name":"The Woman in Blue","floor":22,"gold_loss":0},{"damage_healed":0,"gold_gain":0,"player_choice":"Fought Bandits","damage_taken":0,"max_hp_gain":0,"max_hp_loss":0,"event_name":"Masked Bandits","floor":30,"gold_loss":0},{"cards_removed":["Doubt"],"damage_healed":0,"gold_gain":0,"player_choice":"Removed Curses","damage_taken":0,"max_hp_gain":0,"max_hp_loss":0,"event_name":"Fountain of Cleansing","floor":31,"gold_loss":0}],"is_beta":false,"boss_relics":[{"not_picked":["Runic Pyramid","Eternal Feather"],"picked":"Cursed Key"}],"items_purged_floors":[],"is_endless":false,"potions_floor_spawned":[1,5,7,12,18,25,28,30],"killed_by":"Automaton","ascension_level":11}