{"gold_per_floor":[109,109,128,148,148,183,183,202,228,305,305,305,305,305,305,305],"floor_reached":16,"playtime":772,"items_purged":[],"score":113,"play_id":"1a0f2de4-3960-48a1-8a3b-d317e203a3b6","local_time":"20190110204353","is_ascension_mode":true,"campfire_choices":[{"floor":7,"key":"REST"},{"floor":13,"key":"REST"},{"data":"Discovery","floor":15,"key":"SMITH"}],"neow_cost":"CURSE","seed_source_timestamp":792991365171653,"circlet_count":0,"master_deck":["Defend_G","Defend_G","Defend_G","Defend_G","Defend_G","Strike_G","Strike_G","Strike_G","Strike_G","Strike_G","Survivor","Neutralize","Dramatic Entrance","Deflect","Backstab","Well Laid Plans","Regret","Deadly Poison","Discovery+1","Injury"],"relics":["Ring of the Snake","Juzu Bracelet","PreservedInsect","Strawberry","Blue Candle","Golden Idol"],"potions_floor_usage":[16],"damage_taken":[{"damage":3,"enemies":"2 Louse","floor":1,"turns":2},{"damage":0,"enemies":"Jaw Worm","floor":3,"turns":7},{"damage":0,"enemies":"Cultist","floor":4,"turns":4},{"damage":56,"enemies":"Gremlin Nob","floor":6,"turns":7},{"damage":1,"enemies":"2 Fungi Beasts","floor":8,"turns":3},{"damage":46,"enemies":"Hexaghost","floor":16,"turns":14}],"seed_played":"-5402169469801647969","potions_obtained":[{"floor":1,"key":"GamblersBrew"},{"floor":4,"key":"Poison Potion"}],"is_trial":false,"path_per_floor":["M","?","M","M","?","E","R","M","T","T","?","?","R","?","R","B"],"character_chosen":"THE_SILENT","items_purchased":[],"campfire_rested":2,"item_purchase_floors":[],"current_hp_per_floor":[67,60,60,60,60,4,25,24,31,31,24,24,47,47,47,1],"gold":305,"neow_bonus":"RANDOM_COLORLESS_2","is_prod":false,"is_daily":false,"chose_seed":false,"campfire_upgraded":1,"win_rate":0,"timestamp":1547181833,"path_taken":["M","?","M","M","?","E","R","M","T","?","?","?","R","?","R","BOSS"],"build_version":"2019-01-10","purchased_purges":0,"victory":false,"max_hp_per_floor":[70,70,70,70,70,70,70,70,77,77,77,77,77,77,77,77],"card_choices":[{"not_picked":["Dodge and Roll","Dagger Throw"],"picked":"Deflect","floor":1},{"not_picked":["Cloak And Dagger","Deadly Poison"],"picked":"Backstab","floor":3},{"not_picked":["Tactician","Bane"],"picked":"Well Laid Plans","floor":4},{"not_picked":["Escape Plan","Distraction","Backflip"],"picked":"SKIP","floor":6},{"not_picked":["Deflect","Bane"],"picked":"Deadly Poison","floor":8}],"player_experience":207420,"relics_obtained":[{"floor":6,"key":"PreservedInsect"},{"floor":9,"key":"Strawberry"}],"event_choices":[{"cards_removed":["Pain"],"damage_healed":0,"gold_gain":0,"player_choice":"Card Removal","damage_taken":7,"max_hp_gain":0,"max_hp_loss":0,"event_name":"Golden Wing","floor":2,"gold_loss":0},{"damage_healed":0,"gold_gain":0,"player_choice":"Box","damage_taken":0,"relics_obtained":["Juzu Bracelet"],"max_hp_gain":0,"max_hp_loss":0,"event_name":"Big Fish","floor":5,"gold_loss":0,"cards_obtained":["Regret"]},{"damage_healed":0,"gold_gain":0,"player_choice":"Success","damage_taken":7,"relics_obtained":["Blue Candle"],"max_hp_gain":0,"max_hp_loss":0,"event_name":"Scrap Ooze","floor":11,"gold_loss":0},{"damage_healed":0,"gold_gain":0,"cards_transformed":["PanicButton"],"player_choice":"Transformed","damage_taken":0,"max_hp_gain":0,"max_hp_loss":0,"event_name":"Transmorgrifier","floor":12,"gold_loss":0,"cards_obtained":["Discovery"]},{"damage_healed":0,"gold_gain":0,"player_choice":"Take Wound","damage_taken":0,"relics_obtained":["Golden Idol"],"max_hp_gain":0,"max_hp_loss":0,"event_name":"Golden Idol","floor":14,"gold_loss":0,"cards_obtained":["Injury"]}],"is_beta":false,"boss_relics":[],"items_purged_floors":[],"is_endless":false,"potions_floor_spawned":[1,4],"killed_by":"Hexaghost","ascension_level":3}