{"gold_per_floor":[110,285,295,395,169,195,195,209,233,259,149,165,165,206,206,332,332,355,355,355,379,329,19,42,42,42,42,66,66,66,90,90,209,209,234,194,194,79,79,79],"floor_reached":40,"playtime":1384,"items_purged":["Doubt"],"score":580,"play_id":"8a2c0b05-84f8-461b-8801-c2b9da1634fb","local_time":"20181026230230","is_ascension_mode":true,"campfire_choices":[{"data":"Limit Break","floor":7,"key":"SMITH"},{"floor":15,"key":"REST"},{"floor":27,"key":"REST"},{"floor":30,"key":"REST"},{"floor":32,"key":"REST"}],"neow_cost":"NONE","seed_source_timestamp":1400858482036792,"circlet_count":0,"master_deck":["Defend_R","Defend_R","Defend_R+1","Defend_R+1","Bash","Rupture","Cleave+1","Disarm","Combust","Limit Break+1","Flex","Demon Form","Power Through","Evolve","Intimidate","Injury","Warcry","Impervious","Pommel Strike","RitualDagger","Iron Wave","Shrug It Off","Pummel","Uppercut","Bite","Bite","Bite","Bite","Bite","Dual Wield","Exhume","Disarm+1","Shrug It Off","Inflame+1"],"relics":["Black Blood","NeowsBlessing","Whetstone","Potion Belt","Bottled Lightning","Golden Idol","Frozen Egg 2","Fusion Hammer","Red Skull","Sundial","Kunai","CultistMask"],"potions_floor_usage":[14,24,33,37,37,37],"damage_taken":[{"damage":0,"enemies":"Small Slimes","floor":1,"turns":1},{"damage":0,"enemies":"2 Louse","floor":3,"turns":1},{"damage":0,"enemies":"Gremlin Nob","floor":6,"turns":1},{"damage":11,"enemies":"Cultist","floor":8,"turns":4},{"damage":34,"enemies":"Lagavulin","floor":10,"turns":7},{"damage":17,"enemies":"Looter","floor":12,"turns":4},{"damage":26,"enemies":"Gremlin Nob","floor":14,"turns":5},{"damage":34,"enemies":"The Guardian","floor":16,"turns":12},{"damage":29,"enemies":"Spheric Guardian","floor":18,"turns":5},{"damage":33,"enemies":"3 Byrds","floor":21,"turns":5},{"damage":12,"enemies":"Snecko","floor":24,"turns":5},{"damage":16,"enemies":"3 Cultists","floor":28,"turns":5},{"damage":19,"enemies":"Snake Plant","floor":31,"turns":5},{"damage":63,"enemies":"Champ","floor":33,"turns":9},{"damage":28,"enemies":"Orb Walker","floor":35,"turns":6},{"damage":5,"enemies":"3 Darklings","floor":37,"turns":2},{"damage":59,"enemies":"Nemesis","floor":40,"turns":4}],"seed_played":"7222433162546735363","potions_obtained":[{"floor":1,"key":"SmokeBomb"},{"floor":3,"key":"Fire Potion"},{"floor":21,"key":"Swift Potion"},{"floor":28,"key":"Weak Potion"},{"floor":33,"key":"Energy Potion"},{"floor":35,"key":"PowerPotion"}],"is_trial":false,"path_per_floor":["M","?","M","?","$","E","R","M","T","E","$","M","?","E","R","B",null,"M","?","?","M","?","$","M","T","T","R","M","?","R","M","R","B",null,"M","?","M","$","?"],"character_chosen":"IRONCLAD","items_purchased":["Disarm","Combust","Power Through","Evolve","Red Skull","Shrug It Off","Pummel","Uppercut","Shrug It Off","Inflame+1"],"campfire_rested":4,"item_purchase_floors":[5,5,11,11,23,23,23,23,38,38],"current_hp_per_floor":[78,78,80,80,80,80,80,75,75,47,47,36,36,16,40,12,63,40,34,60,33,33,33,27,27,27,51,41,41,56,45,56,19,47,39,39,46,46,46,0],"gold":79,"neow_bonus":"THREE_ENEMY_KILL","is_prod":false,"is_daily":false,"chose_seed":false,"campfire_upgraded":1,"win_rate":0,"timestamp":1540616550,"path_taken":["M","?","?","?","$","E","R","?","T","E","?","M","?","E","R","BOSS","M","?","?","?","?","$","M","?","T","R","M","?","R","M","R","BOSS","M","?","M","$","?","E"],"build_version":"2018-10-25v2","purchased_purges":1,"victory":false,"max_hp_per_floor":[80,80,80,80,80,80,80,80,80,80,80,80,80,80,80,80,80,80,80,80,80,80,80,80,80,80,80,80,56,56,56,56,56,56,56,56,56,56,56,56],"card_choices":[{"not_picked":["Uppercut","Iron Wave"],"picked":"Rupture","floor":1},{"not_picked":["Rampage","Havoc"],"picked":"Cleave","floor":3},{"not_picked":["Carnage","Thunderclap"],"picked":"Limit Break","floor":6},{"not_picked":["Second Wind","Warcry"],"picked":"Flex","floor":8},{"not_picked":["Iron Wave","Intimidate"],"picked":"Demon Form","floor":10},{"not_picked":["Metallicize","Sentinel"],"picked":"Intimidate","floor":12},{"not_picked":["Wild Strike","Body Slam"],"picked":"Warcry","floor":14},{"not_picked":["Brutality+1","Berserk+1"],"picked":"Impervious","floor":16},{"not_picked":["Havoc","Carnage"],"picked":"Pommel Strike","floor":18},{"not_picked":["Dropkick","Inflame+1"],"picked":"Iron Wave","floor":21},{"not_picked":["True Grit","Whirlwind","Seeing Red"],"picked":"SKIP","floor":24},{"not_picked":["Headbutt","Sever Soul","Infernal Blade+1"],"picked":"SKIP","floor":28},{"not_picked":["Uppercut","Armaments"],"picked":"Dual Wield","floor":31},{"not_picked":["Demon Form+1","Bludgeon"],"picked":"Exhume","floor":33},{"not_picked":["Twin Strike","Clothesline+1"],"picked":"Disarm+1","floor":35}],"player_experience":888715,"relics_obtained":[{"floor":6,"key":"Whetstone"},{"floor":9,"key":"Potion Belt"},{"floor":10,"key":"Bottled Lightning"},{"floor":14,"key":"Frozen Egg 2"},{"floor":25,"key":"Sundial"},{"floor":26,"key":"Kunai"}],"event_choices":[{"damage_healed":0,"gold_gain":175,"player_choice":"AGREE","damage_taken":0,"max_hp_gain":0,"max_hp_loss":0,"event_name":"Liars Game","floor":2,"gold_loss":0,"cards_obtained":["Doubt"]},{"damage_healed":0,"gold_gain":100,"player_choice":"Pray","damage_taken":0,"max_hp_gain":0,"max_hp_loss":0,"event_name":"Golden Shrine","floor":4,"gold_loss":0},{"damage_healed":0,"gold_gain":0,"player_choice":"Take Wound","damage_taken":0,"relics_obtained":["Golden Idol"],"max_hp_gain":0,"max_hp_loss":0,"event_name":"Golden Idol","floor":13,"gold_loss":0,"cards_obtained":["Injury"]},{"damage_healed":0,"gold_gain":0,"player_choice":"Joined the Cult","damage_taken":6,"max_hp_gain":0,"max_hp_loss":0,"event_name":"Nest","floor":19,"gold_loss":0,"cards_obtained":["RitualDagger"]},{"damage_healed":26,"gold_gain":0,"player_choice":"Heal","damage_taken":0,"max_hp_gain":0,"max_hp_loss":0,"event_name":"The Library","floor":20,"gold_loss":0},{"damage_healed":0,"gold_gain":0,"player_choice":"Bet on Murderer","damage_taken":0,"max_hp_gain":0,"max_hp_loss":0,"event_name":"The Joust","floor":22,"gold_loss":50},{"damage_healed":0,"gold_gain":0,"player_choice":"Became a vampire","damage_taken":0,"max_hp_gain":0,"max_hp_loss":24,"event_name":"Vampires","floor":29,"gold_loss":0,"cards_obtained":["Bite","Bite","Bite","Bite","Bite"]},{"damage_healed":0,"gold_gain":0,"player_choice":"Upgraded Two","damage_taken":0,"max_hp_gain":0,"max_hp_loss":0,"event_name":"Designer","floor":36,"gold_loss":40,"cards_upgraded":["Defend_R","Defend_R"]},{"damage_healed":0,"gold_gain":0,"player_choice":"Trade","damage_taken":0,"relics_obtained":["CultistMask"],"max_hp_gain":0,"max_hp_loss":0,"event_name":"FaceTrader","floor":39,"gold_loss":0}],"is_beta":false,"boss_relics":[{"not_picked":["Calling Bell","Coffee Dripper"],"picked":"Fusion Hammer"},{"not_picked":["Black Star","Lizard Tail"],"picked":"Black Blood"}],"items_purged_floors":[5],"is_endless":false,"potions_floor_spawned":[1,3,21,28,33,35,37],"killed_by":"Nemesis","ascension_level":6}