{"gold_per_floor":[114,24,39,54,54,84,84,114,114,144,159,159],"floor_reached":12,"playtime":839,"items_purged":[],"score":98,"play_id":"86a6f1f2-cf1a-45c0-b6d9-46378489998a","local_time":"20190330210325","daily_mods":["Cursed Run","Colorless Cards","Elite Swarm"],"is_ascension_mode":false,"campfire_choices":[{"floor":7,"key":"REST"}],"neow_cost":"","seed_source_timestamp":0,"circlet_count":0,"master_deck":["Defend_G","Defend_G","Defend_G","Defend_G","Defend_G","Strike_G","Strike_G","Strike_G","Strike_G","Strike_G","Survivor","Neutralize","Deadly Poison","Noxious Fumes","Dagger Throw","Madness","Poisoned Stab","Outmaneuver","Jack Of All Trades","Panache","The Bomb","Shame","Metamorphosis","Quick Slash"],"special_seed":17985,"relics":["Cursed Key","Darkstone Periapt","Du-Vu Doll","Lantern","Singing Bowl","Frozen Egg 2","Turnip"],"potions_floor_usage":[12],"damage_taken":[{"damage":0,"enemies":"2 Louse","floor":1,"turns":2},{"damage":1,"enemies":"Cultist","floor":3,"turns":3},{"damage":0,"enemies":"Small Slimes","floor":4,"turns":3},{"damage":30,"enemies":"Gremlin Nob","floor":6,"turns":5},{"damage":5,"enemies":"3 Sentries","floor":8,"turns":5},{"damage":47,"enemies":"Gremlin Nob","floor":10,"turns":5},{"damage":0,"enemies":"3 Louse","floor":11,"turns":3},{"damage":17,"enemies":"3 Sentries","floor":12,"turns":2}],"seed_played":"5798064951903659498","potions_obtained":[{"floor":1,"key":"Ancient Potion"},{"floor":8,"key":"SteroidPotion"},{"floor":11,"key":"SmokeBomb"}],"is_trial":false,"path_per_floor":["M","$","M","M","?","E","R","E","T","E","M","E"],"character_chosen":"THE_SILENT","items_purchased":["Noxious Fumes","Dagger Throw"],"campfire_rested":1,"item_purchase_floors":[2,2],"current_hp_per_floor":[70,70,69,69,69,39,60,55,61,14,14,0],"gold":159,"neow_bonus":"","is_prod":false,"is_daily":true,"chose_seed":false,"campfire_upgraded":0,"win_rate":0,"timestamp":1553979805,"path_taken":["M","$","M","M","?","E","R","E","T","E","M","E"],"build_version":"2019-01-23","purchased_purges":0,"victory":false,"max_hp_per_floor":[70,70,70,70,70,70,70,70,76,76,76,76],"card_choices":[{"not_picked":["Cloak And Dagger","Dodge and Roll"],"picked":"Deadly Poison","floor":1},{"not_picked":["Sucker Punch","Acrobatics"],"picked":"Madness","floor":3},{"not_picked":["Dagger Spray","Riddle With Holes"],"picked":"Poisoned Stab","floor":4},{"not_picked":["Mayhem","Storm of Steel"],"picked":"Panache","floor":6},{"not_picked":["Die Die Die","Transmutation"],"picked":"The Bomb","floor":8},{"not_picked":["HandOfGreed","Adrenaline"],"picked":"Metamorphosis","floor":10},{"not_picked":["Cloak And Dagger","Dagger Spray"],"picked":"Quick Slash","floor":11}],"player_experience":289998,"relics_obtained":[{"floor":6,"key":"Lantern"},{"floor":8,"key":"Singing Bowl"},{"floor":9,"key":"Frozen Egg 2"},{"floor":10,"key":"Turnip"}],"event_choices":[{"damage_healed":0,"gold_gain":0,"player_choice":"2 cards matched","damage_taken":0,"max_hp_gain":0,"max_hp_loss":0,"event_name":"Match and Keep!","floor":5,"gold_loss":0,"cards_obtained":["Outmaneuver","Jack Of All Trades"]}],"is_beta":false,"boss_relics":[],"items_purged_floors":[],"is_endless":false,"potions_floor_spawned":[1,8,11],"killed_by":"3 Sentries","ascension_level":0}