{"gold_per_floor":[115,134,84,84,84,119,9,9,32,32,47,59,59,74,74,74],"floor_reached":16,"playtime":891,"items_purged":["Strike_B"],"score":131,"play_id":"e1089e38-b37a-47f9-b3e1-e9088a710b5d","local_time":"20190408005715","is_ascension_mode":true,"campfire_choices":[{"data":"Hologram","floor":8.0,"key":"SMITH"},{"data":"Coolheaded","floor":10.0,"key":"SMITH"},{"floor":13.0,"key":"RECALL"},{"data":"Barrage","floor":15,"key":"SMITH"}],"neow_cost":"NONE","seed_source_timestamp":246466375576721,"circlet_count":0,"master_deck":["Strike_B","Strike_B","Defend_B","Defend_B","Defend_B","Defend_B","Zap","Dualcast","Coolheaded+1","Hologram+1","Self Repair","Barrage+1","Reprogram"],"special_seed":0,"relics":["Cracked Core","NeowsBlessing","Blue Candle"],"potions_floor_usage":[16],"damage_taken":[{"damage":0.0,"enemies":"Cultist","floor":1.0,"turns":1.0},{"damage":0.0,"enemies":"Jaw Worm","floor":2.0,"turns":1.0},{"damage":0.0,"enemies":"Lagavulin","floor":6.0,"turns":1.0},{"damage":4.0,"enemies":"Small Slimes","floor":11.0,"turns":4.0},{"damage":3.0,"enemies":"Looter","floor":12.0,"turns":3.0},{"damage":26,"enemies":"Exordium Thugs","floor":14,"turns":8},{"damage":69,"enemies":"Slime Boss","floor":16,"turns":8}],"seed_played":"8456956815235749999","potions_obtained":[{"floor":11.0,"key":"Regen Potion"}],"is_trial":false,"path_per_floor":["M","M","?","?","?","E","$","R","T","R","M","M","R","M","R","B"],"character_chosen":"DEFECT","items_purchased":["Self Repair"],"campfire_rested":0,"item_purchase_floors":[7],"current_hp_per_floor":[75,75,75,75,75,75,75,75,75,75,75,72,72,53,53,0],"gold":74,"neow_bonus":"THREE_ENEMY_KILL","is_prod":false,"is_daily":false,"chose_seed":false,"campfire_upgraded":3,"win_rate":0,"timestamp":1554703035,"path_taken":["M","?","?","?","?","E","$","R","T","R","M","M","R","M","R","BOSS"],"build_version":"2019-01-23","purchased_purges":1,"victory":false,"max_hp_per_floor":[75,75,75,75,75,75,75,75,75,75,75,75,75,75,75,75],"card_choices":[{"not_picked":["Turbo","Steam"],"picked":"Coolheaded","floor":1.0},{"not_picked":["Rebound","Thunder Strike"],"picked":"Hologram","floor":2.0},{"not_picked":["Ball Lightning","Consume","Stack"],"picked":"SKIP","floor":6.0},{"not_picked":["Go for the Eyes","Static Discharge"],"picked":"Barrage","floor":11.0},{"not_picked":["Gash","Thunder Strike"],"picked":"Reprogram","floor":12.0},{"not_picked":["Beam Cell","Reprogram","Sweeping Beam"],"picked":"SKIP","floor":14}],"player_experience":176289,"relics_obtained":[{"floor":6.0,"key":"Blue Candle"}],"event_choices":[{"cards_removed":["Strike_B"],"damage_healed":0.0,"max_hp_gain":0.0,"max_hp_loss":0.0,"gold_gain":0.0,"event_name":"The Cleric","player_choice":"Card Removal","floor":3.0,"gold_loss":50.0,"damage_taken":0.0},{"damage_healed":0.0,"max_hp_gain":0.0,"max_hp_loss":0.0,"gold_gain":0.0,"event_name":"Liars Game","player_choice":"Ignored","floor":4.0,"gold_loss":0.0,"damage_taken":0.0},{"damage_healed":0.0,"max_hp_gain":0.0,"max_hp_loss":0.0,"gold_gain":0.0,"event_name":"The Woman in Blue","player_choice":"Bought 0 Potions","floor":5.0,"gold_loss":0.0,"damage_taken":0.0}],"is_beta":false,"boss_relics":[],"items_purged_floors":[7],"is_endless":false,"potions_floor_spawned":[2,11],"killed_by":"Slime Boss","ascension_level":1}