{"gold_per_floor":[118,137,156,174,174,174,206,206,206,223,223],"floor_reached":11,"playtime":2013,"items_purged":[],"score":128,"play_id":"e0f929bb-3117-4d8f-a9d0-8777342a5e1c","local_time":"20190404203810","is_ascension_mode":true,"campfire_choices":[{"data":"Dagger Spray","floor":6,"key":"SMITH"}],"neow_cost":"NONE","seed_source_timestamp":1716589767566678,"circlet_count":0,"master_deck":["AscendersBane","Defend_G","Defend_G","Defend_G","Defend_G","Defend_G","Strike_G","Strike_G","Strike_G","Strike_G","Survivor","Neutralize+1","Infinite Blades","Crippling Poison","Dagger Spray+1","Footwork"],"relics":["Ring of the Snake","Tough Bandages","Nunchaku"],"potions_floor_usage":[],"damage_taken":[{"damage":1,"enemies":"Small Slimes","floor":1,"turns":6},{"damage":2,"enemies":"Jaw Worm","floor":2,"turns":5},{"damage":0,"enemies":"Cultist","floor":3,"turns":5},{"damage":0,"enemies":"Exordium Wildlife","floor":4,"turns":3},{"damage":21,"enemies":"Lagavulin","floor":7,"turns":10},{"damage":4,"enemies":"Exordium Thugs","floor":10,"turns":5},{"damage":41,"enemies":"Gremlin Nob","floor":11,"turns":5}],"seed_played":"1805295474250838985","potions_obtained":[{"floor":1,"key":"LiquidBronze"}],"is_trial":false,"path_per_floor":["?","?"],"character_chosen":"THE_SILENT","items_purchased":[],"campfire_rested":0,"item_purchase_floors":[],"current_hp_per_floor":[58,56,56,56,61,61,40,40,40,36,0],"gold":223,"neow_bonus":"UPGRADE_CARD","is_prod":false,"is_daily":false,"chose_seed":false,"campfire_upgraded":1,"win_rate":0,"timestamp":1554424690,"path_taken":["M","M","M","M","?","R","E","?","T","M","E"],"build_version":"2019-01-23","purchased_purges":0,"victory":false,"max_hp_per_floor":[66,66,66,66,71,71,71,71,71,71,71],"card_choices":[{"not_picked":["Underhanded Strike","Outmaneuver"],"picked":"Infinite Blades","floor":1},{"not_picked":["Deadly Poison","Setup"],"picked":"Crippling Poison","floor":2},{"not_picked":["Slice","Bane","Underhanded Strike"],"picked":"SKIP","floor":3},{"not_picked":["PiercingWail","Flying Knee"],"picked":"Dagger Spray","floor":4},{"not_picked":["Unload","Caltrops"],"picked":"Footwork","floor":7},{"not_picked":["Catalyst","Reflex","Slice"],"picked":"SKIP","floor":10}],"player_experience":1488448,"relics_obtained":[{"floor":7,"key":"Tough Bandages"},{"floor":9,"key":"Nunchaku"}],"event_choices":[{"damage_healed":0,"gold_gain":0,"player_choice":"Donut","damage_taken":0,"max_hp_gain":5,"max_hp_loss":0,"event_name":"Big Fish","floor":5,"gold_loss":0},{"cards_removed":["Strike_G"],"damage_healed":0,"gold_gain":0,"player_choice":"Offered Basic","damage_taken":0,"max_hp_gain":0,"max_hp_loss":0,"event_name":"Bonfire Elementals","floor":8,"gold_loss":0}],"is_beta":false,"boss_relics":[],"items_purged_floors":[],"is_endless":false,"potions_floor_spawned":[1],"killed_by":"Gremlin Nob","ascension_level":14}