{"gold_per_floor":[115,134,145,160,45,70,70,104,157,122,122,122],"floor_reached":12,"playtime":922,"items_purged":["Strike_R"],"score":101,"play_id":"b3aa365e-bd3d-4de2-a2b9-4cfc20911631","local_time":"20190408095016","is_ascension_mode":true,"campfire_choices":[{"data":"True Grit","floor":7,"key":"SMITH"}],"neow_cost":"NONE","seed_source_timestamp":772126177544700,"circlet_count":0,"master_deck":["Strike_R","Strike_R","Strike_R","Defend_R","Defend_R","Defend_R","Defend_R","Bash","Whirlwind","True Grit+1","Feel No Pain","Seeing Red","Seeing Red","Feel No Pain"],"relics":["Burning Blood","Oddly Smooth Stone","Happy Flower","Sundial","Boot"],"potions_floor_usage":[4,6],"damage_taken":[{"damage":6,"enemies":"Jaw Worm","floor":1,"turns":3},{"damage":0,"enemies":"2 Louse","floor":2,"turns":2},{"damage":0,"enemies":"Small Slimes","floor":3,"turns":3},{"damage":0,"enemies":"2 Fungi Beasts","floor":4,"turns":2},{"damage":12,"enemies":"3 Sentries","floor":6,"turns":4},{"damage":67,"enemies":"Lagavulin","floor":8,"turns":10},{"damage":35,"enemies":"Gremlin Nob","floor":12,"turns":4}],"seed_played":"-4547039139547282681","potions_obtained":[{"floor":2,"key":"SteroidPotion"},{"floor":3,"key":"SteroidPotion"},{"floor":6,"key":"SneckoOil"}],"is_trial":false,"path_per_floor":["M","M","M","M","$","E","R","E","T","?","?","E"],"character_chosen":"IRONCLAD","items_purchased":["Seeing Red"],"campfire_rested":0,"item_purchase_floors":[5],"current_hp_per_floor":[80,80,80,80,80,74,74,13,13,33,33,0],"gold":122,"neow_bonus":"RANDOM_COMMON_RELIC","is_prod":false,"is_daily":false,"chose_seed":false,"campfire_upgraded":1,"win_rate":0,"timestamp":1554731416,"path_taken":["M","M","M","M","$","E","R","E","T","?","?","E"],"build_version":"2019-01-23","purchased_purges":1,"victory":false,"max_hp_per_floor":[80,80,80,80,80,80,80,80,80,80,80,80],"card_choices":[{"not_picked":["True Grit","Wild Strike"],"picked":"Whirlwind","floor":1},{"not_picked":["Twin Strike","Pommel Strike"],"picked":"True Grit","floor":2},{"not_picked":["Fire Breathing","Juggernaut"],"picked":"Feel No Pain","floor":3},{"not_picked":["Body Slam","Clash","Clothesline"],"picked":"SKIP","floor":4},{"not_picked":["Fire Breathing","Evolve"],"picked":"Seeing Red","floor":6},{"not_picked":["Heavy Blade","Battle Trance"],"picked":"Feel No Pain","floor":8}],"player_experience":253182,"relics_obtained":[{"floor":6,"key":"Happy Flower"},{"floor":8,"key":"Sundial"},{"floor":9,"key":"Boot"}],"event_choices":[{"damage_healed":20,"gold_gain":0,"player_choice":"Healed","damage_taken":0,"max_hp_gain":0,"max_hp_loss":0,"event_name":"The Cleric","floor":10,"gold_loss":35},{"cards_removed":["Strike_R"],"damage_healed":0,"gold_gain":0,"player_choice":"Forget","damage_taken":0,"max_hp_gain":0,"max_hp_loss":0,"event_name":"Living Wall","floor":11,"gold_loss":0}],"is_beta":false,"boss_relics":[],"items_purged_floors":[5],"is_endless":false,"potions_floor_spawned":[2,3,6],"killed_by":"Gremlin Nob","ascension_level":3}