{"gold_per_floor":[119,119,119,119,133,133,166,178,205,222,222,235,235,256,256,377,377,391,391,406,406,406],"floor_reached":22,"playtime":985,"items_purged":[],"score":242,"play_id":"ebd628bd-0325-488b-8eb3-91305d7d4381","local_time":"20190218144640","is_ascension_mode":true,"campfire_choices":[{"floor":6,"key":"REST"},{"floor":13,"key":"REST"},{"floor":15,"key":"REST"}],"neow_cost":"NONE","seed_source_timestamp":247733056424955,"circlet_count":0,"master_deck":["Defend_G","Defend_G","Defend_G","Defend_G","Defend_G","Strike_G+1","Strike_G","Strike_G","Strike_G","Strike_G","Survivor","Neutralize+1","Blade Dance","Cloak And Dagger","Cloak And Dagger","Blade Dance","Dodge and Roll","Backflip","Injury","Slice","Slice","Adrenaline","Slice","Choke","Escape Plan"],"relics":["Ring of the Snake","Art of War","Turnip","Happy Flower","Golden Idol","WristBlade"],"potions_floor_usage":[16,18],"damage_taken":[{"damage":4,"enemies":"2 Louse","floor":1,"turns":3},{"damage":0,"enemies":"Jaw Worm","floor":5,"turns":4},{"damage":38,"enemies":"3 Sentries","floor":7,"turns":12},{"damage":0,"enemies":"Cultist","floor":8,"turns":3},{"damage":0,"enemies":"2 Fungi Beasts","floor":10,"turns":4},{"damage":2,"enemies":"Red Slaver","floor":12,"turns":3},{"damage":0,"enemies":"Large Slime","floor":14,"turns":5},{"damage":55,"enemies":"The Guardian","floor":16,"turns":26},{"damage":13,"enemies":"Shell Parasite","floor":18,"turns":6},{"damage":3,"enemies":"3 Byrds","floor":20,"turns":5},{"damage":22,"enemies":"Colosseum Slavers","floor":21,"turns":3},{"damage":33,"enemies":"Snecko","floor":22,"turns":5}],"seed_played":"5615588010544024087","potions_obtained":[{"floor":1,"key":"Ancient Potion"},{"floor":8,"key":"Weak Potion"},{"floor":16,"key":"Regen Potion"}],"is_trial":false,"path_per_floor":["M","?","?","$","M","R","E","M","T","M","?","M","R","M","R","B",null,"M","?","M","?","M"],"character_chosen":"THE_SILENT","items_purchased":[],"campfire_rested":3,"item_purchase_floors":[],"current_hp_per_floor":[59,45,33,33,33,54,16,16,16,16,16,14,35,35,56,1,53,55,55,52,30,0],"gold":406,"neow_bonus":"THREE_CARDS","is_prod":false,"is_daily":false,"chose_seed":false,"campfire_upgraded":0,"win_rate":0,"timestamp":1550526400,"path_taken":["M","?","?","?","?","R","E","M","T","?","?","M","R","M","R","BOSS","M","?","?","?","M"],"build_version":"2019-01-23","purchased_purges":0,"victory":false,"max_hp_per_floor":[70,70,70,70,70,70,70,70,70,70,70,70,70,70,70,70,70,70,70,70,70,70],"card_choices":[{"not_picked":["Crippling Poison","Poisoned Stab"],"picked":"Blade Dance","floor":0},{"not_picked":["Prepared","Tactician"],"picked":"Cloak And Dagger","floor":1},{"not_picked":["Bouncing Flask","Reflex"],"picked":"Cloak And Dagger","floor":5},{"not_picked":["Noxious Fumes","Dodge and Roll"],"picked":"Blade Dance","floor":7},{"not_picked":["PiercingWail","Bane"],"picked":"Dodge and Roll","floor":8},{"not_picked":["Deadly Poison","Prepared"],"picked":"Backflip","floor":10},{"not_picked":["Deflect","Endless Agony"],"picked":"Slice","floor":12},{"not_picked":["Dagger Throw","Unload"],"picked":"Slice","floor":14},{"not_picked":["Doppelganger","Night Terror"],"picked":"Adrenaline","floor":16},{"not_picked":["Deflect","Finisher"],"picked":"Slice","floor":18},{"not_picked":["Caltrops","Riddle With Holes+1"],"picked":"Escape Plan","floor":20}],"player_experience":1524148,"relics_obtained":[{"floor":7,"key":"Turnip"},{"floor":9,"key":"Happy Flower"}],"event_choices":[{"damage_healed":0,"gold_gain":0,"player_choice":"Entered Light","damage_taken":14,"max_hp_gain":0,"max_hp_loss":0,"event_name":"Shining Light","floor":2,"gold_loss":0,"cards_upgraded":["Strike_G","Neutralize"]},{"damage_healed":0,"gold_gain":0,"player_choice":"Success","damage_taken":12,"relics_obtained":["Art of War"],"max_hp_gain":0,"max_hp_loss":0,"event_name":"Scrap Ooze","floor":3,"gold_loss":0},{"damage_healed":0,"gold_gain":0,"player_choice":"Take Wound","damage_taken":0,"relics_obtained":["Golden Idol"],"max_hp_gain":0,"max_hp_loss":0,"event_name":"Golden Idol","floor":11,"gold_loss":0,"cards_obtained":["Injury"]},{"damage_healed":0,"gold_gain":0,"player_choice":"1 cards matched","damage_taken":0,"max_hp_gain":0,"max_hp_loss":0,"event_name":"Match and Keep!","floor":19,"gold_loss":0,"cards_obtained":["Choke"]},{"damage_healed":0,"gold_gain":0,"player_choice":"Fight","damage_taken":0,"max_hp_gain":0,"max_hp_loss":0,"event_name":"Colosseum","floor":21,"gold_loss":0},{"damage_healed":0,"gold_gain":0,"player_choice":"Fled From Nobs","damage_taken":0,"max_hp_gain":0,"max_hp_loss":0,"event_name":"Colosseum","floor":21,"gold_loss":0}],"is_beta":false,"boss_relics":[{"not_picked":["HoveringKite","Eternal Feather"],"picked":"WristBlade"}],"items_purged_floors":[],"is_endless":false,"potions_floor_spawned":[1,8,16,21],"killed_by":"Snecko","ascension_level":6}