{"gold_per_floor":[114,129,129,146,159,159,174,188,188,203,278,308,308,379,379,479,479,492,475,35,35,49,79,79,79,160,174,186,186,199,199],"floor_reached":31,"playtime":1749,"items_purged":["Strike_G"],"score":418,"play_id":"f633b799-5a74-4db3-aca4-fd02e36839e3","local_time":"20190329144433","is_ascension_mode":true,"campfire_choices":[{"data":"Neutralize","floor":6,"key":"SMITH"},{"data":"Sucker Punch","floor":13,"key":"SMITH"},{"floor":15,"key":"REST"},{"floor":25,"key":"REST"},{"data":"Injury","floor":29,"key":"PURGE"}],"neow_cost":"NONE","seed_source_timestamp":1177235213389314,"circlet_count":0,"master_deck":["AscendersBane","Defend_G","Defend_G","Defend_G","Defend_G","Defend_G","Strike_G","Strike_G","Strike_G","Strike_G","Survivor","Neutralize+1","Flying Knee","Catalyst","Sucker Punch+1","Sucker Punch","PiercingWail","Backstab","Poisoned Stab","After Image","Cloak And Dagger","Poisoned Stab","Bouncing Flask","Caltrops+1","Deadly Poison","Footwork+1","Noxious Fumes+1","Cloak And Dagger+1"],"relics":["Ring of the Snake","Peace Pipe","Anchor","Gremlin Horn","Cursed Key","Frozen Egg 2","Thread and Needle","Darkstone Periapt"],"potions_floor_usage":[12,16,22,31],"damage_taken":[{"damage":6,"enemies":"Jaw Worm","floor":1,"turns":9},{"damage":0,"enemies":"Cultist","floor":2,"turns":4},{"damage":0,"enemies":"Small Slimes","floor":4,"turns":3},{"damage":4,"enemies":"Blue Slaver","floor":5,"turns":4},{"damage":0,"enemies":"Looter","floor":7,"turns":4},{"damage":0,"enemies":"2 Fungi Beasts","floor":8,"turns":5},{"damage":0,"enemies":"Blue Slaver","floor":10,"turns":4},{"damage":30,"enemies":"Lagavulin","floor":12,"turns":11},{"damage":34,"enemies":"Slime Boss","floor":16,"turns":17},{"damage":8,"enemies":"Shell Parasite","floor":18,"turns":6},{"damage":5,"enemies":"2 Thieves","floor":19,"turns":4},{"damage":8,"enemies":"Snake Plant","floor":22,"turns":4},{"damage":30,"enemies":"Gremlin Leader","floor":23,"turns":9},{"damage":14,"enemies":"Shelled Parasite and Fungi","floor":27,"turns":5},{"damage":11,"enemies":"Sentry and Sphere","floor":28,"turns":5},{"damage":3,"enemies":"Centurion and Healer","floor":30,"turns":6},{"damage":24,"enemies":"Slavers","floor":31,"turns":3}],"seed_played":"3640317513889510121","potions_obtained":[{"floor":0,"key":"AttackPotion"},{"floor":0,"key":"Energy Potion"},{"floor":4,"key":"Regen Potion"},{"floor":8,"key":"GhostInAJar"},{"floor":16,"key":"Block Potion"},{"floor":18,"key":"EssenceOfSteel"},{"floor":23,"key":"PowerPotion"},{"floor":30,"key":"Fruit Juice"}],"is_trial":false,"path_per_floor":["?","M","?","T","?","?"],"character_chosen":"THE_SILENT","items_purchased":["Frozen Egg 2","Bouncing Flask","Caltrops+1"],"campfire_rested":2,"item_purchase_floors":[20,20,20],"current_hp_per_floor":[57,57,57,57,53,53,53,53,53,53,42,27,27,27,48,14,56,48,43,43,43,35,5,28,49,49,35,24,24,21,0],"gold":199,"neow_bonus":"THREE_SMALL_POTIONS","is_prod":false,"is_daily":false,"chose_seed":false,"campfire_upgraded":2,"win_rate":0,"timestamp":1553885073,"path_taken":["M","M","?","?","M","R","M","M","T","M","?","E","R","?","R","BOSS","M","M","$","?","M","E","?","R","T","M","M","R","M","E"],"build_version":"2019-01-23","purchased_purges":1,"victory":false,"max_hp_per_floor":[70,70,70,70,70,70,70,70,70,70,70,70,70,70,70,70,70,70,70,70,70,70,70,70,70,70,70,70,70,70,70],"card_choices":[{"not_picked":["Blur","Tactician"],"picked":"Flying Knee","floor":1},{"not_picked":["Masterful Stab","Prepared"],"picked":"Catalyst","floor":2},{"not_picked":["Bane","Acrobatics"],"picked":"Sucker Punch","floor":4},{"not_picked":["Concentrate","Outmaneuver"],"picked":"Sucker Punch","floor":5},{"not_picked":["Dodge and Roll","Flying Knee"],"picked":"PiercingWail","floor":7},{"not_picked":["Flying Knee","Calculated Gamble"],"picked":"Backstab","floor":8},{"not_picked":["Unload","PiercingWail","Flying Knee"],"picked":"SKIP","floor":10},{"not_picked":["Dagger Throw","Acrobatics"],"picked":"Poisoned Stab","floor":12},{"not_picked":["Grand Finale","Tools of the Trade"],"picked":"After Image","floor":16},{"not_picked":["Bane","Distraction"],"picked":"Cloak And Dagger","floor":18},{"not_picked":["Escape Plan+1","Distraction"],"picked":"Poisoned Stab","floor":19},{"not_picked":["Concentrate","Quick Slash"],"picked":"Deadly Poison","floor":22},{"not_picked":["Bane","Terror","Acrobatics+1"],"picked":"SKIP","floor":23},{"not_picked":["Catalyst+1","Choke+1"],"picked":"Footwork+1","floor":27},{"not_picked":["Deflect","Prepared"],"picked":"Noxious Fumes+1","floor":28},{"not_picked":["Setup+1","Backflip+1"],"picked":"Cloak And Dagger+1","floor":30}],"player_experience":1206250,"relics_obtained":[{"floor":9,"key":"Peace Pipe"},{"floor":12,"key":"Anchor"},{"floor":14,"key":"Gremlin Horn"},{"floor":23,"key":"Thread and Needle"},{"floor":26,"key":"Darkstone Periapt"}],"event_choices":[{"damage_healed":0,"gold_gain":0,"player_choice":"Bought 0 Potions","damage_taken":0,"max_hp_gain":0,"max_hp_loss":0,"event_name":"The Woman in Blue","floor":3,"gold_loss":0},{"damage_healed":0,"gold_gain":75,"player_choice":"Gather Gold","damage_taken":11,"max_hp_gain":0,"max_hp_loss":0,"event_name":"World of Goop","floor":11,"gold_loss":0},{"damage_healed":0,"gold_gain":0,"player_choice":"Ignored","damage_taken":0,"max_hp_gain":0,"max_hp_loss":0,"event_name":"Beggar","floor":21,"gold_loss":0},{"damage_healed":23,"gold_gain":0,"player_choice":"Heal","damage_taken":0,"max_hp_gain":0,"max_hp_loss":0,"event_name":"The Library","floor":24,"gold_loss":0}],"is_beta":false,"boss_relics":[{"not_picked":["Runic Pyramid","Tiny House"],"picked":"Cursed Key"}],"items_purged_floors":[20],"is_endless":false,"potions_floor_spawned":[4,8,10,16,18,23,27,30],"killed_by":"Slavers","ascension_level":12}