{"gold_per_floor":[112,37,57,69,86,86,103,103,128,28,56,56,66,66,66,169,169,184,19,19,30,45,45,75,75,129,129,44,44,44,64,64,64],"floor_reached":33,"playtime":2309,"items_purged":["Strike_R","Strike_R","Strike_R"],"score":391,"play_id":"cb031b26-f20a-4e59-93ed-3fc6108c7e83","local_time":"20190407153745","is_ascension_mode":true,"campfire_choices":[{"data":"Body Slam","floor":6,"key":"SMITH"},{"data":"Flame Barrier","floor":8,"key":"SMITH"},{"floor":15,"key":"REST"},{"data":"Limit Break","floor":23,"key":"SMITH"},{"floor":27,"key":"RECALL"},{"data":"Disarm","floor":29,"key":"SMITH"},{"floor":32,"key":"REST"}],"neow_cost":"NONE","seed_source_timestamp":705181131226900,"circlet_count":0,"master_deck":["Strike_R","Defend_R","Defend_R","Defend_R","Defend_R","Bash","Body Slam+1","Flame Barrier+1","Metallicize","Shrug It Off","Shrug It Off","Limit Break+1","Disarm+1","Battle Trance","Seeing Red","Inflame"],"relics":["Burning Blood","Centennial Puzzle","Bronze Scales","Pen Nib","Art of War","Orrery","Gambling Chip","Incense Burner","Red Skull","Enchiridion"],"potions_floor_usage":[11,11,16,16,18,31,33],"damage_taken":[{"damage":3,"enemies":"2 Louse","floor":1,"turns":3},{"damage":0,"enemies":"Small Slimes","floor":3,"turns":3},{"damage":1,"enemies":"Cultist","floor":4,"turns":3},{"damage":12,"enemies":"2 Fungi Beasts","floor":5,"turns":5},{"damage":20,"enemies":"Large Slime","floor":7,"turns":9},{"damage":24,"enemies":"Gremlin Nob","floor":11,"turns":4},{"damage":8,"enemies":"Looter","floor":13,"turns":2},{"damage":0,"enemies":"Slime Boss","floor":16,"turns":9},{"damage":0,"enemies":"3 Byrds","floor":18,"turns":4},{"damage":9,"enemies":"2 Thieves","floor":21,"turns":5},{"damage":19,"enemies":"Snake Plant","floor":22,"turns":4},{"damage":1,"enemies":"Book of Stabbing","floor":24,"turns":6},{"damage":14,"enemies":"Snecko","floor":31,"turns":4},{"damage":58,"enemies":"Champ","floor":33,"turns":11}],"seed_played":"2103458842900956795","potions_obtained":[{"floor":4,"key":"Strength Potion"},{"floor":7,"key":"Explosive Potion"},{"floor":11,"key":"PowerPotion"},{"floor":13,"key":"SteroidPotion"},{"floor":16,"key":"AttackPotion"},{"floor":18,"key":"SneckoOil"},{"floor":24,"key":"Fire Potion"},{"floor":31,"key":"Explosive Potion"}],"is_trial":false,"path_per_floor":["M","$","M","M","M","R","M","R","T","$","E","?","M","?","R","B",null,"M","$","?","M","M","R","E","?","T","R","?","R","?","M","R","B"],"character_chosen":"IRONCLAD","items_purchased":["Inflame"],"campfire_rested":2,"item_purchase_floors":[19],"current_hp_per_floor":[80,80,80,80,74,74,60,60,60,60,42,42,40,40,64,70,80,80,80,80,77,64,64,69,54,54,54,54,54,38,30,55,0],"gold":64,"neow_bonus":"RANDOM_COMMON_RELIC","is_prod":false,"is_daily":false,"chose_seed":false,"campfire_upgraded":4,"win_rate":0,"timestamp":1554665865,"path_taken":["M","$","M","M","M","R","M","R","T","$","E","?","M","?","R","BOSS","M","$","?","M","?","R","E","?","T","R","?","R","?","M","R","BOSS"],"build_version":"2019-01-23","purchased_purges":3,"victory":false,"max_hp_per_floor":[80,80,80,80,80,80,80,80,80,80,80,80,80,80,80,80,80,80,80,80,80,80,80,80,85,85,85,85,85,85,85,85,85],"card_choices":[{"not_picked":["Twin Strike","True Grit"],"picked":"Body Slam","floor":1},{"not_picked":["Burning Pact","Clash"],"picked":"Flame Barrier","floor":3},{"not_picked":["Clash","Anger"],"picked":"Metallicize","floor":4},{"not_picked":["Body Slam","Havoc","Searing Blow"],"picked":"SKIP","floor":5},{"not_picked":["Wild Strike","Exhume","Body Slam"],"picked":"SKIP","floor":7},{"not_picked":["Anger","Bloodletting"],"picked":"Shrug It Off","floor":11},{"not_picked":["Perfected Strike","Sword Boomerang"],"picked":"Shrug It Off","floor":13},{"not_picked":["Immolate","Fiend Fire"],"picked":"Limit Break","floor":16},{"not_picked":["Dropkick","Entrench"],"picked":"Disarm","floor":17},{"not_picked":["Cleave","Iron Wave"],"picked":"Battle Trance","floor":17},{"not_picked":["Twin Strike","Wild Strike"],"picked":"Seeing Red","floor":17},{"not_picked":["True Grit","Bludgeon","Perfected Strike+1"],"picked":"SKIP","floor":18},{"not_picked":["Headbutt+1","Body Slam","Dual Wield"],"picked":"SKIP","floor":21},{"not_picked":["Warcry","Flex","Carnage"],"picked":"SKIP","floor":22},{"not_picked":["Sword Boomerang+1","True Grit","Berserk"],"picked":"SKIP","floor":24},{"not_picked":["Infernal Blade","Wild Strike","Iron Wave"],"picked":"SKIP","floor":31}],"player_experience":224425,"relics_obtained":[{"floor":9,"key":"Bronze Scales"},{"floor":11,"key":"Pen Nib"},{"floor":24,"key":"Incense Burner"},{"floor":30,"key":"Enchiridion"}],"event_choices":[{"damage_healed":0,"gold_gain":0,"player_choice":"Searched \u00271\u0027 times","damage_taken":0,"relics_obtained":["Art of War"],"max_hp_gain":0,"max_hp_loss":0,"event_name":"Dead Adventurer","floor":12,"gold_loss":0},{"cards_removed":["Strike_R"],"damage_healed":0,"gold_gain":0,"player_choice":"Forget","damage_taken":0,"max_hp_gain":0,"max_hp_loss":0,"event_name":"Living Wall","floor":14,"gold_loss":0},{"damage_healed":0,"gold_gain":0,"player_choice":"Gave Potion","damage_taken":0,"relics_obtained":["Gambling Chip"],"max_hp_gain":0,"max_hp_loss":0,"event_name":"WeMeetAgain","floor":20,"gold_loss":0},{"damage_healed":0,"gold_gain":0,"player_choice":"Shed Blood","damage_taken":20,"max_hp_gain":5,"max_hp_loss":0,"event_name":"Forgotten Altar","floor":25,"gold_loss":0},{"damage_healed":0,"gold_gain":0,"player_choice":"Obtained Relic","damage_taken":0,"relics_obtained":["Red Skull"],"max_hp_gain":0,"max_hp_loss":0,"event_name":"Addict","floor":28,"gold_loss":85},{"damage_healed":0,"gold_gain":0,"player_choice":"Obtained Book","damage_taken":16,"max_hp_gain":0,"max_hp_loss":0,"event_name":"Cursed Tome","floor":30,"gold_loss":0}],"is_beta":false,"boss_relics":[{"not_picked":["Snecko Eye","White Beast Statue"],"picked":"Orrery"}],"items_purged_floors":[2,10,19],"is_endless":false,"potions_floor_spawned":[4,7,11,13,16,18,24,31],"killed_by":"Champ","ascension_level":3}