{"path_per_floor":["M","M","M","?","?","E","R","M","T","R","M","R","E","T","R","B",null,"M","?","?","M","M","R","E","R","T","M","$","M","?","M","R","B",null,"M","M","?","M","M","R","M","M","T","R","M","R","M"],"character_chosen":"IRONCLAD","items_purchased":["Molten Egg 2"],"gold_per_floor":[119,132,150,150,150,182,182,192,219,219,235,235,260,260,260,355,355,372,372,372,383,395,395,422,422,447,464,148,161,161,177,177,280,310,327,342,393,407,424,424,440,457,536,536,554,554,571],"floor_reached":48,"campfire_rested":2,"playtime":3076,"current_hp_per_floor":[80,80,80,64,61,46,53,54,54,54,60,60,44,44,71,11,93,93,93,93,84,65,71,48,54,56,49,49,33,33,39,74,31,104,92,83,90,70,40,50,50,56,56,66,45,55,29],"items_purged":["Fiend Fire"],"gold":571,"score":468,"play_id":"9379de0d-9a4b-4f56-80e0-79c7b555e11f","is_prod":false,"is_daily":false,"is_ascension_mode":false,"campfire_upgraded":2,"path_taken":["M","M","M","?","?","E","R","M","T","R","M","R","E","?","R","BOSS","M","?","?","?","M","R","E","R","T","M","$","M","?","M","R","BOSS","M","M","?","?","M","R","M","?","T","R","M","R","?","M"],"build_version":"2018-02-08-PROD1","purchased_purges":1,"victory":false,"master_deck":["Strike_R","Strike_R","Strike_R","Strike_R","Defend_R","Defend_R","Defend_R+1","Defend_R","Bash","Power Through+1","Dual Wield","Pommel Strike","Limit Break","Limit Break+1","Twin Strike+1","Ghostly Armor","Anger+1","Shrug It Off","Flame Barrier","Barricade+1","Burning Pact","Flex+1","Evolve","Inflame","Flame Barrier+1","Pommel Strike+1","Shrug It Off","Metallicize","Heavy Blade+1"],"max_hp_per_floor":[80,80,80,80,80,82,89,91,91,91,91,91,93,93,93,93,93,93,93,93,93,95,95,95,95,97,99,99,99,99,99,99,99,104,104,104,120,120,120,120,120,120,120,120,122,122,122],"relics":["Burning Blood","Ancient Tea Set","Singing Bowl","Shovel","Strawberry","Bronze Scales","Pen Nib","Anchor","Prayer Wheel","Girya","Eternal Feather","Oddly Smooth Stone","Vajra","Molten Egg 2","Tiny House","Mango","Shuriken"],"card_choices":[{"not_picked":["Pommel Strike","Second Wind"],"picked":"Power Through"},{"not_picked":["Rampage","Rage"],"picked":"Dual Wield"},{"not_picked":["Thunderclap","Heavy Blade"],"picked":"Pommel Strike"},{"not_picked":["Disarm","True Grit"],"picked":"Limit Break"},{"not_picked":["Feed","Double Tap"],"picked":"Limit Break"},{"not_picked":["Intimidate","Thunderclap"],"picked":"Twin Strike"},{"not_picked":["Armaments","Wild Strike"],"picked":"Ghostly Armor"},{"not_picked":["Dual Wield","Combust"],"picked":"Anger"},{"not_picked":["Uppercut","True Grit"],"picked":"Shrug It Off"},{"not_picked":["Whirlwind","Sword Boomerang"],"picked":"Flame Barrier"},{"not_picked":["Offering","Berserk"],"picked":"Barricade"},{"not_picked":["Reckless Charge","Havoc"],"picked":"Burning Pact"},{"not_picked":["Rupture","Sword Boomerang"],"picked":"Flex"},{"not_picked":["Shrug It Off","Hemokinesis"],"picked":"Evolve"},{"not_picked":["Uppercut","Clash"],"picked":"Inflame"},{"not_picked":["Brutality","Headbutt"],"picked":"Flame Barrier"},{"not_picked":["Iron Wave","Flex"],"picked":"Pommel Strike"},{"not_picked":["Sentinel","Clash"],"picked":"Shrug It Off"},{"not_picked":["Spot Weakness","Double Tap"],"picked":"Metallicize"},{"not_picked":["Anger","Armaments"],"picked":"Heavy Blade"}],"player_experience":104262,"potions_floor_usage":[6,8,13,21,22,29,33,33,36,37,37,39,42,42,47],"damage_taken":[{"damage":0,"enemies":"2 Louse","floor":1,"turns":2},{"damage":0,"enemies":"Small Slimes","floor":2,"turns":3},{"damage":6,"enemies":"Cultist","floor":3,"turns":3},{"damage":23,"enemies":"Gremlin Nob","floor":6,"turns":6},{"damage":7,"enemies":"2 Fungi Beasts","floor":8,"turns":5},{"damage":0,"enemies":"Exordium Wildlife","floor":11,"turns":5},{"damage":24,"enemies":"Lagavulin","floor":13,"turns":7},{"damage":66,"enemies":"The Guardian","floor":16,"turns":13},{"damage":2,"enemies":"3 Byrds","floor":18,"turns":7},{"damage":15,"enemies":"2 Thieves","floor":21,"turns":3},{"damage":27,"enemies":"Snake Plant","floor":22,"turns":6},{"damage":29,"enemies":"Book of Stabbing","floor":24,"turns":6},{"damage":15,"enemies":"Snecko","floor":27,"turns":4},{"damage":22,"enemies":"Centurion and Healer","floor":29,"turns":4},{"damage":0,"enemies":"Snake Plant","floor":31,"turns":3},{"damage":49,"enemies":"Collector","floor":33,"turns":5},{"damage":18,"enemies":"3 Shapes","floor":35,"turns":5},{"damage":15,"enemies":"3 Darklings","floor":36,"turns":6},{"damage":27,"enemies":"Mysterious Sphere","floor":37,"turns":5},{"damage":26,"enemies":"Sphere and 2 Shapes","floor":38,"turns":7},{"damage":36,"enemies":"4 Shapes","floor":39,"turns":9},{"damage":6,"enemies":"3 Darklings","floor":41,"turns":7},{"damage":0,"enemies":"Sphere and 2 Shapes","floor":42,"turns":5},{"damage":29,"enemies":"4 Shapes","floor":45,"turns":7},{"damage":32,"enemies":"3 Darklings","floor":47,"turns":6},{"damage":33,"enemies":"Maw","floor":48,"turns":8}],"event_choices":[{"event_name":"Shining Light","player_choice":"Entered Light","floor":4,"damage_taken":0},{"event_name":"Scrap Ooze","player_choice":"success","floor":5,"damage_taken":3},{"event_name":"The Lab","player_choice":"Got Potions","floor":19,"damage_taken":0},{"event_name":"Transmorgrifier","player_choice":"Transform","floor":20,"damage_taken":0},{"event_name":"Beggar","player_choice":"Ignored","floor":30,"damage_taken":0},{"event_name":"Mysterious Sphere","player_choice":"Fight","floor":37,"damage_taken":0}],"boss_relics":[{"not_picked":["Mark of Pain","Astrolabe"],"picked":"Eternal Feather"},{"not_picked":["Calling Bell","Velvet Choker"],"picked":"Tiny House"}],"potions_floor_spawned":[2,6,11,13,16,18,21,29,35,36,38,39,41,45],"seed_played":"1482233212242136443","killed_by":"Maw","ascension_level":0,"is_trial":false}