{"gold_per_floor":[219,233,233,156,171,212,212,212,265,308,308,308],"floor_reached":12,"playtime":609,"items_purged":[],"score":146,"play_id":"65a5742d-7fd7-4425-8264-0e3f65ca45f2","local_time":"20190403124236","is_ascension_mode":true,"campfire_choices":[{"data":"Clothesline","floor":7,"key":"SMITH"},{"data":"Inflame","floor":11,"key":"SMITH"}],"neow_cost":"NONE","seed_source_timestamp":1603060293179795,"circlet_count":0,"master_deck":["AscendersBane","Strike_R","Strike_R","Strike_R","Strike_R","Strike_R+1","Defend_R+1","Defend_R+1","Defend_R","Defend_R","Bash+1","Anger","Shrug It Off","Combust","Clothesline+1","Offering","Inflame+1"],"relics":["Burning Blood","Golden Idol","Whetstone","War Paint","Mummified Hand"],"potions_floor_usage":[],"damage_taken":[{"damage":12,"enemies":"Small Slimes","floor":1,"turns":5},{"damage":6,"enemies":"Cultist","floor":2,"turns":4},{"damage":0,"enemies":"2 Louse","floor":5,"turns":3},{"damage":25,"enemies":"Gremlin Nob","floor":6,"turns":4},{"damage":22,"enemies":"Lagavulin","floor":10,"turns":7},{"damage":20,"enemies":"Large Slime","floor":12,"turns":2}],"seed_played":"2943829312809392619","potions_obtained":[{"floor":6,"key":"Swift Potion"},{"floor":10,"key":"Strength Potion"}],"is_trial":false,"path_per_floor":["?","?"],"character_chosen":"IRONCLAD","items_purchased":["Combust"],"campfire_rested":0,"item_purchase_floors":[4],"current_hp_per_floor":[62,62,44,44,50,31,31,36,36,20,20,0],"gold":308,"neow_bonus":"HUNDRED_GOLD","is_prod":false,"is_daily":false,"chose_seed":false,"campfire_upgraded":2,"win_rate":0,"timestamp":1554309756,"path_taken":["M","M","?","$","M","E","R","?","T","E","R","M"],"build_version":"2019-01-23","purchased_purges":0,"victory":false,"max_hp_per_floor":[75,75,75,75,75,75,75,80,80,80,80,80],"card_choices":[{"not_picked":["Havoc","Clash"],"picked":"Anger","floor":1},{"not_picked":["Anger","Evolve"],"picked":"Shrug It Off","floor":2},{"not_picked":["Rage","Spot Weakness"],"picked":"Clothesline","floor":5},{"not_picked":["Havoc","Disarm"],"picked":"Offering","floor":6},{"not_picked":["Perfected Strike","Sever Soul"],"picked":"Inflame","floor":10}],"player_experience":1419603,"relics_obtained":[{"floor":6,"key":"Whetstone"},{"floor":9,"key":"War Paint"},{"floor":10,"key":"Mummified Hand"}],"event_choices":[{"damage_healed":0,"gold_gain":0,"player_choice":"Take Damage","damage_taken":18,"relics_obtained":["Golden Idol"],"max_hp_gain":0,"max_hp_loss":0,"event_name":"Golden Idol","floor":3,"gold_loss":0},{"damage_healed":0,"gold_gain":0,"player_choice":"Donut","damage_taken":0,"max_hp_gain":5,"max_hp_loss":0,"event_name":"Big Fish","floor":8,"gold_loss":0}],"is_beta":false,"boss_relics":[],"items_purged_floors":[],"is_endless":false,"potions_floor_spawned":[6,10],"killed_by":"Large Slime","ascension_level":14}