{"gold_per_floor":[213,213,233,308,308,333,333,358,433,433,445,69,69,84,84,189,189,207,224,224,27,0,0,0,0,46,46,66,96,96,115,115,220,220,235,252,272,75,75,75,102,102,126,157,67,67,83,102,102,102,102,102,1,34,34],"floor_reached":55,"playtime":10917,"items_purged":["Strike_R","Strike_R"],"score":771,"play_id":"7bcd4ffa-c4fe-4a41-a290-c975c0d1ec1c","local_time":"20190410011016","is_ascension_mode":true,"campfire_choices":[{"floor":7.0,"key":"REST"},{"floor":10.0,"key":"REST"},{"floor":13.0,"key":"REST"},{"data":"Whirlwind","floor":15.0,"key":"SMITH"},{"data":"Entrench","floor":23.0,"key":"SMITH"},{"data":"Armaments","floor":27.0,"key":"SMITH"},{"floor":30.0,"key":"REST"},{"floor":32.0,"key":"REST"},{"floor":40,"key":"RECALL"},{"data":"Seeing Red","floor":42,"key":"SMITH"},{"floor":46,"key":"REST"},{"floor":49,"key":"REST"},{"data":"Double Tap","floor":52,"key":"SMITH"}],"neow_cost":"NONE","seed_source_timestamp":409928010449678,"circlet_count":0,"master_deck":["Strike_R","Defend_R+1","Defend_R","Defend_R+1","Defend_R","Bash","Iron Wave+1","Disarm","Sword Boomerang","Pommel Strike","Shrug It Off","Whirlwind+1","Double Tap+1","Entrench+1","Body Slam","RitualDagger","Armaments+1","Impervious","Uppercut+1","Fiend Fire+1","Seeing Red+1","Flex","Inflame+1","Body Slam+1"],"special_seed":0,"relics":["Burning Blood","Potion Belt","Letter Opener","Sundial","Velvet Choker","War Paint","Molten Egg 2","Runic Pyramid","Lee\u0027s Waffle","Anchor","Boot","Self Forming Clay","Lantern"],"potions_floor_usage":[33,33,33,33,41,44,44,50,55,55],"damage_taken":[{"damage":9.0,"enemies":"Small Slimes","floor":1.0,"turns":4.0},{"damage":9.0,"enemies":"2 Louse","floor":3.0,"turns":3.0},{"damage":38.0,"enemies":"3 Sentries","floor":6.0,"turns":15.0},{"damage":49.0,"enemies":"Lagavulin","floor":8.0,"turns":11.0},{"damage":0.0,"enemies":"Cultist","floor":11.0,"turns":5.0},{"damage":5.0,"enemies":"Exordium Wildlife","floor":14.0,"turns":6.0},{"damage":69.0,"enemies":"Hexaghost","floor":16.0,"turns":13.0},{"damage":0.0,"enemies":"3 Byrds","floor":18.0,"turns":3.0},{"damage":22.0,"enemies":"Spheric Guardian","floor":19.0,"turns":5.0},{"damage":8.0,"enemies":"3 Cultists","floor":28.0,"turns":4.0},{"damage":44.0,"enemies":"Gremlin Leader","floor":29.0,"turns":10.0},{"damage":24.0,"enemies":"Centurion and Healer","floor":31.0,"turns":8.0},{"damage":25,"enemies":"Automaton","floor":33,"turns":9},{"damage":0,"enemies":"Orb Walker","floor":35,"turns":3},{"damage":41,"enemies":"3 Shapes","floor":36,"turns":3},{"damage":26,"enemies":"Jaw Worm Horde","floor":37,"turns":4},{"damage":26,"enemies":"Reptomancer","floor":41,"turns":6},{"damage":43,"enemies":"Giant Head","floor":44,"turns":9},{"damage":31,"enemies":"3 Darklings","floor":47,"turns":3},{"damage":22,"enemies":"Writhing Mass","floor":48,"turns":5},{"damage":45,"enemies":"Time Eater","floor":50,"turns":10},{"damage":40,"enemies":"Shield and Spear","floor":54,"turns":7},{"damage":79,"enemies":"The Heart","floor":55,"turns":5}],"seed_played":"4014499076578588089","potions_obtained":[{"floor":14.0,"key":"Energy Potion"},{"floor":16.0,"key":"PowerPotion"},{"floor":19.0,"key":"SteroidPotion"},{"floor":28.0,"key":"Block Potion"},{"floor":33,"key":"SkillPotion"},{"floor":36,"key":"Fire Potion"},{"floor":37,"key":"Regen Potion"},{"floor":48,"key":"Block Potion"},{"floor":54,"key":"Energy Potion"}],"is_trial":false,"path_per_floor":["M","?","M","?","?","E","R","E","T","R","M","$","R","M","R","B",null,"M","M","?","$","?","R","$","?","T","R","M","E","R","M","R","B",null,"M","M","M","$","?","R","E","R","T","E","?","R","M","M","R","B",null,"R","$","E","B"],"character_chosen":"IRONCLAD","items_purchased":["Shrug It Off","Sundial","Armaments","Strength Potion","Lee\u0027s Waffle","Fire Potion","Energy Potion"],"campfire_rested":7,"item_purchase_floors":[12,12,21,21,38,53,53],"current_hp_per_floor":[77,82,79,68,68,36,61,18,18,43,49,49,74,75,75,12,85,85,69,63,63,63,63,63,63,63,63,61,23,48,30,55,36,85,85,50,30,92,87,87,67,67,67,45,45,71,46,30,56,17,87,87,87,53,0],"gold":34,"neow_bonus":"HUNDRED_GOLD","is_prod":false,"is_daily":false,"chose_seed":false,"campfire_upgraded":5,"win_rate":0,"timestamp":1554876616,"path_taken":["M","?","M","?","?","E","R","E","T","R","M","$","R","M","R","BOSS","M","M","?","$","?","R","?","?","T","R","M","E","R","M","R","BOSS","M","M","M","$","?","R","E","R","T","E","?","R","?","M","R","BOSS","R","$","E","BOSS"],"build_version":"2019-01-23","purchased_purges":2,"victory":false,"max_hp_per_floor":[80,85,85,85,85,85,85,85,85,85,85,85,85,85,85,85,85,85,85,85,85,85,85,85,85,85,85,85,85,85,85,85,85,85,85,85,85,92,87,87,87,87,87,87,87,87,87,87,87,87,87,87,87,87,87],"card_choices":[{"not_picked":["Sword Boomerang","Wild Strike"],"picked":"Iron Wave","floor":1.0},{"not_picked":["Infernal Blade","Power Through","Havoc"],"picked":"SKIP","floor":3.0},{"not_picked":["Rupture","Sever Soul"],"picked":"Disarm","floor":6.0},{"not_picked":["Bloodletting","Reckless Charge"],"picked":"Sword Boomerang","floor":8.0},{"not_picked":["Anger","Hemokinesis"],"picked":"Pommel Strike","floor":11.0},{"not_picked":["Pommel Strike","Sword Boomerang"],"picked":"Whirlwind","floor":14.0},{"not_picked":["Reaper","Berserk"],"picked":"Double Tap","floor":16.0},{"not_picked":["Twin Strike","Feel No Pain+1"],"picked":"Entrench","floor":18.0},{"not_picked":["Cleave","Pommel Strike+1"],"picked":"Body Slam","floor":19.0},{"not_picked":["Heavy Blade","Cleave","Thunderclap"],"picked":"SKIP","floor":28.0},{"not_picked":["Bludgeon","Pommel Strike","Feel No Pain"],"picked":"SKIP","floor":29.0},{"not_picked":["Thunderclap+1","Infernal Blade"],"picked":"Uppercut+1","floor":31.0},{"not_picked":["Reaper+1","Bludgeon+1"],"picked":"Fiend Fire+1","floor":33},{"not_picked":["Ghostly Armor+1","Twin Strike+1"],"picked":"Seeing Red","floor":35},{"not_picked":["Clothesline+1","Corruption+1","Perfected Strike+1"],"picked":"SKIP","floor":36},{"not_picked":["Heavy Blade+1","Flex+1","Feel No Pain"],"picked":"SKIP","floor":37},{"not_picked":["Perfected Strike+1","Warcry"],"picked":"Flex","floor":41},{"not_picked":["Anger+1","Twin Strike+1"],"picked":"Inflame","floor":44},{"not_picked":["Cleave+1","Headbutt+1","Fire Breathing"],"picked":"SKIP","floor":47},{"not_picked":["Shockwave","Warcry+1","Rage"],"picked":"SKIP","floor":48},{"not_picked":["Uppercut+1","Heavy Blade+1"],"picked":"Body Slam+1","floor":54}],"player_experience":232197,"relics_obtained":[{"floor":6.0,"key":"Potion Belt"},{"floor":8.0,"key":"Letter Opener"},{"floor":26.0,"key":"War Paint"},{"floor":29.0,"key":"Molten Egg 2"},{"floor":41,"key":"Anchor"},{"floor":43,"key":"Boot"},{"floor":44,"key":"Self Forming Clay"},{"floor":54,"key":"Lantern"}],"event_choices":[{"damage_healed":0.0,"max_hp_gain":5.0,"max_hp_loss":0.0,"gold_gain":0.0,"event_name":"Big Fish","player_choice":"Donut","floor":2.0,"gold_loss":0.0,"damage_taken":0.0},{"damage_healed":0.0,"max_hp_gain":0.0,"max_hp_loss":0.0,"gold_gain":75.0,"event_name":"World of Goop","player_choice":"Gather Gold","floor":4.0,"gold_loss":0.0,"damage_taken":11.0},{"damage_healed":0.0,"max_hp_gain":0.0,"max_hp_loss":0.0,"gold_gain":0.0,"event_name":"Upgrade Shrine","player_choice":"Upgraded","floor":5.0,"gold_loss":0.0,"damage_taken":0.0,"cards_upgraded":["Iron Wave"]},{"damage_healed":0.0,"max_hp_gain":0.0,"max_hp_loss":0.0,"gold_gain":0.0,"event_name":"Nest","player_choice":"Joined the Cult","floor":20.0,"gold_loss":0.0,"damage_taken":6.0,"cards_obtained":["RitualDagger"]},{"damage_healed":0.0,"max_hp_gain":0.0,"max_hp_loss":0.0,"gold_gain":0.0,"event_name":"Masked Bandits","player_choice":"Paid Fearfully","floor":22.0,"gold_loss":27.0,"damage_taken":0.0},{"damage_healed":0.0,"max_hp_gain":0.0,"max_hp_loss":0.0,"gold_gain":0.0,"cards_transformed":["Strike_R","Strike_R"],"event_name":"Drug Dealer","player_choice":"Became Test Subject","floor":25.0,"gold_loss":0.0,"damage_taken":0.0,"cards_obtained":["Clash","Impervious"]},{"damage_healed":0,"gold_gain":0,"player_choice":"Max HP","damage_taken":0,"max_hp_gain":0,"max_hp_loss":5,"event_name":"Winding Halls","floor":39,"gold_loss":0},{"cards_removed":["Clash"],"damage_healed":0,"gold_gain":0,"player_choice":"Upgrade and Remove","damage_taken":0,"max_hp_gain":0,"max_hp_loss":0,"event_name":"Designer","floor":45,"gold_loss":90,"cards_upgraded":["Inflame"]}],"is_beta":false,"boss_relics":[{"not_picked":["White Beast Statue","Snecko Eye"],"picked":"Velvet Choker"},{"not_picked":["Orrery","Astrolabe"],"picked":"Runic Pyramid"}],"items_purged_floors":[12,21],"is_endless":false,"potions_floor_spawned":[14,16,19,28,33,36,37,48,54],"killed_by":"The Heart","ascension_level":2}