{"gold_per_floor":[115,125,125,138,18,52,78,159,239,308,330,362,394,406,418,528,540,563,575,228,228,243,243,243,259,259,72,22,22,36,71,71,171,171,188,0,0,0,13,13,13,24,49,99,99,114,128,128,128,128],"floor_reached":51,"playtime":2189,"items_purged":[],"score":940,"play_id":"3bab6e69-8ce0-416b-a00d-3f81f22c5b43","local_time":"20190129102753","is_ascension_mode":true,"campfire_choices":[{"floor":15,"key":"REST"},{"data":"Redo","floor":23,"key":"SMITH"},{"floor":32,"key":"REST"},{"data":"Defragment","floor":41,"key":"SMITH"},{"data":"Echo Form","floor":45,"key":"SMITH"},{"data":"Glacier","floor":49,"key":"SMITH"}],"neow_cost":"NONE","seed_source_timestamp":677978869514552,"circlet_count":0,"master_deck":["Strike_B+1","Strike_B+1","Strike_B+1","Strike_B+1","Defend_B+1","Defend_B+1","Defend_B+1","Defend_B+1","Zap+1","Dualcast","Coolheaded","Glacier+1","Core Surge","Static Discharge","Doom and Gloom","Blizzard","BootSequence","Coolheaded","Conserve Battery","Ball Lightning+1","Echo Form+1","Cold Snap+1","Cold Snap+1","Loop","Redo+1","Ball Lightning+1","Self Repair","Storm","Steam+1","Defragment+1","Turbo+1","Coolheaded+1","Rip and Tear+1","Barrage+1","White Noise+1"],"relics":["Cracked Core","Mango","MawBank","Molten Egg 2","Tiny Chest","Inserter","Membership Card","Incense Burner","Juzu Bracelet","Gremlin Horn","Letter Opener","Eternal Feather","Red Mask","Vajra","Pocketwatch","SsserpentHead"],"potions_floor_usage":[6,10,16,25,30,30,30,30,31,31,31,31,33,33,44,44,50],"damage_taken":[{"damage":0,"enemies":"Small Slimes","floor":1,"turns":3},{"damage":0,"enemies":"Cultist","floor":2,"turns":4},{"damage":7,"enemies":"Jaw Worm","floor":4,"turns":3},{"damage":11,"enemies":"3 Sentries","floor":6,"turns":4},{"damage":0,"enemies":"3 Louse","floor":7,"turns":3},{"damage":19,"enemies":"Gremlin Nob","floor":10,"turns":4},{"damage":0,"enemies":"2 Fungi Beasts","floor":11,"turns":4},{"damage":10,"enemies":"Gremlin Gang","floor":12,"turns":5},{"damage":2,"enemies":"Red Slaver","floor":13,"turns":3},{"damage":21,"enemies":"Hexaghost","floor":16,"turns":12},{"damage":10,"enemies":"Chosen","floor":18,"turns":6},{"damage":10,"enemies":"Shell Parasite","floor":22,"turns":6},{"damage":4,"enemies":"Shelled Parasite and Fungi","floor":25,"turns":8},{"damage":19,"enemies":"Centurion and Healer","floor":30,"turns":4},{"damage":26,"enemies":"Slavers","floor":31,"turns":7},{"damage":19,"enemies":"Champ","floor":33,"turns":13},{"damage":3,"enemies":"3 Shapes","floor":35,"turns":4},{"damage":17,"enemies":"Orb Walker","floor":39,"turns":5},{"damage":18,"enemies":"Sphere and 2 Shapes","floor":42,"turns":4},{"damage":20,"enemies":"2 Orb Walkers","floor":44,"turns":9},{"damage":0,"enemies":"4 Shapes","floor":46,"turns":5},{"damage":50,"enemies":"Spire Growth","floor":47,"turns":6},{"damage":50,"enemies":"Time Eater","floor":50,"turns":14}],"seed_played":"-3140441105851318121","potions_obtained":[{"floor":1,"key":"Explosive Potion"},{"floor":2,"key":"SteroidPotion"},{"floor":6,"key":"Weak Potion"},{"floor":7,"key":"SteroidPotion"},{"floor":10,"key":"SpeedPotion"},{"floor":24,"key":"SkillPotion"},{"floor":24,"key":"EntropicBrew"},{"floor":24,"key":"SneckoOil"},{"floor":25,"key":"Energy Potion"},{"floor":30,"key":"Strength Potion"},{"floor":31,"key":"GamblersBrew"},{"floor":42,"key":"Strength Potion"},{"floor":46,"key":"Poison Potion"}],"is_trial":false,"path_per_floor":["M","M","?","M","$","E","M","?","T","E","M","M","M","$","R","B",null,"M","?","$","?","M","R","?","M","T","$","?","$","M","E","R","B",null,"M","?","?","?","M","?","R","M","T","?","R","M","M","?","R","B",null],"character_chosen":"DEFECT","items_purchased":["Static Discharge","Doom and Gloom","Membership Card","Loop","Incense Burner","Gremlin Horn","Ball Lightning+1","Self Repair"],"campfire_rested":2,"item_purchase_floors":[5,5,20,20,20,27,27,27],"current_hp_per_floor":[68,68,82,75,75,64,64,64,64,45,45,35,33,33,59,38,76,66,66,66,66,56,56,56,52,52,52,52,52,33,14,40,28,74,78,78,89,89,72,99,99,81,81,68,86,93,50,50,71,28],"gold":128,"neow_bonus":"UPGRADE_CARD","is_prod":false,"is_daily":false,"chose_seed":false,"campfire_upgraded":4,"win_rate":0,"timestamp":1548782873,"path_taken":["M","M","?","M","$","E","?","?","T","E","M","M","M","?","R","BOSS","M","?","$","?","M","R","?","M","T","$","?","?","M","E","R","BOSS","M","?","?","?","M","?","R","M","T","?","R","M","M","?","R","BOSS"],"build_version":"2019-01-23","purchased_purges":0,"victory":true,"max_hp_per_floor":[75,75,89,89,89,89,89,89,89,89,89,89,89,89,89,89,89,89,89,89,89,89,89,89,89,89,89,89,89,89,89,89,89,89,89,89,89,89,89,99,99,99,99,99,99,99,99,99,99,99],"card_choices":[{"not_picked":["Hello World","Steam Power"],"picked":"Coolheaded","floor":1},{"not_picked":["Compile Driver","Go for the Eyes"],"picked":"Glacier","floor":2},{"not_picked":["Compile Driver","Recycle"],"picked":"Core Surge","floor":4},{"not_picked":["Beam Cell","Gash"],"picked":"Blizzard","floor":6},{"not_picked":["Rebound","Static Discharge"],"picked":"BootSequence","floor":7},{"not_picked":["Turbo","Stack"],"picked":"Steam","floor":10},{"not_picked":["Stack","Go for the Eyes+1"],"picked":"Coolheaded","floor":11},{"not_picked":["Reinforced Body","Hello World"],"picked":"Conserve Battery","floor":12},{"not_picked":["Beam Cell+1","Conserve Battery"],"picked":"Ball Lightning+1","floor":13},{"not_picked":["Buffer","Core Surge+1"],"picked":"Echo Form","floor":16},{"not_picked":["Go for the Eyes+1","Compile Driver+1"],"picked":"Cold Snap+1","floor":18},{"not_picked":["Reprogram","Auto Shields"],"picked":"Redo","floor":22},{"not_picked":["Leap","Streamline+1","Sweeping Beam+1"],"picked":"SKIP","floor":25},{"not_picked":["Heatsinks","Double Energy"],"picked":"Storm","floor":30},{"not_picked":["Beam Cell+1","Lockon+1"],"picked":"Steam+1","floor":31},{"not_picked":["All For One+1","Creative AI"],"picked":"Buffer","floor":33},{"not_picked":["Heatsinks","Cold Snap+1"],"picked":"Defragment","floor":35},{"not_picked":["Gash+1","Double Energy"],"picked":"Turbo+1","floor":39},{"not_picked":["Turbo","Leap"],"picked":"Coolheaded+1","floor":42},{"not_picked":["Stack+1","Force Field"],"picked":"Rip and Tear+1","floor":44},{"not_picked":["Leap+1","Static Discharge+1"],"picked":"Barrage+1","floor":46},{"not_picked":["Storm","Conserve Battery"],"picked":"White Noise+1","floor":47}],"player_experience":1324418,"relics_obtained":[{"floor":6,"key":"MawBank"},{"floor":9,"key":"Molten Egg 2"},{"floor":10,"key":"Tiny Chest"},{"floor":26,"key":"Juzu Bracelet"},{"floor":31,"key":"Letter Opener"},{"floor":43,"key":"Vajra"},{"floor":44,"key":"Pocketwatch"}],"event_choices":[{"damage_healed":0,"gold_gain":0,"player_choice":"Gave Potion","damage_taken":0,"relics_obtained":["Mango"],"max_hp_gain":0,"max_hp_loss":0,"event_name":"WeMeetAgain","floor":3,"gold_loss":0},{"damage_healed":0,"gold_gain":69,"player_choice":"Gained Gold","damage_taken":0,"max_hp_gain":0,"max_hp_loss":0,"event_name":"Golden Wing","floor":8,"gold_loss":0},{"damage_healed":0,"gold_gain":0,"player_choice":"Read","damage_taken":0,"max_hp_gain":0,"max_hp_loss":0,"event_name":"The Library","floor":19,"gold_loss":0,"cards_obtained":["Cold Snap"]},{"damage_healed":0,"gold_gain":0,"player_choice":"Simplicity","damage_taken":0,"max_hp_gain":0,"max_hp_loss":0,"event_name":"Back to Basics","floor":21,"gold_loss":0,"cards_upgraded":["Strike_B","Strike_B","Strike_B","Strike_B","Defend_B","Defend_B","Defend_B","Defend_B"]},{"damage_healed":0,"gold_gain":0,"player_choice":"Got Potions","damage_taken":0,"max_hp_gain":0,"max_hp_loss":0,"event_name":"Lab","floor":24,"gold_loss":0},{"damage_healed":0,"gold_gain":0,"player_choice":"Bet on Murderer","damage_taken":0,"max_hp_gain":0,"max_hp_loss":0,"event_name":"The Joust","floor":28,"gold_loss":50},{"damage_healed":0,"gold_gain":0,"player_choice":"Paid","damage_taken":0,"relics_obtained":["Red Mask"],"max_hp_gain":0,"max_hp_loss":0,"event_name":"Tomb of Lord Red Mask","floor":36,"gold_loss":188},{"damage_healed":11,"gold_gain":0,"player_choice":"Full Heal","damage_taken":0,"max_hp_gain":0,"max_hp_loss":0,"event_name":"Wheel of Change","floor":37,"gold_loss":0},{"cards_removed":["Steam"],"damage_healed":0,"gold_gain":0,"player_choice":"Removed Skill","damage_taken":0,"max_hp_gain":0,"max_hp_loss":0,"event_name":"Falling","floor":38,"gold_loss":0},{"cards_removed":["Buffer"],"damage_healed":17,"gold_gain":0,"player_choice":"Offered Rare","damage_taken":0,"max_hp_gain":10,"max_hp_loss":0,"event_name":"Bonfire Elementals","floor":40,"gold_loss":0},{"damage_healed":0,"gold_gain":0,"player_choice":"Fight","damage_taken":0,"max_hp_gain":0,"max_hp_loss":0,"event_name":"Mysterious Sphere","floor":44,"gold_loss":0},{"damage_healed":0,"gold_gain":0,"player_choice":"Trade","damage_taken":0,"relics_obtained":["SsserpentHead"],"max_hp_gain":0,"max_hp_loss":0,"event_name":"FaceTrader","floor":48,"gold_loss":0}],"is_beta":false,"boss_relics":[{"not_picked":["Philosopher\u0027s Stone","Busted Crown"],"picked":"Inserter"},{"not_picked":["Orrery","Tiny House"],"picked":"Eternal Feather"}],"items_purged_floors":[],"is_endless":false,"potions_floor_spawned":[1,2,6,7,10,25,30,31,42,46],"ascension_level":6}