{"path_per_floor":["M","$","?","M","?","R","E","M","T","M","M","$","M","M","R","B",null,"M","M","?"],"character_chosen":"IRONCLAD","items_purchased":["Metallicize","Finesse"],"gold_per_floor":[110,30,30,48,48,48,78,92,115,131,144,53,69,82,82,182,182,201,214,214],"floor_reached":21,"campfire_rested":0,"playtime":1724,"current_hp_per_floor":[80,80,80,80,80,80,63,66,66,62,50,50,56,58,58,53,80,56,36,21],"items_purged":[],"gold":214,"play_id":"2ace7d91-fd56-45ce-8667-d676ddc26ba1","is_prod":false,"is_daily":false,"campfire_rituals":0,"campfire_upgraded":2,"is_hardmode":false,"path_taken":["M","$","?","M","?","R","E","M","T","M","M","$","M","?","R","BOSS","M","M","?","M"],"build_version":"2018-01-04-PROD1","purchased_purges":0,"victory":false,"master_deck":["Strike_R","Strike_R","Strike_R","Strike_R","Strike_R","Defend_R","Defend_R","Defend_R","Defend_R","Bash","Clash","Flex","Metallicize","Reckless Charge","Sever Soul","Double Tap","Spot Weakness","Uppercut","Finesse","Dual Wield","Anger","Bludgeon","Flex","Barricade"],"max_hp_per_floor":[80,80,80,80,80,80,80,80,80,80,80,80,80,80,80,80,80,80,80,85],"relics":["Burning Blood","Centennial Puzzle","Lantern","Lizard Tail"],"campfire_meditates":0,"card_choices":[{"not_picked":["Dual Wield","Armaments"],"picked":"Clash"},{"not_picked":["Second Wind","Headbutt"],"picked":"Flex"},{"not_picked":["Thunderclap","Rupture"],"picked":"Reckless Charge"},{"not_picked":["Burning Pact","True Grit"],"picked":"Sever Soul"},{"not_picked":["Pommel Strike","Twin Strike"],"picked":"Double Tap"},{"not_picked":["Second Wind","Seeing Red"],"picked":"Spot Weakness"},{"not_picked":["Shrug It Off","Rampage"],"picked":"Uppercut"},{"not_picked":["Rage","Perfected Strike"],"picked":"Dual Wield"},{"not_picked":["Cleave","True Grit"],"picked":"Anger"},{"not_picked":["Reaper","Juggernaut"],"picked":"Bludgeon"},{"not_picked":["Heavy Blade","Cleave"],"picked":"Flex"},{"not_picked":["Blood for Blood","Hemokinesis"],"picked":"Barricade"}],"player_experience":11550,"potions_floor_usage":[11,19,19,21],"damage_taken":[{"damage":1,"enemies":"Jaw Worm","floor":1,"turns":3},{"damage":0,"enemies":"2 Louse","floor":4,"turns":3},{"damage":23,"enemies":"3 Sentries","floor":7,"turns":7},{"damage":3,"enemies":"Small Slimes","floor":8,"turns":4},{"damage":10,"enemies":"Looter","floor":10,"turns":3},{"damage":24,"enemies":"Lots of Slimes","floor":11,"turns":4},{"damage":0,"enemies":"Large Slime","floor":13,"turns":3},{"damage":4,"enemies":"Exordium Wildlife","floor":14,"turns":4},{"damage":11,"enemies":"Slime Boss","floor":16,"turns":6},{"damage":30,"enemies":"3 Byrds","floor":18,"turns":6},{"damage":29,"enemies":"Shell Parasite","floor":19,"turns":6},{"damage":69,"enemies":"3 Cultists","floor":21,"turns":6}],"event_choices":[{"event_name":"Liars Game","player_choice":"disagreed","floor":3,"damage_taken":0},{"event_name":"Living Wall","player_choice":"Grow","floor":5,"damage_taken":0},{"event_name":"Forgotten Altar","player_choice":"Shed Blood","floor":20,"damage_taken":0}],"boss_relics":[{"not_picked":["Astrolabe","Sozu"],"picked":"Lizard Tail"}],"potions_floor_spawned":[1,4,10,11,13],"seed_played":"4624756099091198237","killed_by":"3 Cultists","is_trial":false}