{"gold_per_floor":[118,136,146,156,172,201,201,201,201,213,231,262,283,316,316,417,417,435,451,471,485,485,519,532,532],"floor_reached":25,"playtime":2533,"items_purged":[],"score":249,"play_id":"42b01cfe-fa77-4b25-8a5a-5a59ff71a02f","local_time":"20190331211916","is_ascension_mode":false,"campfire_choices":[{"data":"Neutralize","floor":8,"key":"SMITH"},{"data":"Cloak And Dagger","floor":15,"key":"SMITH"}],"neow_cost":"TEN_PERCENT_HP_LOSS","seed_source_timestamp":1372935487800819,"circlet_count":0,"master_deck":["Defend_G+1","Defend_G+1","Defend_G+1","Defend_G+1","Defend_G+1","Strike_G+1","Strike_G+1","Strike_G+1","Strike_G+1","Strike_G+1","Survivor","Neutralize+1","Dagger Throw","Backflip","Backflip","Deflect","Dagger Spray","Cloak And Dagger+1","Dagger Throw","Quick Slash","Dodge and Roll","Underhanded Strike","Slice","Dagger Throw","Flying Knee","PiercingWail","Prepared+1","Cloak And Dagger","Slice","Deflect+1"],"relics":["Ring of the Snake","Prayer Wheel","Bag of Marbles","Sundial","War Paint","Odd Mushroom","Bird Faced Urn","Fusion Hammer","Thread and Needle"],"potions_floor_usage":[16,23,23],"damage_taken":[{"damage":0,"enemies":"Small Slimes","floor":1,"turns":3},{"damage":0,"enemies":"2 Louse","floor":2,"turns":2},{"damage":0,"enemies":"Jaw Worm","floor":3,"turns":4},{"damage":4,"enemies":"Red Slaver","floor":4,"turns":5},{"damage":13,"enemies":"Large Slime","floor":5,"turns":10},{"damage":19,"enemies":"3 Sentries","floor":6,"turns":10},{"damage":0,"enemies":"Blue Slaver","floor":10,"turns":3},{"damage":0,"enemies":"Looter","floor":11,"turns":3},{"damage":6,"enemies":"Lagavulin","floor":12,"turns":8},{"damage":0,"enemies":"The Mushroom Lair","floor":13,"turns":3},{"damage":1,"enemies":"3 Sentries","floor":14,"turns":6},{"damage":17,"enemies":"The Guardian","floor":16,"turns":14},{"damage":0,"enemies":"Shell Parasite","floor":18,"turns":4},{"damage":6,"enemies":"2 Thieves","floor":19,"turns":4},{"damage":13,"enemies":"Snecko","floor":20,"turns":7},{"damage":5,"enemies":"Cultist and Chosen","floor":21,"turns":7},{"damage":28,"enemies":"Book of Stabbing","floor":23,"turns":5},{"damage":0,"enemies":"Centurion and Healer","floor":24,"turns":5},{"damage":13,"enemies":"Snake Plant","floor":25,"turns":4}],"seed_played":"-4225556372010166211","potions_obtained":[{"floor":2,"key":"Ancient Potion"},{"floor":4,"key":"Strength Potion"},{"floor":5,"key":"Block Potion"},{"floor":10,"key":"SteroidPotion"},{"floor":11,"key":"Fire Potion"},{"floor":18,"key":"GamblersBrew"},{"floor":24,"key":"Energy Potion"}],"is_trial":false,"path_per_floor":["?","?","?"],"character_chosen":"THE_SILENT","items_purchased":[],"campfire_rested":0,"item_purchase_floors":[],"current_hp_per_floor":[63,63,63,59,46,27,48,48,48,48,48,42,42,41,41,24,63,63,57,44,39,39,11,11,0],"gold":532,"neow_bonus":"ONE_RARE_RELIC","is_prod":false,"is_daily":false,"chose_seed":false,"campfire_upgraded":2,"win_rate":0,"timestamp":1554081556,"path_taken":["M","M","M","M","M","E","?","R","T","M","M","E","?","E","R","BOSS","M","M","M","M","?","E","M","M"],"build_version":"2019-01-23","purchased_purges":0,"victory":false,"max_hp_per_floor":[63,63,63,63,63,63,63,63,63,63,63,63,63,63,63,63,63,63,63,63,63,63,63,63,63],"card_choices":[{"not_picked":["Sucker Punch","Prepared"],"picked":"Dagger Throw","floor":1},{"not_picked":["Dagger Throw","Poisoned Stab"],"picked":"Backflip","floor":1},{"not_picked":["Noxious Fumes","Dodge and Roll"],"picked":"Backflip","floor":2},{"not_picked":["Bane","Infinite Blades","Doppelganger"],"picked":"SKIP","floor":2},{"not_picked":["Backflip","Skewer","Dodge and Roll"],"picked":"SKIP","floor":3},{"not_picked":["Catalyst","Blade Dance","Caltrops"],"picked":"SKIP","floor":3},{"not_picked":["Well Laid Plans","Acrobatics"],"picked":"Deflect","floor":4},{"not_picked":["Outmaneuver","Flechettes","Bouncing Flask"],"picked":"SKIP","floor":4},{"not_picked":["Calculated Gamble","Backflip"],"picked":"Dagger Spray","floor":5},{"not_picked":["Escape Plan","Tactician"],"picked":"Cloak And Dagger","floor":5},{"not_picked":["Poisoned Stab","All Out Attack"],"picked":"Dagger Throw","floor":6},{"not_picked":["Crippling Poison","Deadly Poison"],"picked":"Quick Slash","floor":10},{"not_picked":["Finisher","Quick Slash"],"picked":"Dodge and Roll","floor":10},{"not_picked":["Quick Slash","Calculated Gamble"],"picked":"Underhanded Strike","floor":11},{"not_picked":["Masterful Stab","Outmaneuver"],"picked":"Slice","floor":11},{"not_picked":["Caltrops","Envenom","Acrobatics"],"picked":"SKIP","floor":12},{"not_picked":["Endless Agony","Concentrate"],"picked":"Dagger Throw","floor":13},{"not_picked":["Reflex","Quick Slash"],"picked":"Flying Knee","floor":14},{"not_picked":["Footwork+1","Sucker Punch"],"picked":"PiercingWail","floor":18},{"not_picked":["Riddle With Holes+1","Dodge and Roll","Masterful Stab"],"picked":"SKIP","floor":18},{"not_picked":["Flying Knee","Eviscerate"],"picked":"Prepared+1","floor":19},{"not_picked":["Footwork","Dodge and Roll"],"picked":"Cloak And Dagger","floor":19},{"not_picked":["Blade Dance","Backflip+1"],"picked":"Slice","floor":20},{"not_picked":["Distraction","Tactician","Bullet Time"],"picked":"SKIP","floor":20},{"not_picked":["Prepared","Flying Knee","Poisoned Stab"],"picked":"SKIP","floor":21},{"not_picked":["Heel Hook+1","Catalyst","Riddle With Holes"],"picked":"SKIP","floor":21},{"not_picked":["Escape Plan+1","Backstab+1","Flying Knee"],"picked":"SKIP","floor":23},{"not_picked":["Expertise","Endless Agony"],"picked":"Deflect+1","floor":24},{"not_picked":["Escape Plan+1","Catalyst","Infinite Blades+1"],"picked":"SKIP","floor":24}],"player_experience":1352890,"relics_obtained":[{"floor":6,"key":"Bag of Marbles"},{"floor":9,"key":"Sundial"},{"floor":12,"key":"War Paint"},{"floor":13,"key":"Odd Mushroom"},{"floor":14,"key":"Bird Faced Urn"},{"floor":23,"key":"Thread and Needle"}],"event_choices":[{"damage_healed":21,"gold_gain":0,"player_choice":"Banana","damage_taken":0,"max_hp_gain":0,"max_hp_loss":0,"event_name":"Big Fish","floor":7,"gold_loss":0},{"damage_healed":0,"gold_gain":0,"player_choice":"Fought Mushrooms","damage_taken":0,"max_hp_gain":0,"max_hp_loss":0,"event_name":"Mushrooms","floor":13,"gold_loss":0},{"damage_healed":0,"gold_gain":0,"player_choice":"Simplicity","damage_taken":0,"max_hp_gain":0,"max_hp_loss":0,"event_name":"Back to Basics","floor":22,"gold_loss":0,"cards_upgraded":["Defend_G","Defend_G","Defend_G","Strike_G","Strike_G","Strike_G","Strike_G","Strike_G"]}],"is_beta":false,"boss_relics":[{"not_picked":["Cursed Key","Ring of the Serpent"],"picked":"Fusion Hammer"}],"items_purged_floors":[],"is_endless":false,"potions_floor_spawned":[2,4,5,10,11,18,19,24],"killed_by":"Snake Plant","ascension_level":0}