{"gold_per_floor":[366,14,89,89,101,101,135,135,135,152,217,30,30],"floor_reached":13,"playtime":405,"items_purged":[],"score":141,"play_id":"1bd50530-55ba-4701-9add-29dfeac86ff1","local_time":"20190212120746","is_ascension_mode":true,"campfire_choices":[{"data":"Neutralize","floor":6,"key":"SMITH"},{"floor":8,"key":"REST"}],"neow_cost":"CURSE","seed_source_timestamp":841703241337351,"circlet_count":0,"master_deck":["AscendersBane","Defend_G","Defend_G","Defend_G","Defend_G","Defend_G","Strike_G","Strike_G","Strike_G","Strike_G","Strike_G","Survivor","Neutralize+1","Predator","PiercingWail","Poisoned Stab","PiercingWail+1","Well Laid Plans"],"relics":["Ring of the Snake","The Specimen","Bronze Scales","Toxic Egg 2","Tiny Chest","PreservedInsect"],"potions_floor_usage":[7,11,13],"damage_taken":[{"damage":0,"enemies":"Jaw Worm","floor":1,"turns":9},{"damage":0,"enemies":"Small Slimes","floor":5,"turns":4},{"damage":31,"enemies":"3 Sentries","floor":7,"turns":10},{"damage":1,"enemies":"Cultist","floor":10,"turns":3},{"damage":40,"enemies":"Lagavulin","floor":11,"turns":6},{"damage":10,"enemies":"Gremlin Nob","floor":13,"turns":2}],"seed_played":"2827192068712903847","potions_obtained":[{"floor":1,"key":"Energy Potion"},{"floor":5,"key":"Weak Potion"},{"floor":7,"key":"GamblersBrew"}],"is_trial":false,"path_per_floor":["M","$","?","?","M","R","E","R","T","M","E","$","E"],"character_chosen":"THE_SILENT","items_purchased":["The Specimen","PiercingWail","PreservedInsect","Well Laid Plans"],"campfire_rested":1,"item_purchase_floors":[2,2,12,12],"current_hp_per_floor":[63,63,52,52,52,52,21,42,42,41,1,1,0],"gold":30,"neow_bonus":"TWO_FIFTY_GOLD","is_prod":false,"is_daily":false,"chose_seed":false,"campfire_upgraded":1,"win_rate":0,"timestamp":1550002066,"path_taken":["M","$","?","?","M","R","E","R","T","?","E","$","E"],"build_version":"2019-01-23","purchased_purges":0,"victory":false,"max_hp_per_floor":[70,70,70,70,70,70,70,70,70,70,70,70,70],"card_choices":[{"not_picked":["Dagger Spray","Dash"],"picked":"Predator","floor":1},{"not_picked":["Infinite Blades","Flechettes","Expertise"],"picked":"SKIP","floor":5},{"not_picked":["Slice","Flying Knee","A Thousand Cuts"],"picked":"SKIP","floor":7},{"not_picked":["Slice","Deflect+1"],"picked":"Poisoned Stab","floor":10},{"not_picked":["Prepared+1","Slice"],"picked":"PiercingWail+1","floor":11}],"player_experience":381849,"relics_obtained":[{"floor":7,"key":"Bronze Scales"},{"floor":9,"key":"Toxic Egg 2"},{"floor":11,"key":"Tiny Chest"}],"event_choices":[{"damage_healed":0,"gold_gain":75,"player_choice":"Gather Gold","damage_taken":11,"max_hp_gain":0,"max_hp_loss":0,"event_name":"World of Goop","floor":3,"gold_loss":0},{"cards_removed":["Doubt"],"damage_healed":0,"gold_gain":0,"player_choice":"Purged","damage_taken":0,"max_hp_gain":0,"max_hp_loss":0,"event_name":"Purifier","floor":4,"gold_loss":0}],"is_beta":false,"boss_relics":[],"items_purged_floors":[],"is_endless":false,"potions_floor_spawned":[1,5,7],"killed_by":"Gremlin Nob","ascension_level":11}