{"gold_per_floor":[111,126,126,45,62,87,97,132,132,132,149,163,189,20,20,123,123,138,138,149,149],"floor_reached":21,"playtime":5895,"items_purged":["Strike_B"],"score":312,"play_id":"5d7f1b19-0dae-46bc-a9fd-6edd3784254f","local_time":"20190403122926","is_ascension_mode":true,"campfire_choices":[{"data":"Consume","floor":10,"key":"SMITH"},{"data":"Loop","floor":15,"key":"SMITH"}],"neow_cost":"NONE","seed_source_timestamp":1596987591052865,"circlet_count":0,"master_deck":["AscendersBane","Strike_B","Strike_B","Defend_B","Defend_B","Defend_B","Defend_B","Zap","Dualcast","Consume+1","Self Repair","Glacier","Echo Form","Loop+1","Ball Lightning","Biased Cognition+1","Capacitor+1","Cold Snap","Buffer+1","Steam+1"],"relics":["Cracked Core","PreservedInsect","Anchor","Question Card","Frozen Egg 2","Bottled Lightning","Black Star"],"potions_floor_usage":[6,13],"damage_taken":[{"damage":8,"enemies":"Jaw Worm","floor":1,"turns":4},{"damage":1,"enemies":"Cultist","floor":2,"turns":4},{"damage":10,"enemies":"Small Slimes","floor":5,"turns":4},{"damage":19,"enemies":"Gremlin Nob","floor":6,"turns":5},{"damage":9,"enemies":"3 Louse","floor":7,"turns":6},{"damage":20,"enemies":"Lagavulin","floor":8,"turns":6},{"damage":1,"enemies":"Looter","floor":11,"turns":4},{"damage":2,"enemies":"2 Fungi Beasts","floor":12,"turns":3},{"damage":23,"enemies":"3 Sentries","floor":13,"turns":6},{"damage":28,"enemies":"Slime Boss","floor":16,"turns":12},{"damage":19,"enemies":"Shell Parasite","floor":18,"turns":8},{"damage":20,"enemies":"Spheric Guardian","floor":20,"turns":6},{"damage":35,"enemies":"Snake Plant","floor":21,"turns":4}],"seed_played":"6738219016946146948","potions_obtained":[{"floor":3,"key":"Block Potion"},{"floor":3,"key":"Explosive Potion"},{"floor":7,"key":"SteroidPotion"},{"floor":16,"key":"SteroidPotion"}],"is_trial":false,"path_per_floor":["?","?"],"character_chosen":"DEFECT","items_purchased":["Self Repair","Capacitor+1","Cold Snap"],"campfire_rested":0,"item_purchase_floors":[4,14,14],"current_hp_per_floor":[60,59,59,59,56,44,42,36,36,36,42,40,31,31,31,10,59,54,54,34,0],"gold":149,"neow_bonus":"RANDOM_COMMON_RELIC","is_prod":false,"is_daily":false,"chose_seed":false,"campfire_upgraded":2,"win_rate":0,"timestamp":1554308966,"path_taken":["M","M","?","$","M","E","M","E","T","R","M","M","E","$","R","BOSS","M","?","M","M"],"build_version":"2019-01-23","purchased_purges":1,"victory":false,"max_hp_per_floor":[75,75,75,75,75,75,75,75,75,75,75,75,75,75,75,75,75,75,75,75,75],"card_choices":[{"not_picked":["Compile Driver","Streamline"],"picked":"Consume","floor":1},{"not_picked":["Double Energy","Stack","Heatsinks"],"picked":"SKIP","floor":2},{"not_picked":["Streamline","Darkness"],"picked":"Glacier","floor":5},{"not_picked":["Gash","Leap"],"picked":"Echo Form","floor":6},{"not_picked":["Double Energy","Cold Snap"],"picked":"Loop","floor":7},{"not_picked":["Hello World","Reprogram","Aggregate"],"picked":"SKIP","floor":8},{"not_picked":["Beam Cell","Turbo","Doom and Gloom"],"picked":"Ball Lightning","floor":11},{"not_picked":["Barrage","Turbo","Beam Cell","Force Field"],"picked":"SKIP","floor":12},{"not_picked":["Force Field","Go for the Eyes","FTL"],"picked":"Biased Cognition+1","floor":13},{"not_picked":["Echo Form+1","Biased Cognition+1","Multi-Cast"],"picked":"Buffer+1","floor":16},{"not_picked":["Compile Driver","Darkness","Auto Shields","Streamline+1"],"picked":"SKIP","floor":18},{"not_picked":["Sweeping Beam","Auto Shields+1","Turbo"],"picked":"Steam+1","floor":20}],"player_experience":1413708,"relics_obtained":[{"floor":6,"key":"Anchor"},{"floor":8,"key":"Question Card"},{"floor":9,"key":"Frozen Egg 2"},{"floor":13,"key":"Bottled Lightning"}],"event_choices":[{"damage_healed":0,"gold_gain":0,"player_choice":"Got Potions","damage_taken":0,"max_hp_gain":0,"max_hp_loss":0,"event_name":"Lab","floor":3,"gold_loss":0},{"cards_removed":["Strike_B"],"damage_healed":0,"gold_gain":0,"player_choice":"Purged","damage_taken":0,"max_hp_gain":0,"max_hp_loss":0,"event_name":"Purifier","floor":19,"gold_loss":0}],"is_beta":false,"boss_relics":[{"not_picked":["Sozu","Lizard Tail"],"picked":"Black Star"}],"items_purged_floors":[14],"is_endless":false,"potions_floor_spawned":[5,7,11,16,18],"killed_by":"Snake Plant","ascension_level":11}