{"gold_per_floor":[362,362,377,377,31,31,31,50,50,50,65,76,76,91,91,91],"floor_reached":16,"playtime":359,"items_purged":[],"score":92,"play_id":"d040b8ec-1bfb-4a5c-ad8d-f2a81e04bb52","local_time":"20190208172026","is_ascension_mode":false,"campfire_choices":[{"data":"Pommel Strike","floor":6,"key":"SMITH"},{"data":"Flame Barrier","floor":15,"key":"SMITH"}],"neow_cost":"CURSE","seed_source_timestamp":882522147666353,"circlet_count":0,"master_deck":["Strike_R","Strike_R+1","Strike_R","Strike_R","Defend_R","Defend_R","Defend_R","Defend_R","Bash","Parasite","Flex+1","Pommel Strike+1","Thunderclap","Immolate","Flex","hubris:ReadiedAction","Flame Barrier+1"],"relics":["Burning Blood","Gremlin Horn","hubris:ChampionShield","PreservedInsect","hubris:DisguiseKit","Dodecahedron"],"potions_floor_usage":[16],"damage_taken":[{"damage":5,"enemies":"Cultist","floor":1,"turns":4},{"damage":6,"enemies":"2 Louse","floor":3,"turns":3},{"damage":0,"enemies":"Small Slimes","floor":8,"turns":2},{"damage":12,"enemies":"Blue Slaver","floor":11,"turns":2},{"damage":4,"enemies":"2 Fungi Beasts","floor":12,"turns":2},{"damage":0,"enemies":"Exordium Wildlife","floor":14,"turns":1},{"damage":67,"enemies":"Slime Boss","floor":16,"turns":10}],"seed_played":"-4173590833331300234","potions_obtained":[{"floor":8,"key":"PowerPotion"},{"floor":14,"key":"Explosive Potion"}],"is_trial":false,"path_per_floor":["M","T","M","?","$","R","?","M","T","$","M","M","T","M","R","B"],"character_chosen":"IRONCLAD","items_purchased":["hubris:ChampionShield","PreservedInsect","Thunderclap"],"campfire_rested":0,"item_purchase_floors":[5,5,5],"current_hp_per_floor":[80,80,80,73,73,73,57,63,63,63,57,59,59,65,65,0],"gold":91,"neow_bonus":"TWO_FIFTY_GOLD","is_prod":false,"is_daily":false,"chose_seed":false,"campfire_upgraded":2,"win_rate":0,"timestamp":1549671626,"path_taken":["M","?","M","?","$","R","?","M","T","?","?","M","?","M","R","BOSS"],"build_version":"2019-01-23","purchased_purges":0,"victory":false,"max_hp_per_floor":[80,80,80,80,80,80,80,80,80,80,80,80,80,80,80,80],"card_choices":[{"not_picked":["Armaments","Dual Wield"],"picked":"Flex","floor":1},{"not_picked":["Clash","Iron Wave"],"picked":"Pommel Strike","floor":3},{"not_picked":["Armaments","Sword Boomerang"],"picked":"Immolate","floor":8},{"not_picked":["Disarm","Havoc","Dagger Throw"],"picked":"Flex","floor":11},{"not_picked":["Anger","Wild Strike","All Out Attack"],"picked":"hubris:ReadiedAction","floor":12},{"not_picked":["Clash","Shrug It Off","Calculated Gamble"],"picked":"Flame Barrier","floor":14}],"player_experience":1425779,"relics_obtained":[{"floor":2,"key":"Gremlin Horn"},{"floor":9,"key":"hubris:DisguiseKit"},{"floor":13,"key":"Dodecahedron"}],"event_choices":[{"cards_removed":["Strike_R"],"damage_healed":0,"gold_gain":0,"player_choice":"Card Removal","damage_taken":7,"max_hp_gain":0,"max_hp_loss":0,"event_name":"Golden Wing","floor":4,"gold_loss":0},{"damage_healed":0,"gold_gain":0,"player_choice":"Entered Light","damage_taken":16,"max_hp_gain":0,"max_hp_loss":0,"event_name":"Shining Light","floor":7,"gold_loss":0,"cards_upgraded":["Flex","Strike_R"]}],"is_beta":false,"boss_relics":[],"items_purged_floors":[],"is_endless":false,"potions_floor_spawned":[8,14],"killed_by":"Slime Boss","ascension_level":0}