{"gold_per_floor":[118,118,46,58,74,74,74,100,125,136,164,164,38,38,38,109,109,124,151,161,173,223,223,240,240,309,309,344,7,7,37,37,112,112,125,125,142,142,155,188,188],"floor_reached":41,"playtime":1511,"items_purged":["Pain"],"score":867,"play_id":"d27025d8-1648-4ccd-bce2-7a7b15161baf","local_time":"20190407135314","is_ascension_mode":true,"campfire_choices":[{"data":"Perfected Strike","floor":6,"key":"SMITH"},{"data":"Perfected Strike","floor":12,"key":"SMITH"},{"data":"Bash","floor":15,"key":"SMITH"},{"floor":23,"key":"REST"},{"floor":27,"key":"REST"},{"data":"Perfected Strike","floor":32,"key":"SMITH"}],"neow_cost":"NONE","seed_source_timestamp":1951994337191229,"circlet_count":0,"master_deck":["AscendersBane","Strike_R","Strike_R","Strike_R","Strike_R","Strike_R","Defend_R","Defend_R","Defend_R","Defend_R","Bash+1","Perfected Strike+1","Perfected Strike+1","Wild Strike","Seeing Red","Shrug It Off","Offering","Headbutt","Perfected Strike+1","Perfected Strike","Shrug It Off","Wild Strike","Wild Strike","Anger","Feed","Perfected Strike","Twin Strike"],"relics":["Burning Blood","NeowsBlessing","NlothsMask","WarpedTongs","Strawberry","Kunai","Orrery","Red Mask","MutagenicStrength","PreservedInsect","Lee\u0027s Waffle","Happy Flower","Philosopher\u0027s Stone","Ornamental Fan","Omamori"],"potions_floor_usage":[28,33,37,39,41],"damage_taken":[{"damage":0,"enemies":"Jaw Worm","floor":1,"turns":1},{"damage":0,"enemies":"Cultist","floor":4,"turns":1},{"damage":0,"enemies":"2 Louse","floor":5,"turns":1},{"damage":21,"enemies":"3 Sentries","floor":8,"turns":7},{"damage":12,"enemies":"Red Slaver","floor":10,"turns":3},{"damage":37,"enemies":"Lagavulin","floor":11,"turns":6},{"damage":23,"enemies":"Hexaghost","floor":16,"turns":9},{"damage":12,"enemies":"Shell Parasite","floor":18,"turns":1},{"damage":26,"enemies":"Masked Bandits","floor":19,"turns":3},{"damage":19,"enemies":"2 Thieves","floor":20,"turns":3},{"damage":0,"enemies":"Centurion and Healer","floor":21,"turns":5},{"damage":12,"enemies":"3 Cultists","floor":24,"turns":3},{"damage":39,"enemies":"Book of Stabbing","floor":28,"turns":4},{"damage":12,"enemies":"Slavers","floor":31,"turns":3},{"damage":95,"enemies":"Champ","floor":33,"turns":9},{"damage":50,"enemies":"3 Shapes","floor":35,"turns":4},{"damage":17,"enemies":"Orb Walker","floor":37,"turns":3},{"damage":0,"enemies":"Transient","floor":39,"turns":5},{"damage":25,"enemies":"Nemesis","floor":40,"turns":3},{"damage":25,"enemies":"Spire Growth","floor":41,"turns":2}],"seed_played":"-6459822149228399501","potions_obtained":[{"floor":5,"key":"Poison Potion"},{"floor":10,"key":"AttackPotion"},{"floor":28,"key":"Weak Potion"},{"floor":35,"key":"SkillPotion"},{"floor":40,"key":"AttackPotion"}],"is_trial":false,"path_per_floor":["?","M","?","M","?","?","?","?","$","?","T"],"character_chosen":"IRONCLAD","items_purchased":["Perfected Strike","Wild Strike","Fire Potion","Feed","Lee\u0027s Waffle"],"campfire_rested":2,"item_purchase_floors":[3,3,13,29,29],"current_hp_per_floor":[74,74,74,75,75,75,75,67,67,61,30,30,30,30,30,13,65,59,39,26,32,32,56,50,50,50,74,41,89,99,96,96,7,78,37,37,26,26,32,13,0],"gold":188,"neow_bonus":"THREE_ENEMY_KILL","is_prod":false,"is_daily":false,"chose_seed":false,"campfire_upgraded":4,"win_rate":0,"timestamp":1554659594,"path_taken":["M","?","$","M","?","R","?","E","T","?","E","R","$","?","R","BOSS","M","?","M","M","?","R","M","?","T","R","E","?","?","E","R","BOSS","M","$","M","?","M","E","M"],"build_version":"2019-01-23","purchased_purges":1,"victory":false,"max_hp_per_floor":[75,75,75,75,75,75,75,82,82,82,82,82,82,82,82,82,82,82,82,82,82,82,82,82,82,82,82,82,89,99,102,102,102,102,105,105,105,105,105,105,105],"card_choices":[{"not_picked":["Clash","Second Wind"],"picked":"Perfected Strike","floor":1},{"not_picked":["Clash","Sentinel","Sword Boomerang"],"picked":"SKIP","floor":4},{"not_picked":["Flex","Armaments","True Grit"],"picked":"SKIP","floor":5},{"not_picked":["Entrench","Inflame"],"picked":"Seeing Red","floor":8},{"not_picked":["Clothesline","Flex","Armaments"],"picked":"SKIP","floor":10},{"not_picked":["Spot Weakness","Warcry"],"picked":"Shrug It Off","floor":11},{"not_picked":["Double Tap","Exhume"],"picked":"Offering","floor":16},{"not_picked":["Cleave","Clothesline"],"picked":"Offering","floor":17},{"not_picked":["True Grit","Clothesline"],"picked":"Headbutt","floor":17},{"not_picked":["Anger","Intimidate"],"picked":"Perfected Strike","floor":18},{"not_picked":["Flex","Corruption"],"picked":"Perfected Strike","floor":19},{"not_picked":["Uppercut","Clothesline"],"picked":"Shrug It Off","floor":20},{"not_picked":["Shrug It Off","Bludgeon"],"picked":"Wild Strike","floor":21},{"not_picked":["Flex+1","Disarm"],"picked":"Wild Strike","floor":24},{"not_picked":["Havoc","Headbutt"],"picked":"Anger","floor":28},{"not_picked":["Clothesline","Searing Blow+1","Burning Pact"],"picked":"SKIP","floor":31},{"not_picked":["Sever Soul","Whirlwind","Warcry"],"picked":"SKIP","floor":35},{"not_picked":["Rampage","Twin Strike"],"picked":"Perfected Strike","floor":37},{"not_picked":["Cleave","True Grit","Heavy Blade"],"picked":"SKIP","floor":39},{"not_picked":["Inflame","Dual Wield"],"picked":"Twin Strike","floor":40}],"player_experience":1591133,"relics_obtained":[{"floor":8,"key":"Strawberry"},{"floor":11,"key":"Kunai"},{"floor":19,"key":"Red Mask"},{"floor":28,"key":"PreservedInsect"},{"floor":31,"key":"Happy Flower"},{"floor":38,"key":"Ornamental Fan"},{"floor":40,"key":"Omamori"}],"event_choices":[{"damage_healed":0,"gold_gain":0,"player_choice":"Trade","damage_taken":0,"relics_obtained":["NlothsMask"],"max_hp_gain":0,"max_hp_loss":0,"event_name":"FaceTrader","floor":2,"gold_loss":0},{"damage_healed":0,"gold_gain":0,"player_choice":"Rummage","damage_taken":0,"relics_obtained":["WarpedTongs"],"max_hp_gain":0,"max_hp_loss":0,"event_name":"Accursed Blacksmith","floor":7,"gold_loss":0,"cards_obtained":["Pain"]},{"damage_healed":0,"gold_gain":0,"player_choice":"0 cards matched","damage_taken":0,"max_hp_gain":0,"max_hp_loss":0,"event_name":"Match and Keep!","floor":14,"gold_loss":0,"cards_obtained":[]},{"damage_healed":0,"gold_gain":0,"player_choice":"Fought Bandits","damage_taken":0,"max_hp_gain":0,"max_hp_loss":0,"event_name":"Masked Bandits","floor":19,"gold_loss":0},{"damage_healed":0,"gold_gain":50,"player_choice":"Stole From Cult","damage_taken":0,"max_hp_gain":0,"max_hp_loss":0,"event_name":"Nest","floor":22,"gold_loss":0},{"damage_healed":0,"gold_gain":0,"player_choice":"Inject Mutagens","damage_taken":0,"relics_obtained":["MutagenicStrength"],"max_hp_gain":0,"max_hp_loss":0,"event_name":"Drug Dealer","floor":25,"gold_loss":0},{"cards_removed":["Offering"],"damage_healed":0,"gold_gain":0,"player_choice":"Offered Rare","damage_taken":0,"max_hp_gain":10,"max_hp_loss":0,"event_name":"Bonfire Elementals","floor":30,"gold_loss":0}],"is_beta":false,"boss_relics":[{"not_picked":["Pandora\u0027s Box","Astrolabe"],"picked":"Orrery"},{"not_picked":["Runic Dome","Coffee Dripper"],"picked":"Philosopher\u0027s Stone"}],"items_purged_floors":[13],"is_endless":false,"potions_floor_spawned":[5,10,16,18,21,28,31,35,40],"killed_by":"Spire Growth","ascension_level":15}