{"gold_per_floor":[119,132,151,168,188,216,216,228,263,245,285,312,15,48,48,144,144,161,171,171,188,199,199,233,233,233,3,34,57,67,80,80,182,182,196,46,61,61],"floor_reached":38,"playtime":6086,"items_purged":["Defend_G"],"score":488,"play_id":"f8869403-9363-412a-bb41-da014276eba3","local_time":"20190129172644","is_ascension_mode":false,"campfire_choices":[{"floor":8.0,"key":"REST"},{"floor":15.0,"key":"REST"},{"floor":23,"key":"REST"},{"data":"Transmutation","floor":25,"key":"SMITH"},{"data":"Backstab","floor":32,"key":"SMITH"}],"neow_cost":"NONE","seed_source_timestamp":0,"circlet_count":0,"master_deck":["Defend_G","Defend_G","Defend_G","Defend_G","Survivor","Neutralize","Outmaneuver","Terror","Predator","Unload","Backstab+1","Dagger Throw","Blade Dance","Flying Knee","Transmutation+1","Backstab","Distraction","Wraith Form v2","Sucker Punch+1","Dagger Throw","Bite+1","Bite","Bite","Bite","Bite","Sucker Punch","Endless Agony","Flechettes+1","Dagger Throw","Prepared","Heel Hook","Caltrops","Unload","Skewer","Blade Dance","Riddle With Holes","Underhanded Strike+1","Underhanded Strike","Prepared","Unload","Infinite Blades+1"],"special_seed":0,"relics":["Ring of the Snake","NeowsBlessing","Potion Belt","MawBank","Vajra","Juzu Bracelet","Sundial","Runic Dome","Orichalcum","Paper Crane","TwistedFunnel","Whetstone","Dream Catcher","Orrery"],"potions_floor_usage":[24,28,33,33,37],"damage_taken":[{"damage":0.0,"enemies":"Small Slimes","floor":1.0,"turns":1.0},{"damage":0.0,"enemies":"2 Louse","floor":2.0,"turns":1.0},{"damage":0.0,"enemies":"Jaw Worm","floor":3.0,"turns":1.0},{"damage":10.0,"enemies":"Looter","floor":4.0,"turns":3.0},{"damage":0.0,"enemies":"Lots of Slimes","floor":5.0,"turns":3.0},{"damage":26.0,"enemies":"Lagavulin","floor":6.0,"turns":4.0},{"damage":8.0,"enemies":"Gremlin Nob","floor":11.0,"turns":3.0},{"damage":18.0,"enemies":"Exordium Wildlife","floor":12.0,"turns":4.0},{"damage":6.0,"enemies":"Lagavulin","floor":14.0,"turns":3.0},{"damage":43.0,"enemies":"Hexaghost","floor":16.0,"turns":8.0},{"damage":3.0,"enemies":"Shell Parasite","floor":18.0,"turns":4.0},{"damage":25,"enemies":"Spheric Guardian","floor":19,"turns":5},{"damage":21,"enemies":"Snake Plant","floor":21,"turns":4},{"damage":5,"enemies":"Chosen and Byrds","floor":22,"turns":5},{"damage":15,"enemies":"Slavers","floor":24,"turns":4},{"damage":4,"enemies":"Gremlin Leader","floor":28,"turns":2},{"damage":8,"enemies":"Shelled Parasite and Fungi","floor":30,"turns":3},{"damage":0,"enemies":"3 Cultists","floor":31,"turns":4},{"damage":54,"enemies":"Champ","floor":33,"turns":12},{"damage":38,"enemies":"3 Darklings","floor":35,"turns":4},{"damage":0,"enemies":"Orb Walker","floor":37,"turns":3},{"damage":47,"enemies":"4 Shapes","floor":38,"turns":12}],"seed_played":"5233108572091415811","potions_obtained":[{"floor":2.0,"key":"EntropicBrew"},{"floor":4.0,"key":"Regen Potion"},{"floor":5.0,"key":"Poison Potion"},{"floor":6.0,"key":"Explosive Potion"},{"floor":11.0,"key":"SteroidPotion"},{"floor":21,"key":"Swift Potion"},{"floor":22,"key":"FairyPotion"},{"floor":24,"key":"Regen Potion"},{"floor":30,"key":"Explosive Potion"},{"floor":31,"key":"Weak Potion"}],"is_trial":false,"path_per_floor":["?","?","?","T"],"character_chosen":"THE_SILENT","items_purchased":["Transmutation","Backstab","Block Potion","TwistedFunnel","Dagger Throw","Unload"],"campfire_rested":3,"item_purchase_floors":[13,13,13,27,27,36],"current_hp_per_floor":[70,70,70,60,60,46,43,64,64,64,56,38,38,32,53,10,70,67,42,42,31,36,49,38,38,38,38,36,36,39,49,49,17,49,13,13,26,0],"gold":61,"neow_bonus":"THREE_ENEMY_KILL","is_prod":false,"is_daily":false,"chose_seed":false,"campfire_upgraded":2,"win_rate":0.0,"timestamp":1548800804,"path_taken":["M","M","M","M","M","E","?","R","T","?","E","M","$","E","R","BOSS","M","M","?","M","M","R","E","R","T","$","E","?","M","M","R","BOSS","M","$","M","M"],"build_version":"2019-01-23","purchased_purges":1,"victory":false,"max_hp_per_floor":[70,70,70,70,70,70,70,70,70,70,70,70,70,70,70,70,70,70,70,49,49,49,49,49,49,49,49,49,49,49,49,49,49,49,49,49,49,49],"card_choices":[{"not_picked":["Deadly Poison","Crippling Poison"],"picked":"Outmaneuver","floor":1.0},{"not_picked":["Deflect","Masterful Stab"],"picked":"Terror","floor":2.0},{"not_picked":["Quick Slash","Heel Hook"],"picked":"Predator","floor":3.0},{"not_picked":["Infinite Blades","Expertise"],"picked":"Unload","floor":4.0},{"not_picked":["Sucker Punch","Choke"],"picked":"Backstab","floor":5.0},{"not_picked":["Prepared","Acrobatics"],"picked":"Dagger Throw","floor":6.0},{"not_picked":["Night Terror","Escape Plan"],"picked":"Blade Dance","floor":11.0},{"not_picked":["Dodge and Roll","Sucker Punch"],"picked":"Flying Knee","floor":12.0},{"not_picked":["Phantasmal Killer","Prepared"],"picked":"Distraction","floor":14.0},{"not_picked":["Night Terror","Envenom"],"picked":"Wraith Form v2","floor":16.0},{"not_picked":["Reflex","Slice"],"picked":"Sucker Punch","floor":18},{"not_picked":["Dodge and Roll","PiercingWail"],"picked":"Dagger Throw","floor":19},{"not_picked":["PiercingWail","Backflip"],"picked":"Sucker Punch","floor":21},{"not_picked":["Well Laid Plans","Escape Plan"],"picked":"Endless Agony","floor":22},{"not_picked":["Blade Dance","Deadly Poison"],"picked":"Flechettes+1","floor":24},{"not_picked":["Envenom","Masterful Stab+1"],"picked":"Prepared","floor":28},{"not_picked":["Bouncing Flask+1","Dodge and Roll"],"picked":"Heel Hook","floor":30},{"not_picked":["Leg Sweep","Deflect"],"picked":"Caltrops","floor":31},{"not_picked":["Malaise","After Image"],"picked":"Unload","floor":33},{"not_picked":["Sucker Punch+1","Leg Sweep"],"picked":"Skewer","floor":34},{"not_picked":["Masterful Stab","Blur"],"picked":"Blade Dance","floor":34},{"not_picked":["Dodge and Roll","PiercingWail"],"picked":"Riddle With Holes","floor":34},{"not_picked":["Dagger Throw","Dagger Spray"],"picked":"Underhanded Strike+1","floor":34},{"not_picked":["Distraction","Well Laid Plans"],"picked":"Underhanded Strike","floor":34},{"not_picked":["Deadly Poison","Dodge and Roll"],"picked":"Prepared","floor":35},{"not_picked":["Unload","Footwork+1"],"picked":"Infinite Blades+1","floor":37}],"player_experience":2960,"relics_obtained":[{"floor":6.0,"key":"Potion Belt"},{"floor":9.0,"key":"Vajra"},{"floor":11.0,"key":"Juzu Bracelet"},{"floor":14.0,"key":"Sundial"},{"floor":24,"key":"Orichalcum"},{"floor":26,"key":"Paper Crane"},{"floor":28,"key":"Whetstone"},{"floor":29,"key":"Dream Catcher"}],"event_choices":[{"damage_healed":0.0,"max_hp_gain":0.0,"max_hp_loss":0.0,"gold_gain":0.0,"event_name":"Scrap Ooze","player_choice":"Success","floor":7.0,"gold_loss":0.0,"damage_taken":3.0,"relics_obtained":["MawBank"]},{"damage_healed":0.0,"max_hp_gain":0.0,"max_hp_loss":0.0,"gold_gain":0.0,"event_name":"World of Goop","player_choice":"Left Gold","floor":10.0,"gold_loss":30.0,"damage_taken":0.0},{"damage_healed":0,"gold_gain":0,"player_choice":"Became a vampire","damage_taken":0,"max_hp_gain":0,"max_hp_loss":21,"event_name":"Vampires","floor":20,"gold_loss":0,"cards_obtained":["Bite","Bite","Bite","Bite","Bite"]}],"is_beta":false,"boss_relics":[{"not_picked":["Eternal Feather","White Beast Statue"],"picked":"Runic Dome"},{"not_picked":["Sozu","Philosopher\u0027s Stone"],"picked":"Orrery"}],"items_purged_floors":[36],"is_endless":false,"potions_floor_spawned":[2,4,5,6,11,21,22,24,30,31],"killed_by":"4 Shapes","ascension_level":0}