{"gold_per_floor":[111,286,286,23,23,35,63,89,125,7,36,36,52,84,84,185,185,196,207,122,133,35,35,61,74,74,74,0,0,19,119,119,223,223,235,15,33,0,0,32,32,46,46,46,65,83,83,95,95,95],"floor_reached":51,"playtime":7678,"items_purged":[],"score":739,"play_id":"a0ae6aed-6072-4803-acdb-2b0c602eb813","local_time":"20190125170054","is_ascension_mode":true,"campfire_choices":[{"data":"Inflame","floor":6,"key":"SMITH"},{"data":"Heavy Blade","floor":12,"key":"SMITH"},{"floor":15,"key":"REST"},{"data":"Enlightenment","floor":23,"key":"SMITH"},{"floor":29,"key":"REST"},{"floor":32,"key":"REST"},{"floor":41,"key":"REST"},{"data":"Limit Break","floor":44,"key":"SMITH"},{"data":"Limit Break","floor":49,"key":"SMITH"}],"neow_cost":"NONE","seed_source_timestamp":953634066213445,"circlet_count":0,"master_deck":["Strike_R","Strike_R","Strike_R","Strike_R","Strike_R","Defend_R","Defend_R+1","Defend_R","Defend_R+1","Bash","Fire Breathing","Inflame+1","Carnage","Heavy Blade+1","Thunderclap","Spot Weakness","Heavy Blade+1","Limit Break+1","Iron Wave+1","Demon Form","Shrug It Off+1","Pommel Strike+1","Anger+1","Enlightenment+1","Demon Form","Anger+1","Sword Boomerang+1","Twin Strike+1","Limit Break+1","Inflame","Heavy Blade+1","Sword Boomerang+1","Fiend Fire+1","Perfected Strike+1","Flame Barrier","Dual Wield","Uppercut+1"],"relics":["Burning Blood","Red Skull","Centennial Puzzle","MawBank","Bag of Preparation","Molten Egg 2","Oddly Smooth Stone","Runic Pyramid","War Paint","Bag of Marbles","Nunchaku","Letter Opener","Champion Belt","Kunai","Philosopher\u0027s Stone","Lee\u0027s Waffle","Red Mask","Regal Pillow","Darkstone Periapt"],"potions_floor_usage":[11,16,24,31,31,33,48,50],"damage_taken":[{"damage":1,"enemies":"Cultist","floor":1,"turns":3},{"damage":1,"enemies":"2 Louse","floor":7,"turns":3},{"damage":0,"enemies":"Small Slimes","floor":8,"turns":3},{"damage":18,"enemies":"3 Sentries","floor":11,"turns":4},{"damage":14,"enemies":"Blue Slaver","floor":13,"turns":3},{"damage":18,"enemies":"Lagavulin","floor":14,"turns":3},{"damage":38,"enemies":"Hexaghost","floor":16,"turns":5},{"damage":12,"enemies":"Shell Parasite","floor":18,"turns":3},{"damage":12,"enemies":"Chosen","floor":19,"turns":4},{"damage":3,"enemies":"Snecko","floor":21,"turns":3},{"damage":41,"enemies":"Gremlin Leader","floor":24,"turns":4},{"damage":15,"enemies":"Chosen and Byrds","floor":25,"turns":4},{"damage":24,"enemies":"Centurion and Healer","floor":30,"turns":6},{"damage":25,"enemies":"Colosseum Slavers","floor":31,"turns":2},{"damage":7,"enemies":"Colosseum Nobs","floor":31,"turns":3},{"damage":26,"enemies":"Automaton","floor":33,"turns":4},{"damage":23,"enemies":"3 Darklings","floor":35,"turns":3},{"damage":22,"enemies":"3 Shapes","floor":37,"turns":4},{"damage":39,"enemies":"Reptomancer","floor":40,"turns":5},{"damage":0,"enemies":"Transient","floor":42,"turns":5},{"damage":23,"enemies":"Jaw Worm Horde","floor":45,"turns":3},{"damage":12,"enemies":"4 Shapes","floor":46,"turns":5},{"damage":7,"enemies":"3 Darklings","floor":48,"turns":4},{"damage":59,"enemies":"Donu and Deca","floor":50,"turns":6}],"seed_played":"8508957782633502883","potions_obtained":[{"floor":1,"key":"LiquidBronze"},{"floor":11,"key":"Swift Potion"},{"floor":14,"key":"Fire Potion"},{"floor":16,"key":"SpeedPotion"},{"floor":25,"key":"Weak Potion"},{"floor":30,"key":"SteroidPotion"},{"floor":40,"key":"SpeedPotion"},{"floor":45,"key":"SkillPotion"}],"is_trial":false,"path_per_floor":["M","?","?","$","?","R","M","M","T","$","E","R","M","E","R","B",null,"M","M","?","M","$","R","E","M","T","?","?","R","M","?","R","B",null,"M","$","M","?","$","E","R","M","T","R","M","M","?","M","R","B",null],"character_chosen":"IRONCLAD","items_purchased":["Inflame","Centennial Puzzle","Carnage","Spot Weakness","Fire Potion","Enlightenment","Lee\u0027s Waffle","Heavy Blade+1"],"campfire_rested":4,"item_purchase_floors":[4,4,4,10,10,22,36,36],"current_hp_per_floor":[80,80,73,73,66,66,71,77,77,77,65,65,57,45,69,37,80,74,68,68,71,71,71,36,27,27,27,27,51,33,13,37,17,80,63,87,71,71,71,38,79,85,85,85,68,62,62,61,61,8],"gold":95,"neow_bonus":"RANDOM_COMMON_RELIC","is_prod":false,"is_daily":false,"chose_seed":false,"campfire_upgraded":5,"win_rate":1,"timestamp":1548435654,"path_taken":["M","?","?","$","?","R","M","M","T","?","E","R","M","E","R","BOSS","M","M","?","M","$","R","E","M","T","?","?","R","M","?","R","BOSS","M","$","M","?","$","E","R","M","T","R","M","M","?","?","R","BOSS"],"build_version":"2019-01-23","purchased_purges":0,"victory":true,"max_hp_per_floor":[80,80,80,80,80,80,80,80,80,80,80,80,80,80,80,80,80,80,80,80,80,80,80,80,80,80,80,80,80,80,80,80,80,80,80,87,87,87,87,87,87,87,87,87,87,87,87,87,87,87],"card_choices":[{"not_picked":["Shrug It Off","Carnage"],"picked":"Fire Breathing","floor":1},{"not_picked":["Perfected Strike","Pommel Strike"],"picked":"Heavy Blade","floor":7},{"not_picked":["Twin Strike","Hemokinesis"],"picked":"Thunderclap","floor":8},{"not_picked":["Twin Strike","Infernal Blade"],"picked":"Heavy Blade","floor":11},{"not_picked":["Fire Breathing","Corruption"],"picked":"Limit Break","floor":13},{"not_picked":["Shrug It Off","Twin Strike+1"],"picked":"Iron Wave+1","floor":14},{"not_picked":["Barricade","Feed+1"],"picked":"Demon Form","floor":16},{"not_picked":["Pommel Strike+1","Clothesline+1"],"picked":"Shrug It Off+1","floor":18},{"not_picked":["Armaments+1","Pummel+1"],"picked":"Pommel Strike+1","floor":19},{"not_picked":["Seeing Red","Spot Weakness"],"picked":"Anger+1","floor":21},{"not_picked":["Fire Breathing","Perfected Strike+1"],"picked":"Demon Form","floor":24},{"not_picked":["Flex+1","Warcry"],"picked":"Anger+1","floor":25},{"not_picked":["Hemokinesis+1","Pommel Strike+1"],"picked":"Sword Boomerang+1","floor":30},{"not_picked":["Pommel Strike+1","Burning Pact+1"],"picked":"Twin Strike+1","floor":31},{"not_picked":["Double Tap","Brutality"],"picked":"Limit Break","floor":33},{"not_picked":["Thunderclap+1","Dual Wield"],"picked":"Inflame","floor":35},{"not_picked":["Shrug It Off+1","Twin Strike+1"],"picked":"Sword Boomerang+1","floor":37},{"not_picked":["Searing Blow+1","Headbutt+1"],"picked":"Fiend Fire+1","floor":40},{"not_picked":["Warcry","Pommel Strike+1"],"picked":"Perfected Strike+1","floor":42},{"not_picked":["Headbutt+1","Sword Boomerang+1"],"picked":"Flame Barrier","floor":45},{"not_picked":["Armaments","Pommel Strike+1"],"picked":"Dual Wield","floor":46},{"not_picked":["Pommel Strike+1","True Grit+1"],"picked":"Uppercut+1","floor":48}],"player_experience":10306,"relics_obtained":[{"floor":9,"key":"Bag of Preparation"},{"floor":11,"key":"Molten Egg 2"},{"floor":14,"key":"Oddly Smooth Stone"},{"floor":24,"key":"Bag of Marbles"},{"floor":26,"key":"Nunchaku"},{"floor":31,"key":"Champion Belt"},{"floor":31,"key":"Kunai"},{"floor":40,"key":"Regal Pillow"},{"floor":43,"key":"Darkstone Periapt"}],"event_choices":[{"damage_healed":0,"gold_gain":175,"player_choice":"AGREE","damage_taken":0,"max_hp_gain":0,"max_hp_loss":0,"event_name":"Liars Game","floor":2,"gold_loss":0,"cards_obtained":["Doubt"]},{"cards_removed":["Doubt"],"damage_healed":0,"gold_gain":0,"player_choice":"Card Removal","damage_taken":7,"max_hp_gain":0,"max_hp_loss":0,"event_name":"Golden Wing","floor":3,"gold_loss":0},{"damage_healed":0,"gold_gain":0,"player_choice":"Success","damage_taken":7,"relics_obtained":["MawBank"],"max_hp_gain":0,"max_hp_loss":0,"event_name":"Scrap Ooze","floor":5,"gold_loss":0},{"damage_healed":0,"gold_gain":0,"player_choice":"Obtained Relic","damage_taken":0,"relics_obtained":["War Paint"],"max_hp_gain":0,"max_hp_loss":0,"event_name":"Addict","floor":20,"gold_loss":85},{"damage_healed":0,"gold_gain":0,"player_choice":"Opened","damage_taken":0,"relics_obtained":["Letter Opener"],"max_hp_gain":0,"max_hp_loss":0,"event_name":"The Mausoleum","floor":27,"gold_loss":0,"cards_obtained":["Writhe"]},{"damage_healed":0,"gold_gain":0,"player_choice":"Paid Fearfully","damage_taken":0,"max_hp_gain":0,"max_hp_loss":0,"event_name":"Masked Bandits","floor":28,"gold_loss":74},{"damage_healed":0,"gold_gain":0,"player_choice":"Fight","damage_taken":0,"max_hp_gain":0,"max_hp_loss":0,"event_name":"Colosseum","floor":31,"gold_loss":0},{"damage_healed":0,"gold_gain":0,"player_choice":"Fought Nobs","damage_taken":0,"max_hp_gain":0,"max_hp_loss":0,"event_name":"Colosseum","floor":31,"gold_loss":0},{"damage_healed":0,"gold_gain":0,"player_choice":"Paid","damage_taken":0,"relics_obtained":["Red Mask"],"max_hp_gain":0,"max_hp_loss":0,"event_name":"Tomb of Lord Red Mask","floor":38,"gold_loss":33},{"cards_removed":["Writhe"],"damage_healed":0,"gold_gain":0,"player_choice":"Removed Curses","damage_taken":0,"max_hp_gain":0,"max_hp_loss":0,"event_name":"Fountain of Cleansing","floor":47,"gold_loss":0}],"is_beta":false,"boss_relics":[{"not_picked":["Sozu","Runic Dome"],"picked":"Runic Pyramid"},{"not_picked":["Calling Bell","White Beast Statue"],"picked":"Philosopher\u0027s Stone"}],"items_purged_floors":[],"is_endless":false,"potions_floor_spawned":[1,11,14,16,18,21,25,30,31,40,45],"ascension_level":1}