{"gold_per_floor":[109,34,34,34,49,80,80,80,80,95,95,114,114,131,131,131],"floor_reached":16,"playtime":1153,"items_purged":["Bash"],"score":100,"play_id":"a049d1d5-5bf0-435b-9845-4a73b9b45cca","local_time":"20190123091402","is_ascension_mode":false,"campfire_choices":[{"data":"Power Through","floor":7.0,"key":"SMITH"},{"data":"Second Wind","floor":13,"key":"SMITH"},{"data":"Burning Pact","floor":15,"key":"SMITH"}],"neow_cost":"NONE","seed_source_timestamp":905442664338602,"circlet_count":0,"master_deck":["Strike_R","Strike_R","Strike_R","Strike_R","Strike_R","Defend_R","Defend_R","Defend_R","Defend_R","Burning Pact+1","Intimidate","Shockwave","Power Through+1","Iron Wave","Second Wind+1"],"special_seed":0,"relics":["Runic Pyramid"],"potions_floor_usage":[],"damage_taken":[{"damage":18.0,"enemies":"Cultist","floor":1.0,"turns":7.0},{"damage":6.0,"enemies":"Jaw Worm","floor":5.0,"turns":4.0},{"damage":26.0,"enemies":"Gremlin Nob","floor":6.0,"turns":5.0},{"damage":0.0,"enemies":"Small Slimes","floor":10.0,"turns":5.0},{"damage":20,"enemies":"Gremlin Gang","floor":12,"turns":7},{"damage":0,"enemies":"Large Slime","floor":14,"turns":7},{"damage":7,"enemies":"The Guardian","floor":16,"turns":17}],"seed_played":"5259622029616242866","potions_obtained":[{"floor":1.0,"key":"Ancient Potion"},{"floor":12,"key":"SpeedPotion"},{"floor":14,"key":"GamblersBrew"}],"is_trial":false,"path_per_floor":["?","?","M","?","M","?"],"character_chosen":"IRONCLAD","items_purchased":[],"campfire_rested":0,"item_purchase_floors":[],"current_hp_per_floor":[62,62,62,62,56,30,30,30,30,30,80,60,60,60,60,53],"gold":131,"neow_bonus":"BOSS_RELIC","is_prod":false,"is_daily":false,"chose_seed":false,"campfire_upgraded":3,"win_rate":0,"timestamp":1548263642,"path_taken":["M","$","?","?","?","E","R","?","T","?","?","M","R","M","R","BOSS"],"build_version":"2019-01-23","purchased_purges":1,"victory":false,"max_hp_per_floor":[80,80,80,80,80,80,80,80,80,80,80,80,80,80,80,80],"card_choices":[{"not_picked":["Clash","Twin Strike"],"picked":"Burning Pact","floor":1.0},{"not_picked":["Seeing Red","Perfected Strike"],"picked":"Shockwave","floor":5.0},{"not_picked":["Pommel Strike","Power Through","Perfected Strike"],"picked":"SKIP","floor":6.0},{"not_picked":["Pommel Strike","Perfected Strike"],"picked":"Power Through","floor":6.0},{"not_picked":["Dual Wield","Clash","Uppercut"],"picked":"SKIP","floor":10.0},{"not_picked":["Battle Trance","Perfected Strike"],"picked":"Second Wind","floor":12},{"not_picked":["Searing Blow","Shrug It Off","Hemokinesis"],"picked":"SKIP","floor":14}],"player_experience":285585,"relics_obtained":[],"event_choices":[{"damage_healed":0.0,"max_hp_gain":0.0,"max_hp_loss":0.0,"gold_gain":0.0,"event_name":"The Cleric","player_choice":"Leave","floor":3.0,"gold_loss":0.0,"damage_taken":0.0},{"damage_healed":0.0,"max_hp_gain":0.0,"max_hp_loss":0.0,"gold_gain":0.0,"event_name":"Match and Keep!","player_choice":"2 cards matched","floor":4.0,"gold_loss":0.0,"damage_taken":0.0,"cards_obtained":["Intimidate","Barricade"]},{"cards_removed":["Barricade"],"damage_healed":0.0,"max_hp_gain":0.0,"max_hp_loss":0.0,"gold_gain":0.0,"event_name":"NoteForYourself","player_choice":"Took Card","floor":8.0,"gold_loss":0.0,"damage_taken":0.0,"cards_obtained":["Iron Wave"]},{"damage_healed":50.0,"max_hp_gain":0.0,"max_hp_loss":0.0,"gold_gain":0.0,"event_name":"Wheel of Change","player_choice":"Full Heal","floor":11.0,"gold_loss":0.0,"damage_taken":0.0}],"is_beta":false,"boss_relics":[],"items_purged_floors":[2],"is_endless":false,"potions_floor_spawned":[1,12,14],"killed_by":"The Guardian","ascension_level":0}