{"gold_per_floor":[109,109,128,149,169,169,202,202,258,258,289,289,254,267,267,391,391,415,415,5,30,30,66,66,89,115,136,154,154,154],"floor_reached":30,"playtime":1286,"items_purged":[],"score":286,"play_id":"cb4c0ef1-044a-469f-bdbe-fdb31d75227a","local_time":"20180828191640","is_ascension_mode":true,"campfire_choices":[{"data":"Noxious Fumes","floor":6,"key":"SMITH"},{"floor":8,"key":"REST"},{"floor":12,"key":"REST"},{"data":"Catalyst","floor":15,"key":"SMITH"},{"floor":24,"key":"REST"},{"floor":29,"key":"REST"}],"neow_cost":"NONE","seed_source_timestamp":1014315848275742,"circlet_count":0,"master_deck":["Defend_G","Defend_G","Defend_G","Defend_G","Defend_G","Strike_G","Strike_G","Strike_G","Strike_G","Strike_G","Survivor","Neutralize","Dagger Spray","Noxious Fumes+1","Injury","Sucker Punch","Flying Knee","Poisoned Stab","Glass Knife","Dagger Spray","Catalyst+1","Venomology","Dagger Spray+1","Bane","Deflect","Predator+1","Crippling Poison","Distraction","Infinite Blades+1","Caltrops+1"],"relics":["Ring of the Snake","Golden Idol","Pen Nib","Tiny Chest","Art of War","Paper Crane","Lee\u0027s Waffle","Oddly Smooth Stone","Frozen Egg 2","Bottled Lightning","Centennial Puzzle"],"potions_floor_usage":[7,11,14,16,18,21,23,23,25,27,28,28,30,30],"damage_taken":[{"damage":0,"enemies":"Small Slimes","floor":1,"turns":4},{"damage":11,"enemies":"Jaw Worm","floor":3,"turns":4},{"damage":1,"enemies":"Cultist","floor":4,"turns":5},{"damage":16,"enemies":"Large Slime","floor":5,"turns":6},{"damage":16,"enemies":"Lagavulin","floor":7,"turns":5},{"damage":14,"enemies":"3 Sentries","floor":11,"turns":6},{"damage":5,"enemies":"Blue Slaver","floor":14,"turns":3},{"damage":26,"enemies":"Slime Boss","floor":16,"turns":8},{"damage":26,"enemies":"Shell Parasite","floor":18,"turns":5},{"damage":23,"enemies":"Chosen","floor":21,"turns":7},{"damage":10,"enemies":"Gremlin Leader","floor":23,"turns":6},{"damage":31,"enemies":"Centurion and Healer","floor":25,"turns":8},{"damage":16,"enemies":"Snake Plant","floor":27,"turns":3},{"damage":15,"enemies":"Sentry and Sphere","floor":28,"turns":6},{"damage":33,"enemies":"3 Cultists","floor":30,"turns":5}],"seed_played":"-7044037859653126244","potions_obtained":[{"floor":1,"key":"SkillPotion"},{"floor":4,"key":"Poison Potion"},{"floor":7,"key":"Energy Potion"},{"floor":11,"key":"EssenceOfSteel"},{"floor":18,"key":"GamblersBrew"},{"floor":23,"key":"PowerPotion"},{"floor":25,"key":"PowerPotion"}],"is_trial":false,"path_per_floor":["M","?","M","M","M","R","E","R","T","?","E","R","?","M","R","B",null,"M","T","$","M","T","E","R","M","T","M","M","R"],"character_chosen":"THE_SILENT","items_purchased":["Lee\u0027s Waffle","Oddly Smooth Stone","Bane","Deflect"],"campfire_rested":4,"item_purchase_floors":[20,20,20,20],"current_hp_per_floor":[70,70,59,58,42,42,26,47,47,47,33,54,70,65,65,39,70,44,44,77,54,54,44,67,36,36,20,5,28,0],"gold":154,"neow_bonus":"THREE_CARDS","is_prod":false,"is_daily":false,"chose_seed":false,"campfire_upgraded":2,"win_rate":0,"timestamp":1535505400,"path_taken":["M","?","M","M","?","R","E","R","T","?","E","R","?","M","R","BOSS","M","?","$","?","?","E","R","M","T","M","M","R","M"],"build_version":"2018-08-23v2","purchased_purges":0,"victory":false,"max_hp_per_floor":[70,70,70,70,70,70,70,70,70,70,70,70,70,70,70,70,70,70,70,77,77,77,77,77,77,77,77,77,77,77],"card_choices":[{"not_picked":["Backflip","Outmaneuver"],"picked":"Dagger Spray","floor":0},{"not_picked":["Choke","Acrobatics"],"picked":"Noxious Fumes","floor":1},{"not_picked":["Outmaneuver","Dagger Throw"],"picked":"Sucker Punch","floor":3},{"not_picked":["Predator","Dagger Throw"],"picked":"Flying Knee","floor":4},{"not_picked":["Outmaneuver","Dodge and Roll"],"picked":"Poisoned Stab","floor":5},{"not_picked":["Cloak And Dagger","Backflip"],"picked":"Glass Knife","floor":7},{"not_picked":["Expertise","Choke"],"picked":"Dagger Spray","floor":11},{"not_picked":["Well Laid Plans","Reflex"],"picked":"Catalyst","floor":14},{"not_picked":["Phantasmal Killer","Unload"],"picked":"Venomology","floor":16},{"not_picked":["Sucker Punch","Deadly Poison"],"picked":"Dagger Spray+1","floor":18},{"not_picked":["Concentrate","Infinite Blades"],"picked":"Predator+1","floor":21},{"not_picked":["Poisoned Stab","Storm of Steel"],"picked":"Crippling Poison","floor":23},{"not_picked":["Acrobatics","Sucker Punch"],"picked":"Distraction","floor":25},{"not_picked":["Crippling Poison","Calculated Gamble"],"picked":"Infinite Blades+1","floor":27},{"not_picked":["Dagger Spray","Dodge and Roll"],"picked":"Caltrops+1","floor":28}],"player_experience":369629,"relics_obtained":[{"floor":7,"key":"Pen Nib"},{"floor":9,"key":"Tiny Chest"},{"floor":11,"key":"Art of War"},{"floor":19,"key":"Paper Crane"},{"floor":22,"key":"Frozen Egg 2"},{"floor":23,"key":"Bottled Lightning"},{"floor":26,"key":"Centennial Puzzle"}],"event_choices":[{"event_name":"Golden Idol","player_choice":"Take Wound","floor":2,"damage_taken":0},{"event_name":"Shining Light","player_choice":"Ignored","floor":10,"damage_taken":0},{"event_name":"The Cleric","player_choice":"Healed","floor":13,"damage_taken":0}],"is_beta":false,"boss_relics":[{"not_picked":["Sozu","Runic Dome","Fusion Hammer"]}],"items_purged_floors":[],"is_endless":false,"potions_floor_spawned":[1,4,7,11,18,23,25],"killed_by":"3 Cultists","ascension_level":2}