{"gold_per_floor":[15,26,26,96,271,305,321,338,395,453,467,467,492,519,519,614,614,632,665,681,693,87,117,136,136,159,59,78,103,121,132,132,227,227,242,297,366,386,3,3,3,3],"floor_reached":42,"playtime":6039,"items_purged":["Doubt","Writhe","Regret"],"score":623,"play_id":"b9d8f3a3-dfc1-4415-bbe1-ee21df673f23","local_time":"20180822135805","is_ascension_mode":true,"campfire_choices":[{"data":"Barricade","floor":15,"key":"SMITH"},{"floor":25,"key":"REST"},{"data":"Limit Break","floor":32,"key":"SMITH"},{"data":"Armaments","floor":40,"key":"SMITH"}],"neow_cost":"NO_GOLD","seed_source_timestamp":472042857388528,"circlet_count":0,"master_deck":["Bash","Iron Wave","Sword Boomerang","Thunderclap","Pommel Strike","Barricade+1","Inflame","Headbutt","Iron Wave","Limit Break+1","Power Through+1","Flex","Spot Weakness","Clothesline+1","Seeing Red","Dual Wield+1","Impervious","Searing Blow+1","Pommel Strike","Sword Boomerang","Metallicize","Exhume","Carnage","Searing Blow","Sword Boomerang","Sword Boomerang","Heavy Blade","Havoc","Heavy Blade","Perfected Strike","Armaments+1","Sword Boomerang+1","Cleave","Enlightenment+1","Immolate","Iron Wave"],"relics":["Burning Blood","Thread and Needle","Darkstone Periapt","Blue Candle","Tiny Chest","Paper Frog","Regal Pillow","Kunai","War Paint","Cursed Key","Red Mask","Ornamental Fan","Pear","Vajra","Anchor","Red Skull","Pandora\u0027s Box","StoneCalendar","Toxic Egg 2"],"potions_floor_usage":[10,13,19,23,29],"damage_taken":[{"damage":0,"enemies":"Cultist","floor":1,"turns":3},{"damage":0,"enemies":"Jaw Worm","floor":2,"turns":4},{"damage":45,"enemies":"3 Sentries","floor":6,"turns":15},{"damage":0,"enemies":"2 Louse","floor":7,"turns":3},{"damage":4,"enemies":"Red Slaver","floor":8,"turns":5},{"damage":20,"enemies":"Gremlin Nob","floor":10,"turns":5},{"damage":3,"enemies":"2 Fungi Beasts","floor":11,"turns":2},{"damage":3,"enemies":"Gremlin Nob","floor":13,"turns":4},{"damage":41,"enemies":"Hexaghost","floor":16,"turns":15},{"damage":0,"enemies":"Chosen","floor":18,"turns":3},{"damage":8,"floor":19,"turns":4},{"damage":11,"enemies":"Spheric Guardian","floor":20,"turns":6},{"damage":5,"enemies":"Centurion and Healer","floor":21,"turns":7},{"damage":52,"enemies":"Gremlin Leader","floor":23,"turns":6},{"damage":4,"enemies":"Cultist and Chosen","floor":24,"turns":6},{"damage":7,"enemies":"Snecko","floor":28,"turns":4},{"damage":11,"enemies":"Slavers","floor":29,"turns":7},{"damage":0,"enemies":"Snake Plant","floor":30,"turns":5},{"damage":20,"enemies":"Centurion and Healer","floor":31,"turns":7},{"damage":0,"enemies":"Champ","floor":33,"turns":12},{"damage":0,"enemies":"Orb Walker","floor":35,"turns":2},{"damage":14,"floor":36,"turns":5},{"damage":16,"enemies":"3 Darklings","floor":38,"turns":5},{"damage":112,"enemies":"Giant Head","floor":42,"turns":8}],"seed_played":"1819578810654547790","potions_obtained":[{"floor":2,"key":"Regen Potion"},{"floor":10,"key":"Poison Potion"},{"floor":16,"key":"Regen Potion"},{"floor":18,"key":"EssenceOfSteel"},{"floor":21,"key":"AttackPotion"},{"floor":29,"key":"LiquidBronze"},{"floor":30,"key":"SpeedPotion"},{"floor":38,"key":"SpeedPotion"}],"is_trial":false,"path_per_floor":["M","M","$","T","?","E","M","M","T","?","M","T","E","T","R","B",null,"M","?","M","M","$","E","M","R","T","$","M","E","M","M","R","B",null,"M","?","T","M","$","R","?"],"character_chosen":"IRONCLAD","items_purchased":["Ornamental Fan","Seeing Red","Pear","Enlightenment+1","Immolate","Iron Wave"],"campfire_rested":1,"item_purchase_floors":[22,22,22,39,39,39],"current_hp_per_floor":[80,80,80,80,86,47,53,55,55,55,58,58,61,61,61,26,86,86,84,79,80,90,49,51,94,100,100,99,94,100,86,86,92,102,102,94,100,90,90,90,90,0],"gold":3,"neow_bonus":"ONE_RARE_RELIC","is_prod":false,"is_daily":false,"chose_seed":false,"campfire_upgraded":3,"win_rate":0,"timestamp":1534967885,"path_taken":["M","M","$","?","?","E","?","M","T","?","M","?","E","?","R","BOSS","M","?","M","?","$","E","M","R","T","$","M","E","M","M","R","BOSS","M","?","?","?","$","R","?","E"],"build_version":"2018-08-16","purchased_purges":3,"victory":false,"max_hp_per_floor":[80,80,80,80,86,86,86,86,86,86,86,86,86,86,86,86,86,86,86,86,86,96,96,96,96,102,102,102,102,102,102,102,102,102,102,102,108,108,108,108,108,108],"card_choices":[{"not_picked":["True Grit","Warcry"],"picked":"Iron Wave","floor":1},{"not_picked":["Pommel Strike","Clothesline"],"picked":"Sword Boomerang","floor":2},{"not_picked":["Clothesline","Seeing Red"],"picked":"Thunderclap","floor":6},{"not_picked":["Perfected Strike","Body Slam"],"picked":"Pommel Strike","floor":7},{"not_picked":["Blood for Blood","Havoc"],"picked":"Barricade","floor":8},{"not_picked":["Ghostly Armor","Twin Strike"],"picked":"Inflame","floor":10},{"not_picked":["Havoc","Warcry"],"picked":"Headbutt","floor":11},{"not_picked":["Body Slam","Sentinel"],"picked":"Iron Wave","floor":13},{"not_picked":["Offering","Barricade"],"picked":"Limit Break","floor":16},{"not_picked":["Body Slam","Reckless Charge"],"picked":"Power Through+1","floor":18},{"not_picked":["Body Slam","Wild Strike"],"picked":"Flex","floor":19},{"not_picked":["Headbutt","Clash"],"picked":"Spot Weakness","floor":20},{"not_picked":["Havoc","Headbutt"],"picked":"Clothesline+1","floor":21},{"not_picked":["Thunderclap","Intimidate+1"],"picked":"Dual Wield+1","floor":23},{"not_picked":["Feel No Pain+1","Sword Boomerang"],"picked":"Impervious","floor":24},{"not_picked":["Carnage","Warcry+1"],"picked":"Searing Blow+1","floor":28},{"not_picked":["Sentinel","Offering"],"picked":"Pommel Strike","floor":29},{"not_picked":["Reckless Charge","Wild Strike"],"picked":"Sword Boomerang","floor":30},{"not_picked":["Sword Boomerang","Offering"],"picked":"Metallicize","floor":31},{"not_picked":["Offering","Double Tap"],"picked":"Exhume","floor":33},{"not_picked":["Battle Trance+1","Body Slam"],"picked":"Armaments","floor":35},{"not_picked":["Shrug It Off+1","Thunderclap+1"],"picked":"Sword Boomerang+1","floor":36},{"not_picked":["Rampage","Body Slam"],"picked":"Cleave","floor":38}],"player_experience":299041,"relics_obtained":[{"floor":4,"key":"Darkstone Periapt"},{"floor":6,"key":"Blue Candle"},{"floor":9,"key":"Tiny Chest"},{"floor":12,"key":"Regal Pillow"},{"floor":13,"key":"Kunai"},{"floor":14,"key":"War Paint"},{"floor":19,"key":"Red Mask"},{"floor":23,"key":"Vajra"},{"floor":26,"key":"Anchor"},{"floor":29,"key":"Red Skull"},{"floor":36,"key":"StoneCalendar"},{"floor":37,"key":"Toxic Egg 2"}],"event_choices":[{"event_name":"Liars Game","player_choice":"agreed","floor":5,"damage_taken":0},{"event_name":"Dead Adventurer","player_choice":"Searched \u00273\u0027 times","floor":10,"damage_taken":0},{"event_name":"Masked Bandits","player_choice":"Fought Bandits","floor":19,"damage_taken":0},{"event_name":"Mysterious Sphere","player_choice":"Fight","floor":36,"damage_taken":0},{"event_name":"Falling","player_choice":"Removed Attack","floor":41,"damage_taken":0}],"is_beta":false,"boss_relics":[{"not_picked":["Philosopher\u0027s Stone","White Beast Statue"],"picked":"Cursed Key"},{"not_picked":["Mark of Pain","Astrolabe"],"picked":"Pandora\u0027s Box"}],"items_purged_floors":[22,27,39],"is_endless":false,"potions_floor_spawned":[2,10,16,18,21,29,30,38],"killed_by":"Giant Head","ascension_level":1}