{"gold_per_floor":[111,122,122,136,14,46,46,46,46,57,57,232,257,325,325,430,430,447,447,447,447],"floor_reached":21,"playtime":2015,"items_purged":[],"score":194,"play_id":"67293e0b-03be-45d4-8353-307aee00cff7","local_time":"20190224205816","is_ascension_mode":true,"campfire_choices":[{"floor":11,"key":"REST"},{"floor":15,"key":"REST"}],"neow_cost":"NONE","seed_source_timestamp":93105454596835,"circlet_count":0,"master_deck":["Defend_G","Defend_G","Defend_G","Defend_G","Strike_G","Strike_G","Strike_G","Strike_G","Survivor","Neutralize","Poisoned Stab","Cloak And Dagger","Doppelganger","Outmaneuver","Deadly Poison","Poisoned Stab","Outmaneuver","Flying Knee","Phantasmal Killer","Deadly Poison","Envenom","Doubt","Riddle With Holes","Malaise","PiercingWail","Infinite Blades+1","Decay"],"relics":["Ring of the Snake","The Specimen","Prayer Wheel","Unceasing Top","Matryoshka","Eternal Feather"],"potions_floor_usage":[6,16,18],"damage_taken":[{"damage":0,"enemies":"Cultist","floor":1,"turns":4},{"damage":3,"enemies":"Jaw Worm","floor":2,"turns":5},{"damage":0,"enemies":"2 Louse","floor":4,"turns":3},{"damage":28,"enemies":"Lagavulin","floor":6,"turns":7},{"damage":4,"enemies":"Large Slime","floor":10,"turns":6},{"damage":42,"enemies":"Gremlin Nob","floor":13,"turns":5},{"damage":14,"enemies":"Hexaghost","floor":16,"turns":8},{"damage":32,"enemies":"Spheric Guardian","floor":18,"turns":6},{"damage":44,"enemies":"Colosseum Slavers","floor":20,"turns":7},{"damage":2,"enemies":"Chosen","floor":21,"turns":1}],"seed_played":"-4664841588796794207","potions_obtained":[{"floor":2,"key":"Ancient Potion"},{"floor":13,"key":"Block Potion"},{"floor":16,"key":"Explosive Potion"}],"is_trial":false,"path_per_floor":["M","M","?","M","$","E","?","?","T","M","R","?","E","T","R","B",null,"M","?","?","M"],"character_chosen":"THE_SILENT","items_purchased":["Deadly Poison","Poisoned Stab","Outmaneuver"],"campfire_rested":2,"item_purchase_floors":[5,5,5],"current_hp_per_floor":[77,74,74,74,74,46,46,46,46,42,65,65,23,23,46,32,77,45,45,1,0],"gold":447,"neow_bonus":"TEN_PERCENT_HP_BONUS","is_prod":false,"is_daily":false,"chose_seed":false,"campfire_upgraded":0,"win_rate":0,"timestamp":1551041896,"path_taken":["M","M","?","M","?","E","?","?","T","M","R","?","E","?","R","BOSS","M","?","?","M"],"build_version":"2019-01-23","purchased_purges":0,"victory":false,"max_hp_per_floor":[77,77,77,77,77,77,77,77,77,77,77,77,77,77,77,77,77,77,77,77,77],"card_choices":[{"not_picked":["Quick Slash","Outmaneuver"],"picked":"Poisoned Stab","floor":1},{"not_picked":["Escape Plan","Dodge and Roll"],"picked":"Cloak And Dagger","floor":2},{"not_picked":["Bane","Cloak And Dagger"],"picked":"Outmaneuver","floor":4},{"not_picked":["Dagger Throw","Choke"],"picked":"Flying Knee","floor":6},{"not_picked":["Acrobatics","Cloak And Dagger"],"picked":"Deadly Poison","floor":10},{"not_picked":["Acrobatics","Escape Plan"],"picked":"Envenom","floor":10},{"not_picked":["Dodge and Roll","Expertise"],"picked":"Riddle With Holes","floor":13},{"not_picked":["Doppelganger","Die Die Die"],"picked":"Malaise","floor":16},{"not_picked":["Backflip","Riddle With Holes+1"],"picked":"PiercingWail","floor":18},{"not_picked":["Dagger Spray","Setup+1"],"picked":"Infinite Blades+1","floor":18}],"player_experience":237627,"relics_obtained":[{"floor":6,"key":"The Specimen"},{"floor":9,"key":"Prayer Wheel"},{"floor":13,"key":"Unceasing Top"},{"floor":14,"key":"Matryoshka"}],"event_choices":[{"damage_healed":0,"gold_gain":0,"cards_transformed":["Defend_G"],"player_choice":"Transformed","damage_taken":0,"max_hp_gain":0,"max_hp_loss":0,"event_name":"Transmorgrifier","floor":3,"gold_loss":0,"cards_obtained":["Doppelganger"]},{"damage_healed":0,"gold_gain":0,"player_choice":"Ignored","damage_taken":0,"max_hp_gain":0,"max_hp_loss":0,"event_name":"Shining Light","floor":7,"gold_loss":0},{"damage_healed":0,"gold_gain":0,"cards_transformed":["Strike_G"],"player_choice":"Change","damage_taken":0,"max_hp_gain":0,"max_hp_loss":0,"event_name":"Living Wall","floor":8,"gold_loss":0,"cards_obtained":["Phantasmal Killer"]},{"damage_healed":0,"gold_gain":175,"player_choice":"AGREE","damage_taken":0,"max_hp_gain":0,"max_hp_loss":0,"event_name":"Liars Game","floor":12,"gold_loss":0,"cards_obtained":["Doubt"]},{"damage_healed":0,"gold_gain":0,"player_choice":"Smashed Altar","damage_taken":0,"max_hp_gain":0,"max_hp_loss":0,"event_name":"Forgotten Altar","floor":19,"gold_loss":0,"cards_obtained":["Decay"]},{"damage_healed":0,"gold_gain":0,"player_choice":"Fight","damage_taken":0,"max_hp_gain":0,"max_hp_loss":0,"event_name":"Colosseum","floor":20,"gold_loss":0},{"damage_healed":0,"gold_gain":0,"player_choice":"Fled From Nobs","damage_taken":0,"max_hp_gain":0,"max_hp_loss":0,"event_name":"Colosseum","floor":20,"gold_loss":0}],"is_beta":false,"boss_relics":[{"not_picked":["Coffee Dripper","White Beast Statue"],"picked":"Eternal Feather"}],"items_purged_floors":[],"is_endless":false,"potions_floor_spawned":[2,13,16],"killed_by":"Chosen","ascension_level":1}