{"gold_per_floor":[112,187,152,327,345,370,389,389,389,401,401,419,435,449,449,554,554,572,572,589,589,68,94,109,109,109,109,109,122,122,122,122,122],"floor_reached":33,"playtime":1278,"items_purged":["Doubt"],"score":452,"play_id":"5fe34ab7-6446-4b36-960e-cec5728b36d1","local_time":"20181128103203","is_ascension_mode":true,"campfire_choices":[{"floor":8,"key":"REST"},{"floor":11,"key":"REST"},{"data":"Perfected Strike","floor":15,"key":"SMITH"},{"floor":27,"key":"REST"},{"floor":30,"key":"REST"},{"data":"Flame Barrier","floor":32,"key":"SMITH"}],"neow_cost":"NONE","seed_source_timestamp":1269147479165357,"circlet_count":0,"master_deck":["AscendersBane","Strike_R","Strike_R","Strike_R","Strike_R","Strike_R","Defend_R","Defend_R","Defend_R","Defend_R","Bash","Flame Barrier+1","Carnage","Perfected Strike+1","Twin Strike","Evolve","Reckless Charge","Twin Strike","Flex","Shrug It Off","Shrug It Off","True Grit","Flex","Immolate","True Grit","Writhe","Flame Barrier","Sentinel","Shrug It Off+1","RitualDagger"],"relics":["Burning Blood","Art of War","Prayer Wheel","Letter Opener","Busted Crown","MutagenicStrength","Meat on the Bone","Gremlin Horn","Medical Kit","Bird Faced Urn","Mercury Hourglass","Pear","Singing Bowl"],"potions_floor_usage":[6,16,16,23,33],"damage_taken":[{"damage":0,"enemies":"Small Slimes","floor":1,"turns":3},{"damage":6,"enemies":"Jaw Worm","floor":5,"turns":7},{"damage":39,"enemies":"Lagavulin","floor":6,"turns":6},{"damage":7,"enemies":"2 Louse","floor":7,"turns":3},{"damage":21,"enemies":"Large Slime","floor":10,"turns":7},{"damage":6,"enemies":"Looter","floor":12,"turns":2},{"damage":25,"enemies":"Lots of Slimes","floor":13,"turns":4},{"damage":15,"enemies":"Exordium Wildlife","floor":14,"turns":4},{"damage":48,"enemies":"The Guardian","floor":16,"turns":14},{"damage":26,"enemies":"3 Byrds","floor":18,"turns":5},{"damage":4,"enemies":"Spheric Guardian","floor":20,"turns":3},{"damage":17,"enemies":"Gremlin Leader","floor":23,"turns":8},{"damage":44,"enemies":"Shelled Parasite and Fungi","floor":24,"turns":6},{"damage":25,"enemies":"Snake Plant","floor":29,"turns":4},{"damage":95,"enemies":"Collector","floor":33,"turns":9}],"seed_played":"-921464127499660323","potions_obtained":[{"floor":5,"key":"Explosive Potion"},{"floor":13,"key":"Energy Potion"},{"floor":14,"key":"PowerPotion"},{"floor":23,"key":"Fruit Juice"},{"floor":29,"key":"SteroidPotion"}],"is_trial":false,"path_per_floor":["M","?","?","?","M","E","M","R","T","M","R","M","M","M","R","B",null,"M","?","M","?","$","E","M","?","T","R","?","M","R","T","R","B"],"character_chosen":"IRONCLAD","items_purchased":["Gremlin Horn","Medical Kit"],"campfire_rested":4,"item_purchase_floors":[22,22],"current_hp_per_floor":[78,67,80,80,80,47,46,70,70,55,79,79,60,51,51,9,62,42,42,44,44,44,50,26,20,20,45,55,48,76,76,76,0],"gold":122,"neow_bonus":"RANDOM_COMMON_RELIC","is_prod":false,"is_daily":false,"chose_seed":false,"campfire_upgraded":2,"win_rate":0,"timestamp":1543426323,"path_taken":["M","?","?","?","M","E","M","R","T","M","R","M","M","M","R","BOSS","M","?","M","?","$","E","M","?","T","R","?","?","R","?","R","BOSS"],"build_version":"2018-11-15","purchased_purges":1,"victory":false,"max_hp_per_floor":[80,80,80,80,80,80,80,80,80,80,80,80,80,80,80,80,80,80,80,80,80,80,85,85,85,85,85,95,95,95,95,95,95],"card_choices":[{"not_picked":["True Grit","Power Through"],"picked":"Flame Barrier","floor":1},{"not_picked":["Clash","Evolve"],"picked":"Carnage","floor":5},{"not_picked":["Pummel","Cleave"],"picked":"Perfected Strike","floor":6},{"not_picked":["Armaments","Seeing Red"],"picked":"Twin Strike","floor":7},{"not_picked":["Clash","Armaments"],"picked":"Evolve","floor":7},{"not_picked":["Sentinel","Sever Soul"],"picked":"Reckless Charge","floor":10},{"not_picked":["Thunderclap","Heavy Blade","Fire Breathing"],"picked":"SKIP","floor":10},{"not_picked":["Clash","Battle Trance"],"picked":"Twin Strike","floor":12},{"not_picked":["Seeing Red","Sword Boomerang"],"picked":"Flex","floor":12},{"not_picked":["Thunderclap","Havoc"],"picked":"Shrug It Off","floor":13},{"not_picked":["Offering","Headbutt"],"picked":"Shrug It Off","floor":13},{"not_picked":["Flex","Sentinel"],"picked":"True Grit","floor":14},{"not_picked":["Fire Breathing","Clash"],"picked":"Flex","floor":14},{"not_picked":["Exhume","Fiend Fire"],"picked":"Immolate","floor":16},{"not_picked":[],"picked":"True Grit","floor":18},{"not_picked":["Armaments"],"picked":"SKIP","floor":18},{"not_picked":["Sword Boomerang"],"picked":"SKIP","floor":20},{"not_picked":["Burning Pact"],"picked":"SKIP","floor":20},{"not_picked":[],"picked":"Flame Barrier","floor":23},{"not_picked":[],"picked":"Sentinel","floor":24},{"not_picked":[],"picked":"Shrug It Off+1","floor":24},{"not_picked":["Bloodletting"],"picked":"SKIP","floor":29},{"not_picked":["Sword Boomerang"],"picked":"SKIP","floor":29}],"player_experience":1133470,"relics_obtained":[{"floor":6,"key":"Prayer Wheel"},{"floor":9,"key":"Letter Opener"},{"floor":23,"key":"Bird Faced Urn"},{"floor":26,"key":"Mercury Hourglass"},{"floor":28,"key":"Pear"},{"floor":31,"key":"Singing Bowl"}],"event_choices":[{"damage_healed":0,"gold_gain":75,"player_choice":"Gather Gold","damage_taken":11,"max_hp_gain":0,"max_hp_loss":0,"event_name":"World of Goop","floor":2,"gold_loss":0},{"damage_healed":20,"gold_gain":0,"player_choice":"Healed","damage_taken":0,"max_hp_gain":0,"max_hp_loss":0,"event_name":"The Cleric","floor":3,"gold_loss":35},{"damage_healed":0,"gold_gain":175,"player_choice":"AGREE","damage_taken":0,"max_hp_gain":0,"max_hp_loss":0,"event_name":"Liars Game","floor":4,"gold_loss":0,"cards_obtained":["Doubt"]},{"damage_healed":0,"gold_gain":0,"player_choice":"Inject Mutagens","damage_taken":0,"relics_obtained":["MutagenicStrength"],"max_hp_gain":0,"max_hp_loss":0,"event_name":"Drug Dealer","floor":19,"gold_loss":0},{"damage_healed":0,"gold_gain":0,"player_choice":"Opened","damage_taken":0,"relics_obtained":["Meat on the Bone"],"max_hp_gain":0,"max_hp_loss":0,"event_name":"The Mausoleum","floor":21,"gold_loss":0,"cards_obtained":["Writhe"]},{"damage_healed":0,"gold_gain":0,"player_choice":"Joined the Cult","damage_taken":6,"max_hp_gain":0,"max_hp_loss":0,"event_name":"Nest","floor":25,"gold_loss":0,"cards_obtained":["RitualDagger"]},{"damage_healed":0,"gold_gain":0,"player_choice":"Relic","damage_taken":0,"max_hp_gain":0,"max_hp_loss":0,"event_name":"Wheel of Change","floor":28,"gold_loss":0}],"is_beta":false,"boss_relics":[{"not_picked":["Tiny House","Ectoplasm"],"picked":"Busted Crown"}],"items_purged_floors":[22],"is_endless":false,"potions_floor_spawned":[5,13,14,23,29],"killed_by":"Collector","ascension_level":12}