{"gold_per_floor":[109,122,72,85,97,97,97,97,97,118,83,83,122,146,146,269,269,282,207,226,259,55,75,75,75,75,29,29,43,43,63,63,187,250,270,136,150,150],"floor_reached":38,"playtime":2126,"items_purged":["Strike_B","Pain"],"score":376,"play_id":"759a2a74-bcc4-48b3-8600-c537c00d7315","local_time":"20180729211855","is_ascension_mode":false,"campfire_choices":[{"floor":6,"key":"REST"},{"data":"Zap","floor":8,"key":"SMITH"},{"data":"Ball Lightning","floor":15,"key":"SMITH"},{"floor":24,"key":"REST"},{"floor":30,"key":"REST"},{"data":"White Noise","floor":32,"key":"SMITH"}],"neow_cost":"NONE","seed_source_timestamp":270043489792690,"circlet_count":0,"master_deck":["Strike_B","Strike_B","Defend_B+1","Defend_B","Defend_B","Defend_B","Zap+1","Dualcast","Capacitor","Hello World","Ball Lightning+1","Ball Lightning","BootSequence","Injury","Go for the Eyes","Electrodynamics","Ball Lightning","Sweeping Beam+1","Sweeping Beam+1","Genetic Algorithm","Fusion","Deep Breath","Cold Snap+1","Redo","RitualDagger+1","Sweeping Beam+1","White Noise+1","Echo Form","Streamline+1","Loop","Static Discharge","Conserve Battery+1"],"relics":["Cracked Core","Golden Idol","Bottled Tornado","Blood Vial","Omamori","Calling Bell","Happy Flower","Molten Egg 2","Thread and Needle","Red Mask","Peace Pipe","Tiny House"],"potions_floor_usage":[29,33,33,37],"damage_taken":[{"damage":1,"enemies":"Jaw Worm","floor":1,"turns":4},{"damage":6,"enemies":"2 Louse","floor":2,"turns":3},{"damage":17,"enemies":"Small Slimes","floor":4,"turns":3},{"damage":12,"enemies":"Looter","floor":5,"turns":4},{"damage":20,"enemies":"Large Slime","floor":10,"turns":4},{"damage":13,"enemies":"Gremlin Nob","floor":13,"turns":3},{"damage":0,"enemies":"Exordium Wildlife","floor":14,"turns":2},{"damage":17,"enemies":"The Guardian","floor":16,"turns":10},{"damage":2,"enemies":"3 Byrds","floor":18,"turns":2},{"damage":5,"enemies":"Spheric Guardian","floor":20,"turns":3},{"damage":24,"floor":21,"turns":3},{"damage":8,"enemies":"Cultist and Chosen","floor":23,"turns":6},{"damage":18,"enemies":"Centurion and Healer","floor":29,"turns":4},{"damage":11,"enemies":"Sentry and Sphere","floor":31,"turns":4},{"damage":67,"enemies":"Collector","floor":33,"turns":8},{"damage":12,"enemies":"Flame Bruiser 1 Orb","floor":35,"turns":5},{"damage":22,"enemies":"3 Darklings","floor":37,"turns":5},{"damage":61,"enemies":"Flame Bruiser 2 Orb","floor":38,"turns":2}],"seed_played":"-2979085092238249039","potions_obtained":[{"floor":2,"key":"SkillPotion"},{"floor":13,"key":"Explosive Potion"},{"floor":14,"key":"EssenceOfSteel"},{"floor":21,"key":"FocusPotion"},{"floor":34,"key":"Block Potion"}],"is_trial":false,"path_per_floor":["M","M","$","M","M","R","?","R","T","M","?","?","E","M","R","B",null,"M","?","M","?","$","M","R","?","T","$","?","M","R","M","R","B",null,"M","$","M"],"character_chosen":"DEFECT","items_purchased":["Ball Lightning","Fusion","Deep Breath","Redo","Static Discharge"],"campfire_rested":3,"item_purchase_floors":[3,22,22,27,36],"current_hp_per_floor":[81,75,75,58,46,70,70,70,70,50,70,70,59,61,61,46,82,80,80,77,55,55,49,73,73,73,73,67,51,75,66,66,1,87,75,75,55,0],"gold":150,"neow_bonus":"TEN_PERCENT_HP_BONUS","is_prod":false,"is_daily":false,"chose_seed":false,"campfire_upgraded":3,"win_rate":0,"timestamp":1532920735,"path_taken":["M","M","$","M","M","R","?","R","T","M","?","?","E","M","R","BOSS","M","?","M","?","?","M","R","?","T","?","?","M","R","M","R","BOSS","M","$","M","M"],"build_version":"2018-07-26","purchased_purges":2,"victory":false,"max_hp_per_floor":[82,82,82,82,82,82,82,82,82,82,82,82,82,82,82,82,82,82,82,82,82,82,82,82,82,82,82,82,82,82,82,82,82,87,87,87,87,87],"card_choices":[{"not_picked":["Compile Driver","Sweeping Beam"],"picked":"Capacitor","floor":1},{"not_picked":["Undo","Steam"],"picked":"Hello World","floor":2},{"not_picked":["Sunder","Stack"],"picked":"Ball Lightning","floor":4},{"not_picked":["Compile Driver","Barrage"],"picked":"BootSequence","floor":5},{"not_picked":["Barrage","Melter"],"picked":"Go for the Eyes","floor":10},{"not_picked":["Beam Cell","Steam Power"],"picked":"Electrodynamics","floor":13},{"not_picked":["Turbo","Rebound"],"picked":"Ball Lightning","floor":14},{"not_picked":["Barrage+1","Turbo"],"picked":"Sweeping Beam+1","floor":18},{"not_picked":["Compile Driver+1","Turbo+1"],"picked":"Sweeping Beam+1","floor":20},{"not_picked":["Sweeping Beam+1","Heatsinks"],"picked":"Genetic Algorithm","floor":21},{"not_picked":["Streamline+1","Conserve Battery"],"picked":"Cold Snap+1","floor":23},{"not_picked":["Melter+1","Conserve Battery"],"picked":"Sweeping Beam+1","floor":29},{"not_picked":["Gash+1","Beam Cell+1"],"picked":"White Noise","floor":31},{"not_picked":["Reboot","Rainbow"],"picked":"Echo Form","floor":33},{"not_picked":["Steam Power","Hologram"],"picked":"Streamline+1","floor":34},{"not_picked":["Redo","Gash+1"],"picked":"Loop","floor":35},{"not_picked":["Compile Driver+1","Tempest"],"picked":"Conserve Battery+1","floor":37}],"player_experience":84953,"relics_obtained":[{"floor":9,"key":"Bottled Tornado"},{"floor":13,"key":"Omamori"},{"floor":17,"key":"Happy Flower"},{"floor":17,"key":"Molten Egg 2"},{"floor":17,"key":"Thread and Needle"},{"floor":21,"key":"Red Mask"},{"floor":26,"key":"Peace Pipe"}],"event_choices":[{"event_name":"Golden Idol","player_choice":"Take Wound","floor":7,"damage_taken":0},{"event_name":"The Cleric","player_choice":"Healed","floor":11,"damage_taken":0},{"event_name":"Dead Adventurer","player_choice":"Searched \u00271\u0027 times","floor":12,"damage_taken":0},{"event_name":"Beggar","player_choice":"Gave Gold","floor":19,"damage_taken":0},{"event_name":"Masked Bandits","player_choice":"Fought over 226 gold","floor":21,"damage_taken":0},{"event_name":"Addict","player_choice":"Ignored","floor":25,"damage_taken":0},{"event_name":"Nest","player_choice":"Joined the Cult","floor":28,"damage_taken":0}],"is_beta":false,"boss_relics":[{"not_picked":["Coffee Dripper","White Beast Statue"],"picked":"Calling Bell"},{"not_picked":["Busted Crown","Sozu"],"picked":"Tiny House"}],"items_purged_floors":[22,36],"is_endless":false,"potions_floor_spawned":[2,13,14,20,21,23],"killed_by":"Flame Bruiser 2 Orb","ascension_level":0}