{"gold_per_floor":[114,114,128,128,147,147,174,174,174,99,99,119,131,149,149,222,222,241,291,306,321,321,321,351,351,404,404,404,4,19,39,39,112,112,130,130,30,0,0,0,10,45,45,45,58,92,92,39,39,39,39,39,39,69,69],"floor_reached":55,"playtime":2802,"items_purged":["Strike_G","Strike_G"],"score":1364,"play_id":"1d8c0768-c4ca-452a-b08a-e86cb1784b51","local_time":"20190409152740","is_ascension_mode":true,"campfire_choices":[{"data":"Neutralize","floor":6.0,"key":"SMITH"},{"floor":8.0,"key":"REST"},{"data":"Cloak And Dagger","floor":11.0,"key":"SMITH"},{"data":"Dagger Spray","floor":15.0,"key":"SMITH"},{"data":"Accuracy","floor":23.0,"key":"SMITH"},{"data":"Acrobatics","floor":25.0,"key":"SMITH"},{"data":"Footwork","floor":28.0,"key":"SMITH"},{"data":"Catalyst","floor":32.0,"key":"SMITH"},{"data":"PiercingWail","floor":40.0,"key":"SMITH"},{"data":"Bouncing Flask","floor":44.0,"key":"SMITH"},{"floor":47.0,"key":"RECALL"},{"data":"Master of Strategy","floor":49.0,"key":"SMITH"},{"data":"Well Laid Plans","floor":52.0,"key":"SMITH"}],"neow_cost":"NONE","seed_source_timestamp":81859162947600,"circlet_count":0,"master_deck":["AscendersBane","Defend_G","Defend_G","Defend_G","Defend_G","Defend_G","Strike_G","Survivor","Neutralize+1","Escape Plan","PiercingWail+1","Dodge and Roll","Cloak And Dagger+1","Infinite Blades","Deflect+1","Dagger Spray+1","After Image","Acrobatics+1","Leg Sweep","Accuracy+1","Footwork+1","Deflect","Deadly Poison+1","Backflip","Master of Strategy+1","Poisoned Stab+1","Catalyst+1","Envenom+1","Terror+1","Bouncing Flask+1","Blur","Well Laid Plans+1","Acrobatics+1"],"special_seed":0,"relics":["Ring of the Snake","NeowsBlessing","Art of War","Kunai","Pear","Coffee Dripper","Ornamental Fan","War Paint","Bag of Preparation","Sozu","Red Mask","Letter Opener","Pantograph","Potion Belt","Pen Nib"],"potions_floor_usage":[],"damage_taken":[{"damage":0.0,"enemies":"Cultist","floor":1.0,"turns":1.0},{"damage":0.0,"enemies":"Small Slimes","floor":3.0,"turns":1.0},{"damage":0.0,"enemies":"2 Louse","floor":5.0,"turns":1.0},{"damage":57.0,"enemies":"Gremlin Nob","floor":7.0,"turns":7.0},{"damage":1.0,"enemies":"2 Fungi Beasts","floor":12.0,"turns":6.0},{"damage":3.0,"enemies":"Red Slaver","floor":13.0,"turns":5.0},{"damage":3.0,"enemies":"Blue Slaver","floor":14.0,"turns":5.0},{"damage":19.0,"enemies":"Slime Boss","floor":16.0,"turns":14.0},{"damage":10.0,"enemies":"Spheric Guardian","floor":18.0,"turns":8.0},{"damage":0.0,"enemies":"3 Byrds","floor":20.0,"turns":8.0},{"damage":0.0,"enemies":"Snake Plant","floor":21.0,"turns":12.0},{"damage":10.0,"enemies":"Slavers","floor":24.0,"turns":9.0},{"damage":0.0,"enemies":"Snecko","floor":30.0,"turns":10.0},{"damage":10.0,"enemies":"Cultist and Chosen","floor":31.0,"turns":9.0},{"damage":8.0,"enemies":"Champ","floor":33.0,"turns":15.0},{"damage":12.0,"enemies":"3 Darklings","floor":35.0,"turns":9.0},{"damage":0.0,"enemies":"Orb Walker","floor":41.0,"turns":3.0},{"damage":3.0,"enemies":"Nemesis","floor":42.0,"turns":7.0},{"damage":11.0,"enemies":"Jaw Worm Horde","floor":45.0,"turns":5.0},{"damage":0.0,"enemies":"Giant Head","floor":46.0,"turns":9.0},{"damage":7.0,"enemies":"Time Eater","floor":50.0,"turns":14.0},{"damage":38.0,"enemies":"Shield and Spear","floor":54.0,"turns":12.0},{"damage":55,"enemies":"The Heart","floor":55,"turns":2}],"seed_played":"4195815095327142090","potions_obtained":[{"floor":1.0,"key":"Weak Potion"},{"floor":7.0,"key":"PowerPotion"},{"floor":13.0,"key":"Energy Potion"},{"floor":14.0,"key":"Dexterity Potion"},{"floor":20.0,"key":"SkillPotion"},{"floor":24.0,"key":"GamblersBrew"},{"floor":27.0,"key":"PowerPotion"}],"is_trial":false,"path_per_floor":["M","T","M","$","M","R","E","R","T","$","R","M","M","M","R","B",null,"M","?","M","M","?","R","E","R","T","?","R","$","M","M","R","B",null,"M","?","$","?","?","R","M","E","T","R","M","E","R","?","R","B",null,"R","$","E","B"],"character_chosen":"THE_SILENT","items_purchased":["Backflip","Bag of Preparation","Master of Strategy"],"campfire_rested":1,"item_purchase_floors":[29,29,29],"current_hp_per_floor":[59,59,59,59,59,59,2,21,31,31,31,30,27,24,24,5,58,48,48,48,48,48,48,38,38,38,38,38,38,38,28,28,20,62,50,39,39,39,39,39,39,36,36,36,25,25,25,25,25,43,68,68,68,30,0],"gold":69,"neow_bonus":"THREE_ENEMY_KILL","is_prod":false,"is_daily":false,"chose_seed":false,"campfire_upgraded":11,"win_rate":0,"timestamp":1554848860,"path_taken":["M","?","?","?","M","R","E","R","T","?","R","M","M","M","R","BOSS","M","?","M","M","?","R","E","R","T","?","R","$","M","M","R","BOSS","M","?","?","?","?","R","M","E","T","R","?","E","R","?","R","BOSS","R","$","E","BOSS"],"build_version":"2019-01-23","purchased_purges":2,"victory":false,"max_hp_per_floor":[66,66,66,66,66,66,66,66,76,76,76,76,76,76,76,76,76,76,76,76,76,76,76,76,76,76,76,76,76,76,76,76,76,76,76,76,76,76,76,76,76,76,76,76,76,76,76,76,76,76,76,76,76,76,76],"card_choices":[{"not_picked":["Caltrops","Sucker Punch"],"picked":"Escape Plan","floor":1.0},{"not_picked":["Setup","Masterful Stab"],"picked":"PiercingWail","floor":3.0},{"not_picked":["Finisher","Deflect"],"picked":"Dodge and Roll","floor":5.0},{"not_picked":["Dodge and Roll","Bane"],"picked":"Cloak And Dagger","floor":7.0},{"not_picked":["PiercingWail","Masterful Stab"],"picked":"Infinite Blades","floor":12.0},{"not_picked":["PiercingWail","Blade Dance"],"picked":"Deflect","floor":13.0},{"not_picked":["Envenom","Deadly Poison"],"picked":"Dagger Spray","floor":14.0},{"not_picked":["Envenom","Malaise"],"picked":"After Image","floor":16.0},{"not_picked":["Deadly Poison","Endless Agony"],"picked":"Acrobatics","floor":18.0},{"not_picked":["Acrobatics","Setup"],"picked":"Leg Sweep","floor":20.0},{"not_picked":["Poisoned Stab","Catalyst"],"picked":"Accuracy","floor":21.0},{"not_picked":["Bane","Backflip"],"picked":"Deadly Poison","floor":24.0},{"not_picked":["Sucker Punch","Dagger Spray"],"picked":"Poisoned Stab+1","floor":30.0},{"not_picked":["Corpse Explosion","Calculated Gamble"],"picked":"Catalyst","floor":31.0},{"not_picked":["Adrenaline","Grand Finale"],"picked":"Envenom","floor":33.0},{"not_picked":["Riddle With Holes+1","Blade Dance"],"picked":"Terror+1","floor":35.0},{"not_picked":["Quick Slash+1","Outmaneuver"],"picked":"Bouncing Flask","floor":41.0},{"not_picked":["Noxious Fumes","Backstab+1"],"picked":"Blur","floor":42.0},{"not_picked":["Prepared","Distraction","Dagger Throw+1"],"picked":"SKIP","floor":45.0},{"not_picked":["Underhanded Strike","Tactician"],"picked":"Well Laid Plans","floor":46.0},{"not_picked":["Crippling Poison","Corpse Explosion"],"picked":"Acrobatics+1","floor":54.0}],"player_experience":502151,"relics_obtained":[{"floor":2.0,"key":"Art of War"},{"floor":7.0,"key":"Kunai"},{"floor":9.0,"key":"Pear"},{"floor":24.0,"key":"Ornamental Fan"},{"floor":26.0,"key":"War Paint"},{"floor":42.0,"key":"Letter Opener"},{"floor":46.0,"key":"Pantograph"},{"floor":54.0,"key":"Pen Nib"}],"event_choices":[{"damage_healed":0.0,"max_hp_gain":0.0,"max_hp_loss":0.0,"gold_gain":50.0,"event_name":"Nest","player_choice":"Stole From Cult","floor":19.0,"gold_loss":0.0,"damage_taken":0.0},{"damage_healed":0.0,"max_hp_gain":0.0,"max_hp_loss":0.0,"gold_gain":0.0,"cards_transformed":["Strike_G","Strike_G"],"event_name":"Drug Dealer","player_choice":"Became Test Subject","floor":22.0,"gold_loss":0.0,"damage_taken":0.0,"cards_obtained":["Footwork","Deflect"]},{"damage_healed":0.0,"max_hp_gain":0.0,"max_hp_loss":0.0,"gold_gain":0.0,"event_name":"Lab","player_choice":"Got Potions","floor":27.0,"gold_loss":0.0,"damage_taken":0.0},{"damage_healed":0.0,"max_hp_gain":0.0,"max_hp_loss":0.0,"gold_gain":0.0,"event_name":"Wheel of Change","player_choice":"Damaged","floor":36.0,"gold_loss":0.0,"damage_taken":11.0},{"damage_healed":0.0,"max_hp_gain":0.0,"max_hp_loss":0.0,"gold_gain":0.0,"event_name":"Tomb of Lord Red Mask","player_choice":"Paid","floor":38.0,"gold_loss":30.0,"damage_taken":0.0,"relics_obtained":["Red Mask"]},{"damage_healed":0.0,"max_hp_gain":0.0,"max_hp_loss":0.0,"gold_gain":0.0,"event_name":"Accursed Blacksmith","player_choice":"Forge","floor":39.0,"gold_loss":0.0,"damage_taken":0.0,"cards_upgraded":["Envenom"]},{"damage_healed":0.0,"max_hp_gain":0.0,"max_hp_loss":0.0,"gold_gain":0.0,"event_name":"WeMeetAgain","player_choice":"Paid Gold","floor":48.0,"gold_loss":53.0,"damage_taken":0.0,"relics_obtained":["Potion Belt"]}],"is_beta":false,"boss_relics":[{"not_picked":["White Beast Statue","Snecko Eye"],"picked":"Coffee Dripper"},{"not_picked":["Velvet Choker","Runic Dome"],"picked":"Sozu"}],"items_purged_floors":[10,37],"is_endless":false,"potions_floor_spawned":[1,7,13,14,20,24,30,35,45],"killed_by":"The Heart","ascension_level":18}