{"gold_per_floor":[111,129,129,129,54,83,102,118,118,118,131,151,151,15,15,117,117,136,136,155,175,102,102,122,122,198,215,233,158,158,176,176,280,280,291,45,63,82,98,98,98,112,139,169,182,182,182],"floor_reached":47,"playtime":7643,"items_purged":["Strike_G","Strike_G","Defend_G"],"score":512,"play_id":"969ff4ce-60e3-4977-86b2-bd41c09a1f5c","local_time":"20190116032056","is_ascension_mode":true,"campfire_choices":[{"data":"Neutralize","floor":10.0,"key":"SMITH"},{"floor":15.0,"key":"REST"},{"data":"Footwork","floor":23.0,"key":"SMITH"},{"data":"Tools of the Trade","floor":25.0,"key":"SMITH"},{"floor":30.0,"key":"REST"},{"floor":32.0,"key":"REST"},{"floor":40.0,"key":"REST"},{"floor":46,"key":"REST"}],"neow_cost":"NONE","seed_source_timestamp":185389105207457,"circlet_count":0,"master_deck":["Defend_G","Defend_G+1","Defend_G","Survivor","Neutralize+1","Well Laid Plans","Backflip+1","Deadly Poison","Deadly Poison","Glass Knife","Outmaneuver","Acrobatics","All Out Attack","Tools of the Trade+1","Noxious Fumes","Noxious Fumes","Deflect","Flying Knee+1","Blur","Footwork+1","Footwork+1","Dash+1","Prepared","Trip","Noxious Fumes+1","Bouncing Flask","Tactician","Terror+1"],"special_seed":0,"relics":["Ring of the Serpent","NeowsBlessing","Potion Belt","PreservedInsect","Orrery","Tiny Chest","Mercury Hourglass","Snake Skull","Bag of Preparation"],"potions_floor_usage":[],"damage_taken":[{"damage":0.0,"enemies":"Jaw Worm","floor":1.0,"turns":1.0},{"damage":0.0,"enemies":"Cultist","floor":2.0,"turns":1.0},{"damage":0.0,"enemies":"Gremlin Nob","floor":6.0,"turns":1.0},{"damage":0.0,"enemies":"Small Slimes","floor":7.0,"turns":3.0},{"damage":1.0,"enemies":"Red Slaver","floor":8.0,"turns":3.0},{"damage":7.0,"enemies":"Lots of Slimes","floor":11.0,"turns":5.0},{"damage":0.0,"enemies":"3 Louse","floor":12.0,"turns":4.0},{"damage":19.0,"enemies":"Hexaghost","floor":16.0,"turns":8.0},{"damage":2.0,"enemies":"Shell Parasite","floor":18.0,"turns":5.0},{"damage":4.0,"enemies":"Chosen","floor":20.0,"turns":5.0},{"damage":3.0,"enemies":"Snake Plant","floor":21.0,"turns":5.0},{"damage":3.0,"enemies":"Centurion and Healer","floor":24.0,"turns":8.0},{"damage":13.0,"enemies":"Chosen and Byrds","floor":27.0,"turns":8.0},{"damage":7.0,"enemies":"3 Cultists","floor":28.0,"turns":7.0},{"damage":31.0,"enemies":"Cultist and Chosen","floor":31.0,"turns":8.0},{"damage":3.0,"enemies":"Automaton","floor":33.0,"turns":10.0},{"damage":16.0,"enemies":"3 Shapes","floor":35.0,"turns":6.0},{"damage":11.0,"enemies":"Orb Walker","floor":37.0,"turns":6.0},{"damage":10.0,"enemies":"Writhing Mass","floor":38.0,"turns":8.0},{"damage":19.0,"enemies":"4 Shapes","floor":39.0,"turns":7.0},{"damage":19.0,"enemies":"Spire Growth","floor":42.0,"turns":6.0},{"damage":1.0,"enemies":"Giant Head","floor":44.0,"turns":8.0},{"damage":19,"enemies":"Transient","floor":45,"turns":5},{"damage":34,"enemies":"3 Darklings","floor":47,"turns":3}],"seed_played":"-4600870417515250866","potions_obtained":[{"floor":1.0,"key":"Strength Potion"},{"floor":8.0,"key":"Explosive Potion"},{"floor":11.0,"key":"Strength Potion"},{"floor":16.0,"key":"Swift Potion"},{"floor":21.0,"key":"Ancient Potion"},{"floor":27.0,"key":"Fire Potion"},{"floor":28.0,"key":"PowerPotion"},{"floor":33.0,"key":"Poison Potion"},{"floor":35.0,"key":"AttackPotion"},{"floor":37.0,"key":"Regen Potion"},{"floor":39.0,"key":"SkillPotion"}],"is_trial":false,"path_per_floor":["M","M","?","?","$","E","M","M","T","R","M","M","?","$","R","B",null,"M","?","M","M","$","R","M","R","T","M","M","?","R","M","R","B",null,"M","$","M","M","M","R","?","M","T","E","M","R","M"],"character_chosen":"THE_SILENT","items_purchased":["All Out Attack","Footwork","Prepared","Trip"],"campfire_rested":5,"item_purchase_floors":[14,22,36,36],"current_hp_per_floor":[70,70,56,56,56,56,56,55,55,55,48,48,48,48,69,50,70,68,68,64,61,61,61,58,58,58,45,38,38,59,28,49,46,70,54,54,43,48,29,50,50,31,31,30,11,32,0],"gold":182,"neow_bonus":"THREE_ENEMY_KILL","is_prod":false,"is_daily":false,"chose_seed":false,"campfire_upgraded":3,"win_rate":0,"timestamp":1547630456,"path_taken":["M","M","?","?","$","E","M","M","T","R","?","M","?","?","R","BOSS","M","?","?","?","$","R","M","R","T","M","M","?","R","M","R","BOSS","M","$","M","M","M","R","?","M","T","E","M","R","M"],"build_version":"2019-01-10","purchased_purges":3,"victory":false,"max_hp_per_floor":[70,70,70,70,70,70,70,70,70,70,70,70,70,70,70,70,70,70,70,70,70,70,70,70,70,70,70,70,70,70,70,70,70,70,70,70,70,70,70,70,70,70,70,70,70,70,70],"card_choices":[{"not_picked":["Crippling Poison","Endless Agony"],"picked":"Well Laid Plans","floor":1.0},{"not_picked":["Dodge and Roll","Dagger Spray"],"picked":"Backflip","floor":2.0},{"not_picked":["Dagger Spray","Outmaneuver"],"picked":"Deadly Poison","floor":6.0},{"not_picked":["Dodge and Roll","Bane"],"picked":"Glass Knife","floor":7.0},{"not_picked":["Infinite Blades","Blade Dance"],"picked":"Outmaneuver","floor":8.0},{"not_picked":["Storm of Steel","Heel Hook","Distraction"],"picked":"SKIP","floor":11.0},{"not_picked":["Dagger Spray","Quick Slash"],"picked":"Acrobatics","floor":12.0},{"not_picked":["Burst","Venomology"],"picked":"Tools of the Trade","floor":16.0},{"not_picked":["Blade Dance","Prepared"],"picked":"Noxious Fumes","floor":17.0},{"not_picked":["Slice","Acrobatics"],"picked":"Noxious Fumes","floor":17.0},{"not_picked":["Underhanded Strike","Backflip"],"picked":"Deflect","floor":17.0},{"not_picked":["Masterful Stab","Expertise","Bane"],"picked":"SKIP","floor":18.0},{"not_picked":["Cloak And Dagger","Outmaneuver"],"picked":"Flying Knee+1","floor":20.0},{"not_picked":["Envenom","Sucker Punch"],"picked":"Blur","floor":21.0},{"not_picked":["Acrobatics","Expertise","Endless Agony"],"picked":"SKIP","floor":24.0},{"not_picked":["Riddle With Holes","Dagger Spray","Outmaneuver"],"picked":"SKIP","floor":27.0},{"not_picked":["Finisher","Slice"],"picked":"Bane","floor":28.0},{"not_picked":["Riddle With Holes","Caltrops"],"picked":"Footwork+1","floor":31.0},{"not_picked":["Flying Knee+1","Slice+1"],"picked":"Dash+1","floor":35.0},{"not_picked":["Dagger Throw","Bane"],"picked":"Noxious Fumes+1","floor":37.0},{"not_picked":["Dash+1","Noxious Fumes"],"picked":"Bouncing Flask","floor":38.0},{"not_picked":["Acrobatics","Bane+1"],"picked":"Tactician","floor":39.0},{"not_picked":["Acrobatics+1","Footwork"],"picked":"Terror+1","floor":42.0},{"not_picked":["Deadly Poison+1","Flying Knee+1","Accuracy+1"],"picked":"SKIP","floor":44.0},{"not_picked":["Underhanded Strike","Terror+1","Outmaneuver+1"],"picked":"SKIP","floor":45}],"player_experience":146427,"relics_obtained":[{"floor":6.0,"key":"Potion Belt"},{"floor":9.0,"key":"PreservedInsect"},{"floor":26.0,"key":"Tiny Chest"},{"floor":43.0,"key":"Snake Skull"},{"floor":44.0,"key":"Bag of Preparation"}],"event_choices":[{"damage_healed":0.0,"max_hp_gain":0.0,"max_hp_loss":0.0,"gold_gain":0.0,"event_name":"Shining Light","player_choice":"Entered Light","floor":3.0,"gold_loss":0.0,"damage_taken":14.0,"cards_upgraded":["Backflip","Defend_G"]},{"damage_healed":0.0,"max_hp_gain":0.0,"max_hp_loss":0.0,"gold_gain":0.0,"cards_transformed":["Strike_G"],"event_name":"Transmorgrifier","player_choice":"Transformed","floor":4.0,"gold_loss":0.0,"damage_taken":0.0,"cards_obtained":["Deadly Poison"]},{"cards_removed":["Strike_G"],"damage_healed":0.0,"max_hp_gain":0.0,"max_hp_loss":0.0,"gold_gain":0.0,"event_name":"Living Wall","player_choice":"Forget","floor":13.0,"gold_loss":0.0,"damage_taken":0.0},{"cards_removed":["Strike_G"],"damage_healed":0.0,"max_hp_gain":0.0,"max_hp_loss":0.0,"gold_gain":0.0,"event_name":"Purifier","player_choice":"Purged","floor":19.0,"gold_loss":0.0,"damage_taken":0.0},{"cards_removed":["Defend_G"],"damage_healed":0.0,"max_hp_gain":0.0,"max_hp_loss":0.0,"gold_gain":0.0,"event_name":"Beggar","player_choice":"Gave Gold","floor":29.0,"gold_loss":75.0,"damage_taken":0.0},{"cards_removed":["Bane"],"damage_healed":0.0,"max_hp_gain":0.0,"max_hp_loss":0.0,"gold_gain":0.0,"event_name":"WeMeetAgain","player_choice":"Gave Card","floor":41.0,"gold_loss":0.0,"damage_taken":0.0,"relics_obtained":["Mercury Hourglass"]}],"is_beta":false,"boss_relics":[{"not_picked":["Ectoplasm","Astrolabe"],"picked":"Orrery"},{"not_picked":["Runic Dome","White Beast Statue"],"picked":"Ring of the Serpent"}],"items_purged_floors":[5,14,36],"is_endless":false,"potions_floor_spawned":[1,8,11,16,21,27,28,33,35,37,39],"killed_by":"3 Darklings","ascension_level":1}