{"gold_per_floor":[11,11,11,29,50,91,91,106,106,131,174,174,187,187,187,318,318,336,351,351,351,374,412,412,255,324,348,373,182,127,127,127,127],"floor_reached":33,"playtime":1578,"items_purged":["Writhe","Defend_B"],"score":277,"play_id":"7a87e56d-0cb5-47bd-8c84-630d326035b3","local_time":"20190218132254","is_ascension_mode":false,"campfire_choices":[{"data":"Zap","floor":7,"key":"SMITH"},{"floor":12,"key":"REST"},{"floor":15,"key":"REST"},{"floor":24,"key":"REST"},{"floor":32,"key":"REST"}],"neow_cost":"NO_GOLD","seed_source_timestamp":391777879845637,"circlet_count":0,"master_deck":["Strike_B+1","Defend_B","Defend_B","Zap+1","Dualcast","Defragment","Ball Lightning+1","Conserve Battery","Static Discharge","Biased Cognition","Sunder+1","Electrodynamics","Steam","Defragment","FTL+1","Capacitor","Finesse"],"relics":["Cracked Core","Golden Idol","Darkstone Periapt","Dodecahedron","Whetstone","Empty Cage","Oddly Smooth Stone","MutagenicStrength","Bottled Tornado","Molten Egg 2","Tiny Chest","Symbiotic Virus"],"potions_floor_usage":[8,11,23,33],"damage_taken":[{"damage":0,"enemies":"Small Slimes","floor":1,"turns":4},{"damage":1,"enemies":"Jaw Worm","floor":4,"turns":4},{"damage":0,"enemies":"Cultist","floor":5,"turns":3},{"damage":25,"enemies":"Gremlin Nob","floor":6,"turns":5},{"damage":1,"enemies":"Exordium Wildlife","floor":8,"turns":3},{"damage":5,"enemies":"Large Slime","floor":10,"turns":5},{"damage":18,"enemies":"Lagavulin","floor":11,"turns":6},{"damage":15,"enemies":"Exordium Thugs","floor":13,"turns":4},{"damage":18,"enemies":"Slime Boss","floor":16,"turns":9},{"damage":13,"enemies":"2 Thieves","floor":18,"turns":3},{"damage":20,"enemies":"Shell Parasite","floor":19,"turns":5},{"damage":17,"enemies":"Snecko","floor":22,"turns":4},{"damage":25,"enemies":"Gremlin Leader","floor":23,"turns":6},{"damage":6,"enemies":"Snake Plant","floor":27,"turns":3},{"damage":10,"enemies":"3 Cultists","floor":28,"turns":2},{"damage":45,"enemies":"Collector","floor":33,"turns":5}],"seed_played":"-441882073814345184","potions_obtained":[{"floor":1,"key":"Dexterity Potion"},{"floor":4,"key":"Block Potion"},{"floor":5,"key":"Explosive Potion"},{"floor":13,"key":"AttackPotion"},{"floor":22,"key":"Swift Potion"},{"floor":23,"key":"SmokeBomb"}],"is_trial":false,"path_per_floor":["?","?","?","?","?","$","M","?","T"],"character_chosen":"DEFECT","items_purchased":["Defragment","Finesse"],"campfire_rested":4,"item_purchase_floors":[25,29],"current_hp_per_floor":[75,57,54,53,53,28,28,27,27,22,4,26,11,4,26,8,75,62,42,48,48,31,6,30,30,30,24,14,14,14,14,38,0],"gold":127,"neow_bonus":"REMOVE_TWO","is_prod":false,"is_daily":false,"chose_seed":false,"campfire_upgraded":1,"win_rate":0,"timestamp":1550514174,"path_taken":["M","?","?","M","M","E","R","M","T","M","E","R","M","?","R","BOSS","M","M","?","?","M","E","R","?","T","?","M","$","?","?","R","BOSS"],"build_version":"2019-01-23","purchased_purges":2,"victory":false,"max_hp_per_floor":[75,75,75,75,75,75,75,75,75,75,75,75,75,75,75,75,75,75,75,81,81,81,81,81,81,81,81,81,81,81,81,81,81],"card_choices":[{"not_picked":["Recycle","Reinforced Body"],"picked":"Defragment","floor":1},{"not_picked":["Stack","Redo"],"picked":"Ball Lightning","floor":4},{"not_picked":["Turbo","Scrape"],"picked":"Conserve Battery","floor":5},{"not_picked":["Beam Cell","Amplify","Go for the Eyes"],"picked":"SKIP","floor":6},{"not_picked":["Streamline","Force Field"],"picked":"Static Discharge","floor":8},{"not_picked":["Coolheaded","Stack","Sweeping Beam"],"picked":"SKIP","floor":10},{"not_picked":["Chill","Consume","Gash"],"picked":"SKIP","floor":11},{"not_picked":["Compile Driver","Hello World"],"picked":"White Noise","floor":13},{"not_picked":["Thunder Strike","Reboot"],"picked":"Biased Cognition","floor":16},{"not_picked":["Darkness","Gash"],"picked":"Sunder+1","floor":18},{"not_picked":["Cold Snap","Beam Cell+1","Coolheaded"],"picked":"SKIP","floor":19},{"not_picked":["Redo","Gash"],"picked":"Electrodynamics","floor":22},{"not_picked":["Leap","Rebound"],"picked":"Steam","floor":23},{"not_picked":["Blizzard+1","Coolheaded"],"picked":"FTL+1","floor":27},{"not_picked":["Reinforced Body","Rebound+1"],"picked":"Capacitor","floor":28}],"player_experience":504047,"relics_obtained":[{"floor":6,"key":"Dodecahedron"},{"floor":11,"key":"Whetstone"},{"floor":23,"key":"Bottled Tornado"},{"floor":26,"key":"Molten Egg 2"},{"floor":31,"key":"Symbiotic Virus"}],"event_choices":[{"damage_healed":0,"gold_gain":0,"player_choice":"Take Damage","damage_taken":18,"relics_obtained":["Golden Idol"],"max_hp_gain":0,"max_hp_loss":0,"event_name":"Golden Idol","floor":2,"gold_loss":0},{"damage_healed":0,"gold_gain":0,"player_choice":"Success","damage_taken":3,"relics_obtained":["Darkstone Periapt"],"max_hp_gain":0,"max_hp_loss":0,"event_name":"Scrap Ooze","floor":3,"gold_loss":0},{"cards_removed":["White Noise"],"damage_healed":0,"gold_gain":0,"player_choice":"Card Removal","damage_taken":7,"max_hp_gain":0,"max_hp_loss":0,"event_name":"Golden Wing","floor":14,"gold_loss":0},{"damage_healed":0,"gold_gain":0,"player_choice":"Opened","damage_taken":0,"relics_obtained":["Oddly Smooth Stone"],"max_hp_gain":0,"max_hp_loss":0,"event_name":"The Mausoleum","floor":20,"gold_loss":0,"cards_obtained":["Writhe"]},{"damage_healed":0,"gold_gain":0,"player_choice":"Inject Mutagens","damage_taken":0,"relics_obtained":["MutagenicStrength"],"max_hp_gain":0,"max_hp_loss":0,"event_name":"Drug Dealer","floor":21,"gold_loss":0},{"damage_healed":0,"gold_gain":0,"player_choice":"Obtained Relic","damage_taken":0,"relics_obtained":["Tiny Chest"],"max_hp_gain":0,"max_hp_loss":0,"event_name":"Addict","floor":30,"gold_loss":85}],"is_beta":false,"boss_relics":[{"not_picked":["Inserter","Runic Dome"],"picked":"Empty Cage"}],"items_purged_floors":[25,29],"is_endless":false,"potions_floor_spawned":[1,4,5,13,22,23],"killed_by":"Collector","ascension_level":0}