{"gold_per_floor":[112,112,62,76,89,121,133,158,158,158,169,224,238,270,270,375,375,364,381,381,398,410,445,445,457,457,457,469,469,483,503,503,601,601],"floor_reached":34,"playtime":2376,"items_purged":[],"score":468,"play_id":"2ef75a64-da26-41e7-9f05-ba3df6521f6a","local_time":"20190314144825","is_ascension_mode":false,"campfire_choices":[{"data":"Armaments","floor":10,"key":"SMITH"},{"data":"Anger","floor":15,"key":"SMITH"},{"data":"Iron Wave","floor":24,"key":"SMITH"},{"floor":29,"key":"REST"},{"data":"Strike_R","floor":32,"key":"SMITH"}],"neow_cost":"NONE","seed_source_timestamp":94539500331341,"circlet_count":0,"master_deck":["Strike_R","Strike_R","Strike_R+1","Defend_R","Defend_R+1","Spot Weakness+1","Anger+1","Armaments+1","Iron Wave+1"],"relics":["Black Blood","Bronze Scales","Red Skull","Singing Bowl","Meat on the Bone","Ancient Tea Set","PreservedInsect","War Paint","Empty Cage"],"potions_floor_usage":[8,14,18,18,27,33,33],"damage_taken":[{"damage":0,"enemies":"Small Slimes","floor":1,"turns":4},{"damage":11,"enemies":"Jaw Worm","floor":4,"turns":3},{"damage":1,"enemies":"Cultist","floor":5,"turns":3},{"damage":25,"enemies":"3 Sentries","floor":6,"turns":7},{"damage":5,"enemies":"Looter","floor":7,"turns":2},{"damage":14,"enemies":"Lagavulin","floor":8,"turns":7},{"damage":4,"enemies":"2 Fungi Beasts","floor":11,"turns":3},{"damage":25,"enemies":"Gremlin Nob","floor":12,"turns":3},{"damage":0,"enemies":"3 Louse","floor":13,"turns":2},{"damage":12,"enemies":"3 Sentries","floor":14,"turns":5},{"damage":11,"enemies":"Slime Boss","floor":16,"turns":8},{"damage":14,"enemies":"2 Thieves","floor":18,"turns":4},{"damage":5,"enemies":"Chosen","floor":19,"turns":4},{"damage":40,"enemies":"Snecko","floor":21,"turns":7},{"damage":27,"enemies":"Shelled Parasite and Fungi","floor":22,"turns":5},{"damage":38,"enemies":"Gremlin Leader","floor":23,"turns":8},{"damage":25,"enemies":"Snake Plant","floor":25,"turns":4},{"damage":0,"enemies":"Book of Stabbing","floor":27,"turns":1},{"damage":20,"enemies":"3 Cultists","floor":28,"turns":5},{"damage":18,"enemies":"Snecko","floor":30,"turns":5},{"damage":22,"enemies":"Snake Plant","floor":31,"turns":4},{"damage":63,"enemies":"Collector","floor":33,"turns":11}],"seed_played":"7208265409432600975","potions_obtained":[{"floor":5,"key":"Block Potion"},{"floor":7,"key":"Explosive Potion"},{"floor":12,"key":"Weak Potion"},{"floor":14,"key":"Swift Potion"},{"floor":16,"key":"Dexterity Potion"},{"floor":19,"key":"FairyPotion"},{"floor":21,"key":"SmokeBomb"},{"floor":30,"key":"Strength Potion"}],"is_trial":false,"path_per_floor":["?","?","?","?"],"character_chosen":"IRONCLAD","items_purchased":[],"campfire_rested":1,"item_purchase_floors":[],"current_hp_per_floor":[80,80,80,75,80,61,62,54,54,54,58,41,61,57,57,54,90,88,94,75,59,56,42,42,41,41,63,67,99,93,83,83,44,115],"gold":601,"neow_bonus":"TRANSFORM_CARD","is_prod":false,"is_daily":false,"chose_seed":false,"campfire_upgraded":4,"win_rate":0,"timestamp":1552589305,"path_taken":["M","?","?","M","M","E","M","E","T","R","M","?","M","E","R","BOSS","M","M","?","M","M","E","R","M","T","E","M","R","M","M","R","BOSS"],"build_version":"2019-01-23","purchased_purges":0,"victory":false,"max_hp_per_floor":[80,80,80,80,80,80,80,80,80,80,82,84,86,88,88,90,90,92,94,99,101,103,105,105,107,107,107,109,109,111,113,113,115,115],"card_choices":[{"not_picked":["Combust","Flex"],"picked":"Anger","floor":1},{"not_picked":["Power Through","Flex"],"picked":"Armaments","floor":4},{"not_picked":["Clothesline","Perfected Strike","Metallicize"],"picked":"SKIP","floor":5},{"not_picked":["Body Slam","Anger","Shockwave"],"picked":"SKIP","floor":6},{"not_picked":["Pommel Strike","Wild Strike","Headbutt"],"picked":"SKIP","floor":7},{"not_picked":["Barricade","Feel No Pain"],"picked":"Iron Wave","floor":8},{"not_picked":["Anger","Rage","Clash"],"picked":"Singing Bowl","floor":11},{"not_picked":["Body Slam","Clash","Fire Breathing"],"picked":"Singing Bowl","floor":12},{"not_picked":["Havoc","Wild Strike","Perfected Strike"],"picked":"Singing Bowl","floor":13},{"not_picked":["Pummel","Fiend Fire","Heavy Blade"],"picked":"Singing Bowl","floor":14},{"not_picked":["Reaper","Double Tap","Immolate"],"picked":"Singing Bowl","floor":16},{"not_picked":["Headbutt+1","Spot Weakness","Ghostly Armor"],"picked":"Singing Bowl","floor":18},{"not_picked":["Infernal Blade","Perfected Strike","Headbutt+1"],"picked":"Singing Bowl","floor":19},{"not_picked":["Flex","Heavy Blade","Iron Wave"],"picked":"Singing Bowl","floor":21},{"not_picked":["Twin Strike","Hemokinesis","Infernal Blade"],"picked":"Singing Bowl","floor":22},{"not_picked":["Thunderclap+1","Fiend Fire","Clothesline"],"picked":"Singing Bowl","floor":23},{"not_picked":["Clash","Armaments","Shrug It Off"],"picked":"Singing Bowl","floor":25},{"not_picked":["Anger","Spot Weakness","Heavy Blade"],"picked":"Singing Bowl","floor":28},{"not_picked":["Anger","Perfected Strike","Corruption+1"],"picked":"Singing Bowl","floor":30},{"not_picked":["Juggernaut","Heavy Blade","Cleave"],"picked":"Singing Bowl","floor":31},{"not_picked":["Limit Break","Exhume","Double Tap"],"picked":"Singing Bowl","floor":33}],"player_experience":631318,"relics_obtained":[{"floor":6,"key":"Bronze Scales"},{"floor":8,"key":"Red Skull"},{"floor":9,"key":"Singing Bowl"},{"floor":12,"key":"Meat on the Bone"},{"floor":14,"key":"Ancient Tea Set"},{"floor":23,"key":"PreservedInsect"},{"floor":26,"key":"War Paint"}],"event_choices":[{"cards_removed":["Defend_R"],"damage_healed":0,"gold_gain":0,"player_choice":"Forget","damage_taken":0,"max_hp_gain":0,"max_hp_loss":0,"event_name":"Living Wall","floor":2,"gold_loss":0},{"cards_removed":["Defend_R"],"damage_healed":0,"gold_gain":0,"player_choice":"Card Removal","damage_taken":0,"max_hp_gain":0,"max_hp_loss":0,"event_name":"The Cleric","floor":3,"gold_loss":50},{"damage_healed":0,"gold_gain":30,"player_choice":"Searched \u00273\u0027 times","damage_taken":0,"max_hp_gain":0,"max_hp_loss":0,"event_name":"Dead Adventurer","floor":12,"gold_loss":0},{"damage_healed":0,"gold_gain":0,"player_choice":"Shed Blood","damage_taken":24,"max_hp_gain":5,"max_hp_loss":0,"event_name":"Forgotten Altar","floor":20,"gold_loss":0}],"is_beta":false,"boss_relics":[{"not_picked":["Busted Crown","Philosopher\u0027s Stone"],"picked":"Black Blood"},{"not_picked":["Cursed Key","Orrery"],"picked":"Empty Cage"}],"items_purged_floors":[],"is_endless":false,"potions_floor_spawned":[5,7,12,14,16,19,21,22,30],"ascension_level":0}