{"gold_per_floor":[15,27,39,39,50,85,96,430,430,442,202,202,202,222,222,317,317,334,345,364,374,388,388,407,90,90,102,102,122,122,132,132,235,235,247,260,260,51,51,51,69,80,80,108,108],"floor_reached":45,"playtime":12749,"items_purged":["Defend_R"],"score":540,"play_id":"2e7aace6-25cd-4311-a634-14ed9d1e4100","local_time":"20190201231729","is_ascension_mode":true,"campfire_choices":[{"data":"Perfected Strike","floor":15,"key":"SMITH"},{"floor":23,"key":"REST"},{"floor":28,"key":"REST"},{"data":"Perfected Strike","floor":30,"key":"SMITH"},{"floor":32,"key":"REST"},{"data":"Limit Break","floor":40,"key":"SMITH"}],"neow_cost":"NO_GOLD","seed_source_timestamp":335354832754006,"circlet_count":0,"master_deck":["Strike_R","Strike_R","Strike_R","Strike_R","Strike_R","Bash","Perfected Strike+1","Twin Strike","Anger","Iron Wave","Pommel Strike","Headbutt","Mayhem+1","Iron Wave","Wild Strike","Perfected Strike+1","Heavy Blade+1","Wild Strike+1","Inflame","Clash","Heavy Blade+1","Wild Strike","Limit Break+1","Fiend Fire+1","Shrug It Off+1","Rupture+1","Clash+1","Twin Strike"],"relics":["Burning Blood","Champion Belt","Pear","Shuriken","Old Coin","Meat on the Bone","Black Star","Question Card","Astrolabe","Brimstone","Molten Egg 2","Bottled Flame"],"potions_floor_usage":[14,16,24,33,33,45],"damage_taken":[{"damage":2,"enemies":"Cultist","floor":1,"turns":5},{"damage":5,"enemies":"2 Louse","floor":2,"turns":4},{"damage":5,"enemies":"Jaw Worm","floor":3,"turns":4},{"damage":17,"enemies":"2 Fungi Beasts","floor":5,"turns":4},{"damage":10,"enemies":"Gremlin Nob","floor":6,"turns":3},{"damage":8,"enemies":"3 Louse","floor":7,"turns":3},{"damage":39,"enemies":"3 Sentries","floor":8,"turns":6},{"damage":14,"enemies":"Blue Slaver","floor":10,"turns":3},{"damage":3,"enemies":"Lots of Slimes","floor":14,"turns":3},{"damage":35,"enemies":"The Guardian","floor":16,"turns":7},{"damage":22,"enemies":"Spheric Guardian","floor":18,"turns":4},{"damage":20,"enemies":"2 Thieves","floor":19,"turns":4},{"damage":15,"enemies":"Snake Plant","floor":20,"turns":4},{"damage":47,"enemies":"Centurion and Healer","floor":21,"turns":5},{"damage":16,"enemies":"Cultist and Chosen","floor":22,"turns":4},{"damage":25,"enemies":"3 Cultists","floor":24,"turns":4},{"damage":21,"enemies":"Snake Plant","floor":27,"turns":2},{"damage":10,"enemies":"Snecko","floor":29,"turns":3},{"damage":37,"enemies":"Shelled Parasite and Fungi","floor":31,"turns":3},{"damage":72,"enemies":"Champ","floor":33,"turns":8},{"damage":25,"enemies":"Orb Walker","floor":35,"turns":3},{"damage":62,"enemies":"3 Darklings","floor":36,"turns":5},{"damage":23,"enemies":"Maw","floor":41,"turns":5},{"damage":40,"enemies":"Sphere and 2 Shapes","floor":42,"turns":4},{"damage":31,"enemies":"Giant Head","floor":44,"turns":5},{"damage":58,"enemies":"Writhing Mass","floor":45,"turns":2}],"seed_played":"-2535457857676162217","potions_obtained":[{"floor":1,"key":"Energy Potion"},{"floor":2,"key":"BloodPotion"},{"floor":3,"key":"LiquidBronze"},{"floor":14,"key":"LiquidBronze"},{"floor":16,"key":"Dexterity Potion"},{"floor":24,"key":"GamblersBrew"},{"floor":27,"key":"Strength Potion"},{"floor":35,"key":"SpeedPotion"},{"floor":44,"key":"LiquidBronze"}],"is_trial":false,"path_per_floor":["M","?","$","?","?","M","$","?","?","M"],"character_chosen":"IRONCLAD","items_purchased":["Mayhem","Inflame","Clash","Violence","Brimstone"],"campfire_rested":3,"item_purchase_floors":[11,25,25,25,38],"current_hp_per_floor":[80,80,80,78,67,63,61,28,28,32,32,32,25,40,40,23,90,74,60,63,34,36,63,56,56,56,53,80,76,76,57,84,30,90,71,27,27,27,100,100,83,61,61,48,0],"gold":108,"neow_bonus":"ONE_RARE_RELIC","is_prod":false,"is_daily":false,"chose_seed":false,"campfire_upgraded":3,"win_rate":0,"timestamp":1549081049,"path_taken":["M","M","?","?","M","E","M","E","T","M","?","?","?","?","R","BOSS","M","M","M","M","M","R","M","?","T","M","R","M","R","M","R","BOSS","M","M","?","$","?","R","M","?","T","E","M"],"build_version":"2019-01-23","purchased_purges":1,"victory":false,"max_hp_per_floor":[80,80,80,90,90,90,90,90,90,90,90,90,90,90,90,90,90,90,90,90,90,90,90,90,90,90,90,90,90,90,90,90,90,90,90,90,90,90,100,100,100,100,100,100,100],"card_choices":[{"not_picked":["Uppercut","Whirlwind","True Grit"],"picked":"SKIP","floor":1},{"not_picked":["Cleave","Flame Barrier"],"picked":"Perfected Strike","floor":2},{"not_picked":["Body Slam","Sever Soul","Wild Strike"],"picked":"SKIP","floor":3},{"not_picked":["Heavy Blade","Armaments"],"picked":"Twin Strike","floor":5},{"not_picked":["Power Through","Cleave"],"picked":"Anger","floor":6},{"not_picked":["Cleave","Reaper"],"picked":"Iron Wave","floor":7},{"not_picked":["Flex","Dropkick"],"picked":"Pommel Strike","floor":8},{"not_picked":["Flex","Thunderclap"],"picked":"Headbutt","floor":10},{"not_picked":["Body Slam","Uppercut"],"picked":"Iron Wave","floor":14},{"not_picked":["Berserk","Limit Break"],"picked":"Demon Form","floor":16},{"not_picked":["Headbutt","Flex","Thunderclap"],"picked":"SKIP","floor":18},{"not_picked":["Anger","Armaments"],"picked":"Wild Strike","floor":19},{"not_picked":["True Grit+1","Juggernaut"],"picked":"Perfected Strike","floor":20},{"not_picked":["True Grit+1","Sword Boomerang"],"picked":"Heavy Blade+1","floor":21},{"not_picked":["True Grit","Armaments+1"],"picked":"Wild Strike+1","floor":22},{"not_picked":["Dark Embrace","Headbutt","Metallicize"],"picked":"SKIP","floor":24},{"not_picked":["Armaments+1","Thunderclap","Clothesline+1"],"picked":"Heavy Blade+1","floor":27},{"not_picked":["Headbutt","Flex","Anger+1"],"picked":"Wild Strike","floor":29},{"not_picked":["Body Slam","Entrench","Cleave","Sword Boomerang"],"picked":"SKIP","floor":31},{"not_picked":["Offering","Brutality","Fiend Fire"],"picked":"Limit Break","floor":33},{"not_picked":["Body Slam","Sword Boomerang+1","Thunderclap+1","Blood for Blood+1"],"picked":"SKIP","floor":35},{"not_picked":["Combust","Thunderclap","Iron Wave+1"],"picked":"Clash+1","floor":36},{"not_picked":["Shrug It Off+1","Cleave+1","Clothesline+1","Dropkick"],"picked":"SKIP","floor":41},{"not_picked":["Rage","Barricade","Headbutt","Iron Wave"],"picked":"SKIP","floor":42},{"not_picked":["Hemokinesis","Thunderclap+1","Battle Trance+1"],"picked":"Twin Strike","floor":44}],"player_experience":143336,"relics_obtained":[{"floor":6,"key":"Shuriken"},{"floor":8,"key":"Old Coin"},{"floor":9,"key":"Meat on the Bone"},{"floor":26,"key":"Question Card"},{"floor":44,"key":"Molten Egg 2"},{"floor":44,"key":"Bottled Flame"}],"event_choices":[{"damage_healed":0,"gold_gain":0,"player_choice":"Success","damage_taken":12,"relics_obtained":["Pear"],"max_hp_gain":0,"max_hp_loss":0,"event_name":"Scrap Ooze","floor":4,"gold_loss":0},{"damage_healed":0,"gold_gain":0,"player_choice":"Grow","damage_taken":0,"max_hp_gain":0,"max_hp_loss":0,"event_name":"Living Wall","floor":12,"gold_loss":0,"cards_upgraded":["Mayhem"]},{"cards_removed":["Defend_R"],"damage_healed":0,"gold_gain":0,"player_choice":"Card Removal","damage_taken":7,"max_hp_gain":0,"max_hp_loss":0,"event_name":"Golden Wing","floor":13,"gold_loss":0},{"damage_healed":0,"gold_gain":0,"player_choice":"Ignored","damage_taken":0,"max_hp_gain":0,"max_hp_loss":0,"event_name":"Tomb of Lord Red Mask","floor":37,"gold_loss":0},{"cards_removed":["Violence"],"damage_healed":63,"gold_gain":0,"player_choice":"Offered Rare","damage_taken":0,"max_hp_gain":10,"max_hp_loss":0,"event_name":"Bonfire Elementals","floor":39,"gold_loss":0}],"is_beta":false,"boss_relics":[{"not_picked":["White Beast Statue","Ectoplasm"],"picked":"Black Star"},{"not_picked":["Eternal Feather","Coffee Dripper"],"picked":"Astrolabe"}],"items_purged_floors":[11],"is_endless":false,"potions_floor_spawned":[1,2,3,10,14,16,20,24,27,29,35,44],"killed_by":"Writhing Mass","ascension_level":1}