{"path_per_floor":["M","?","?","$","M","E","R","M","T","M","R","$","E","?","R","B",null,"M","M","M","?","M","R"],"character_chosen":"THE_SILENT","items_purchased":["Finesse","Infinite Blades","Mummified Hand"],"gold_per_floor":[144,144,144,53,98,188,188,233,308,353,353,24,114,114,114,414,414,459,504,549,549,594,594],"floor_reached":24,"campfire_rested":4,"playtime":939,"current_hp_per_floor":[69,69,69,69,69,54,70,70,70,70,70,70,70,70,70,31,70,35,24,18,18,3,34],"items_purged":[],"gold":594,"score":231,"play_id":"f5626562-96da-4fe9-b1a9-3067034de27b","local_time":"20180319223854","daily_mods":["Allstar","Midas","Lethality"],"is_prod":false,"is_daily":true,"is_ascension_mode":false,"campfire_upgraded":0,"timestamp":1521513534,"path_taken":["M","?","?","$","M","E","R","?","T","M","R","?","E","?","R","BOSS","M","M","M","?","M","R","E"],"build_version":"2018-03-16","purchased_purges":0,"victory":false,"master_deck":["Defend_G","Defend_G","Defend_G","Defend_G","Defend_G","Strike_G","Strike_G","Strike_G","Strike_G","Survivor","Neutralize","Mind Blast","Sadistic Nature","Riddle With Holes+1","Finesse","Dagger Spray","Accuracy+1","Flying Knee","Caltrops+1","Infinite Blades+1","Dagger Spray","Tools of the Trade+1","Quick Slash","Cloak And Dagger","Phantasmal Killer","Writhe","Setup"],"max_hp_per_floor":[70,70,70,70,70,70,70,70,70,70,70,70,70,70,70,70,70,70,70,70,70,70,70],"relics":["Ring of the Snake","Frozen Egg 2","Pantograph","Mummified Hand","Paper Crane","Eternal Feather","Letter Opener"],"card_choices":[{"not_picked":["Acrobatics","Poisoned Stab"],"picked":"Riddle With Holes"},{"not_picked":["Dagger Throw","Underhanded Strike"],"picked":"Dagger Spray"},{"not_picked":["Sucker Punch","Dagger Throw"],"picked":"Accuracy"},{"not_picked":["Eviscerate","Bane"],"picked":"Flying Knee"},{"not_picked":["PiercingWail","Endless Agony"],"picked":"Caltrops"},{"not_picked":["Crippling Poison","Masterful Stab"],"picked":"Dagger Spray"},{"not_picked":["Wraith Form","Die Die Die"],"picked":"Tools of the Trade"},{"not_picked":["Bane","Deadly Poison"],"picked":"Quick Slash"},{"not_picked":["Flying Knee","Malaise"],"picked":"Cloak And Dagger"},{"not_picked":["Bane","Sucker Punch"],"picked":"Phantasmal Killer"},{"not_picked":["Reflex","All Out Attack"],"picked":"Setup"}],"player_experience":73416,"potions_floor_usage":[6,16,19,20,24],"damage_taken":[{"damage":1,"enemies":"2 Louse","floor":1,"turns":2},{"damage":0,"enemies":"Small Slimes","floor":5,"turns":3},{"damage":15,"enemies":"Lagavulin","floor":6,"turns":4},{"damage":0,"enemies":"Cultist","floor":8,"turns":2},{"damage":0,"enemies":"3 Louse","floor":10,"turns":1},{"damage":0,"enemies":"Gremlin Nob","floor":13,"turns":2},{"damage":39,"enemies":"The Guardian","floor":16,"turns":8},{"damage":35,"enemies":"3 Byrds","floor":18,"turns":2},{"damage":11,"enemies":"2 Thieves","floor":19,"turns":3},{"damage":6,"enemies":"Centurion and Healer","floor":20,"turns":3},{"damage":15,"enemies":"Cultist and Chosen","floor":22,"turns":3},{"damage":34,"enemies":"Gremlin Leader","floor":24,"turns":3}],"event_choices":[{"event_name":"Living Wall","player_choice":"Grow","floor":2,"damage_taken":0},{"event_name":"Bonfire Elementals","player_choice":"BASIC","floor":3,"damage_taken":0},{"event_name":"The Lab","player_choice":"Got Potions","floor":14,"damage_taken":0},{"event_name":"The Mausoleum","player_choice":"Yes","floor":21,"damage_taken":0}],"boss_relics":[{"not_picked":["The Specimen","Runic Pyramid"],"picked":"Eternal Feather"}],"potions_floor_spawned":[5,13,16,18],"seed_played":"-7629097336603244972","killed_by":"Gremlin Leader","ascension_level":0,"is_trial":false}