{"gold_per_floor":[116,130,80,80,80,80,58,58,58,71,84,84,12,12,12,141,141,156,170,170,170,170],"floor_reached":22,"playtime":1286,"items_purged":[],"score":172,"play_id":"8222777d-baf0-4439-91ae-ab5029eb802a","local_time":"20181024185513","is_ascension_mode":false,"campfire_choices":[{"data":"White Noise","floor":6,"key":"SMITH"},{"data":"Redo","floor":8,"key":"SMITH"},{"data":"Defragment","floor":15,"key":"SMITH"}],"neow_cost":"NONE","seed_source_timestamp":1213315347066572,"circlet_count":0,"master_deck":["Strike_B+1","Strike_B+1","Defend_B+1","Defend_B+1","Defend_B+1","Defend_B+1","Zap","Dualcast","Redo+1","Sweeping Beam","Injury","White Noise+1","Steam","Conserve Battery","Genetic Algorithm","Defragment+1","Echo Form","Melter","Redo"],"relics":["Cracked Core","NeowsBlessing","Golden Idol","Peace Pipe","Black Star"],"potions_floor_usage":[],"damage_taken":[{"damage":0,"enemies":"2 Louse","floor":1,"turns":1},{"damage":0,"enemies":"Cultist","floor":2,"turns":1},{"damage":0,"enemies":"Small Slimes","floor":10,"turns":1},{"damage":7,"enemies":"Exordium Wildlife","floor":11,"turns":3},{"damage":21,"enemies":"Slime Boss","floor":16,"turns":9},{"damage":16,"enemies":"Spheric Guardian","floor":18,"turns":6},{"damage":23,"enemies":"Shell Parasite","floor":19,"turns":8},{"damage":37,"enemies":"Cultist and Chosen","floor":22,"turns":6}],"seed_played":"-4221236797265516678","potions_obtained":[{"floor":2,"key":"GamblersBrew"},{"floor":11,"key":"SteroidPotion"},{"floor":16,"key":"Weak Potion"},{"floor":19,"key":"Block Potion"}],"is_trial":false,"path_per_floor":["M","M","?","?","?","R","$","R","T","M","M","?","$","?","R","B",null,"M","M","?","?"],"character_chosen":"DEFECT","items_purchased":["Steam","Defragment"],"campfire_rested":0,"item_purchase_floors":[7,13],"current_hp_per_floor":[75,75,75,75,75,75,75,75,75,75,68,68,68,68,68,47,75,59,36,36,36,0],"gold":170,"neow_bonus":"THREE_ENEMY_KILL","is_prod":false,"is_daily":false,"chose_seed":false,"campfire_upgraded":3,"win_rate":0,"timestamp":1540428913,"path_taken":["M","M","?","?","?","R","$","R","T","M","?","?","$","?","R","BOSS","M","M","?","?","?"],"build_version":"2018-10-18","purchased_purges":0,"victory":false,"max_hp_per_floor":[75,75,75,75,75,75,75,75,75,75,75,75,75,75,75,75,75,75,75,75,75,75],"card_choices":[{"not_picked":["Go for the Eyes","Streamline"],"picked":"Redo","floor":1},{"not_picked":["Coolheaded","Force Field"],"picked":"Sweeping Beam","floor":2},{"not_picked":["Gash","Rebound"],"picked":"Conserve Battery","floor":10},{"not_picked":["Recycle","Chill"],"picked":"Genetic Algorithm","floor":11},{"not_picked":["Creative AI","Hyperbeam"],"picked":"Echo Form","floor":16},{"not_picked":["Steam Power+1","Recycle"],"picked":"Melter","floor":18},{"not_picked":["Blizzard","Recycle+1"],"picked":"Redo","floor":19}],"player_experience":803416,"relics_obtained":[{"floor":9,"key":"Peace Pipe"}],"event_choices":[{"cards_removed":["Strike_B"],"damage_healed":0,"gold_gain":0,"player_choice":"Card Removal","damage_taken":0,"max_hp_gain":0,"max_hp_loss":0,"event_name":"The Cleric","floor":3,"gold_loss":50},{"damage_healed":0,"gold_gain":0,"player_choice":"Take Wound","damage_taken":0,"relics_obtained":["Golden Idol"],"max_hp_gain":0,"max_hp_loss":0,"event_name":"Golden Idol","floor":4,"gold_loss":0,"cards_obtained":["Injury"]},{"damage_healed":0,"gold_gain":0,"cards_transformed":["Strike_B"],"player_choice":"Transformed","damage_taken":0,"max_hp_gain":0,"max_hp_loss":0,"event_name":"Transmorgrifier","floor":5,"gold_loss":0,"cards_obtained":["White Noise"]},{"damage_healed":0,"gold_gain":0,"player_choice":"Ignored","damage_taken":0,"max_hp_gain":0,"max_hp_loss":0,"event_name":"Golden Wing","floor":12,"gold_loss":0},{"damage_healed":0,"gold_gain":0,"player_choice":"Ignored","damage_taken":0,"max_hp_gain":0,"max_hp_loss":0,"event_name":"Liars Game","floor":14,"gold_loss":0},{"damage_healed":0,"gold_gain":0,"player_choice":"Simplicity","damage_taken":0,"max_hp_gain":0,"max_hp_loss":0,"event_name":"Back to Basics","floor":20,"gold_loss":0,"cards_upgraded":["Strike_B","Strike_B","Defend_B","Defend_B","Defend_B","Defend_B"]},{"damage_healed":0,"gold_gain":0,"player_choice":"Ignored","damage_taken":0,"max_hp_gain":0,"max_hp_loss":0,"event_name":"Ghosts","floor":21,"gold_loss":0}],"is_beta":false,"boss_relics":[{"not_picked":["Sozu","Snecko Eye"],"picked":"Black Star"}],"items_purged_floors":[],"is_endless":false,"potions_floor_spawned":[2,11,16,19],"killed_by":"Cultist and Chosen","ascension_level":0}