{"gold_per_floor":[15,15,26,26,45,45,71,83,83,83,94,94,94,94,94,171,171,187,203,203,203,53,82,82,82,82,116,516,547,558,568,568,568],"floor_reached":33,"playtime":1125,"items_purged":["Defend_G"],"score":500,"play_id":"a2330ef5-7f4a-45a4-bd48-eece104c4819","local_time":"20181018000506","is_ascension_mode":true,"campfire_choices":[{"data":"Neutralize","floor":6,"key":"SMITH"},{"data":"Malaise","floor":13,"key":"SMITH"},{"data":"Cloak And Dagger","floor":15,"key":"SMITH"},{"data":"Flechettes","floor":25,"key":"SMITH"},{"data":"Well Laid Plans","floor":32,"key":"SMITH"}],"neow_cost":"NO_GOLD","seed_source_timestamp":35405568005204,"circlet_count":0,"master_deck":["Defend_G","Defend_G","Defend_G","Defend_G","Strike_G","Strike_G","Strike_G","Strike_G","Survivor","Neutralize+1","AscendersBane","Glass Knife+1","Backstab+1","Acrobatics","Escape Plan","Cloak And Dagger+1","Malaise+1","Quick Slash+1","Finisher","Well Laid Plans+1","Flechettes+1","Endless Agony+1","Cloak And Dagger","Deflect+1","Terror","Backstab+1"],"relics":["Ring of the Snake","Matryoshka","The Courier","Strawberry","Ninja Scroll","Shuriken","Meat on the Bone","Sozu","Bottled Flame","Snake Skull","Darkstone Periapt","Old Coin","Molten Egg 2","Omamori"],"potions_floor_usage":[7,23,28],"damage_taken":[{"damage":0,"enemies":"Small Slimes","floor":1,"turns":3},{"damage":0,"enemies":"2 Louse","floor":3,"turns":1},{"damage":3,"enemies":"Cultist","floor":5,"turns":2},{"damage":17,"enemies":"3 Sentries","floor":7,"turns":8},{"damage":3,"enemies":"Blue Slaver","floor":8,"turns":3},{"damage":0,"enemies":"Exordium Wildlife","floor":11,"turns":3},{"damage":1,"enemies":"Hexaghost","floor":16,"turns":11},{"damage":0,"enemies":"3 Byrds","floor":18,"turns":4},{"damage":1,"enemies":"Chosen","floor":19,"turns":2},{"damage":6,"enemies":"Gremlin Leader","floor":23,"turns":2},{"damage":6,"enemies":"Book of Stabbing","floor":27,"turns":6},{"damage":3,"enemies":"Colosseum Slavers","floor":28,"turns":4},{"damage":0,"enemies":"Colosseum Nobs","floor":28,"turns":3},{"damage":28,"enemies":"Gremlin Leader","floor":29,"turns":3},{"damage":7,"enemies":"Snake Plant","floor":30,"turns":5},{"damage":6,"enemies":"Centurion and Healer","floor":31,"turns":3},{"damage":68,"enemies":"Champ","floor":33,"turns":6}],"seed_played":"918997702889128945","potions_obtained":[{"floor":5,"key":"Energy Potion"},{"floor":11,"key":"SkillPotion"},{"floor":16,"key":"Energy Potion"}],"is_trial":false,"path_per_floor":["M","?","M","?","M","R","E","M","T","?","M","T","R","?","R","B",null,"M","M","?","?","$","E","?","R","T","E","?","E","M","M","R"],"character_chosen":"THE_SILENT","items_purchased":["Finisher","Well Laid Plans"],"campfire_rested":0,"item_purchase_floors":[22,22],"current_hp_per_floor":[63,63,63,63,60,60,43,40,47,47,47,47,47,47,47,46,69,69,68,68,68,68,62,62,62,62,56,53,37,42,48,48,0],"gold":568,"neow_bonus":"THREE_RARE_CARDS","is_prod":false,"is_daily":false,"chose_seed":false,"campfire_upgraded":5,"win_rate":0,"timestamp":1539835506,"path_taken":["M","?","?","?","?","R","E","M","T","?","M","?","R","?","R","BOSS","M","M","?","?","$","E","?","R","T","E","?","E","M","?","R","BOSS"],"build_version":"2018-10-17v2","purchased_purges":1,"victory":false,"max_hp_per_floor":[70,70,70,70,70,70,70,70,77,77,77,77,77,77,77,77,77,77,77,77,77,77,77,77,77,77,77,77,77,77,77,77,77],"card_choices":[{"not_picked":["Tools of the Trade","Burst"],"picked":"Glass Knife","floor":0},{"not_picked":["Prepared","Poisoned Stab"],"picked":"Backstab","floor":1},{"not_picked":["Deadly Poison","Dagger Throw","Sucker Punch"],"picked":"SKIP","floor":3},{"not_picked":["Quick Slash","Blade Dance"],"picked":"Acrobatics","floor":5},{"not_picked":["Dagger Throw","Infinite Blades"],"picked":"Escape Plan","floor":7},{"not_picked":["Prepared","Sucker Punch"],"picked":"Cloak And Dagger","floor":8},{"not_picked":["Endless Agony","Bouncing Flask"],"picked":"Malaise","floor":11},{"not_picked":["Doppelganger","Tools of the Trade"],"picked":"Venomology","floor":16},{"not_picked":["Dash","All Out Attack"],"picked":"Quick Slash+1","floor":18},{"not_picked":["Dagger Throw","Slice","Deadly Poison"],"picked":"SKIP","floor":19},{"not_picked":["Expertise","Phantasmal Killer"],"picked":"Flechettes","floor":23},{"not_picked":["Dagger Throw+1","Quick Slash"],"picked":"Endless Agony+1","floor":27},{"not_picked":["Blade Dance","Prepared"],"picked":"Cloak And Dagger","floor":28},{"not_picked":["Dagger Throw+1","Flying Knee+1"],"picked":"Deflect+1","floor":29},{"not_picked":["Cloak And Dagger","Dodge and Roll"],"picked":"Terror","floor":30},{"not_picked":["Dagger Spray+1","Bane+1"],"picked":"Backstab+1","floor":31}],"player_experience":364697,"relics_obtained":[{"floor":7,"key":"The Courier"},{"floor":9,"key":"Strawberry"},{"floor":9,"key":"Ninja Scroll"},{"floor":12,"key":"Shuriken"},{"floor":12,"key":"Meat on the Bone"},{"floor":23,"key":"Bottled Flame"},{"floor":26,"key":"Snake Skull"},{"floor":27,"key":"Darkstone Periapt"},{"floor":28,"key":"Old Coin"},{"floor":28,"key":"Molten Egg 2"},{"floor":29,"key":"Omamori"}],"event_choices":[{"damage_healed":0,"gold_gain":0,"player_choice":"Grow","damage_taken":0,"max_hp_gain":0,"max_hp_loss":0,"event_name":"Living Wall","floor":2,"gold_loss":0,"cards_upgraded":["Glass Knife"]},{"damage_healed":0,"gold_gain":0,"player_choice":"Box","damage_taken":0,"relics_obtained":["Matryoshka"],"max_hp_gain":0,"max_hp_loss":0,"event_name":"Big Fish","floor":4,"gold_loss":0,"cards_obtained":["Regret"]},{"cards_removed":["Regret"],"damage_healed":0,"gold_gain":0,"player_choice":"Removed Curses","damage_taken":0,"max_hp_gain":0,"max_hp_loss":0,"event_name":"Fountain of Cleansing","floor":10,"gold_loss":0},{"cards_removed":["Strike_G"],"damage_healed":0,"gold_gain":0,"player_choice":"Purged","damage_taken":0,"max_hp_gain":0,"max_hp_loss":0,"event_name":"Purifier","floor":14,"gold_loss":0},{"cards_removed":["Venomology"],"damage_healed":0,"gold_gain":0,"player_choice":"Elegance","damage_taken":0,"max_hp_gain":0,"max_hp_loss":0,"event_name":"Back to Basics","floor":20,"gold_loss":0},{"damage_healed":0,"gold_gain":0,"player_choice":"Forge","damage_taken":0,"max_hp_gain":0,"max_hp_loss":0,"event_name":"Accursed Blacksmith","floor":21,"gold_loss":0,"cards_upgraded":["Backstab"]},{"damage_healed":0,"gold_gain":0,"player_choice":"Ignored","damage_taken":0,"max_hp_gain":0,"max_hp_loss":0,"event_name":"Ghosts","floor":24,"gold_loss":0},{"damage_healed":0,"gold_gain":0,"player_choice":"Fight","damage_taken":0,"max_hp_gain":0,"max_hp_loss":0,"event_name":"Colosseum","floor":28,"gold_loss":0},{"damage_healed":0,"gold_gain":0,"player_choice":"Fought Nobs","damage_taken":0,"max_hp_gain":0,"max_hp_loss":0,"event_name":"Colosseum","floor":28,"gold_loss":0}],"is_beta":true,"boss_relics":[{"not_picked":["Tiny House","Cursed Key"],"picked":"Sozu"}],"items_purged_floors":[22],"is_endless":false,"potions_floor_spawned":[5,11,16,18,28,28,31],"killed_by":"Champ","ascension_level":13}