{"gold_per_floor":[213,213,229,404,33,65,65,30,30,58,58,83,97,110,110,187,187,202,202,1,19,19,19,45,59,109,124,138,150,179,193,193,265,265,277,289,113,125,9,9,19,19,19,70,85,85,102,102,102,102,102,102,3,3],"floor_reached":54,"playtime":3333,"items_purged":["Doubt","Scrape","Scrape+1"],"score":1213,"play_id":"6b53b88f-454a-4cb5-b2cd-33cae0ba062a","local_time":"20190407114929","is_ascension_mode":true,"campfire_choices":[{"floor":7,"key":"REST"},{"data":"Defragment","floor":11,"key":"SMITH"},{"data":"Loop","floor":15,"key":"SMITH"},{"floor":23,"key":"RECALL"},{"floor":32,"key":"REST"},{"floor":40,"key":"REST"},{"floor":42,"key":"REST"},{"floor":49,"key":"REST"},{"floor":52,"key":"REST"}],"neow_cost":"NONE","seed_source_timestamp":1942747862582490,"circlet_count":0,"master_deck":["AscendersBane","Defend_B","Defend_B","Defend_B","Defend_B","Dualcast","Compile Driver","Go for the Eyes","Loop+1","FTL","Loop","Defragment+1","Glacier","Cold Snap","Echo Form","Bite","Bite","Bite","Bite","Bite","Compile Driver+1","Loop","Biased Cognition","Seek","White Noise","Echo Form","Capacitor+1","Capacitor"],"relics":["Cracked Core","Membership Card","Kunai","Mummified Hand","Bottled Lightning","Shuriken","Fusion Hammer","Symbiotic Virus","Ancient Tea Set","PreservedInsect","Mercury Hourglass","Bronze Scales","Empty Cage","Singing Bowl","DataDisk","Molten Egg 2","Gambling Chip","Letter Opener"],"potions_floor_usage":[10,12,30,54],"damage_taken":[{"damage":17,"enemies":"2 Louse","floor":1,"turns":3},{"damage":2,"enemies":"Jaw Worm","floor":3,"turns":4},{"damage":36,"enemies":"3 Sentries","floor":6,"turns":7},{"damage":9,"enemies":"Lagavulin","floor":10,"turns":8},{"damage":22,"enemies":"3 Sentries","floor":12,"turns":6},{"damage":0,"enemies":"Cultist","floor":13,"turns":2},{"damage":0,"enemies":"Blue Slaver","floor":14,"turns":3},{"damage":2,"enemies":"Hexaghost","floor":16,"turns":7},{"damage":9,"enemies":"3 Byrds","floor":18,"turns":4},{"damage":0,"enemies":"Spheric Guardian","floor":21,"turns":3},{"damage":10,"enemies":"Gremlin Leader","floor":24,"turns":6},{"damage":11,"enemies":"3 Cultists","floor":25,"turns":4},{"damage":0,"enemies":"Snake Plant","floor":27,"turns":4},{"damage":10,"enemies":"Cultist and Chosen","floor":28,"turns":3},{"damage":14,"enemies":"Snecko","floor":29,"turns":4},{"damage":24,"enemies":"Slavers","floor":30,"turns":4},{"damage":17,"enemies":"Centurion and Healer","floor":31,"turns":5},{"damage":22,"enemies":"Collector","floor":33,"turns":10},{"damage":2,"enemies":"3 Shapes","floor":35,"turns":4},{"damage":23,"enemies":"3 Darklings","floor":36,"turns":7},{"damage":11,"enemies":"Spire Growth","floor":38,"turns":4},{"damage":54,"enemies":"Writhing Mass","floor":41,"turns":8},{"damage":6,"enemies":"2 Orb Walkers","floor":44,"turns":5},{"damage":5,"enemies":"Sphere and 2 Shapes","floor":45,"turns":5},{"damage":37,"enemies":"Spire Growth","floor":47,"turns":4},{"damage":42,"enemies":"Donu and Deca","floor":50,"turns":7},{"damage":56,"enemies":"Shield and Spear","floor":54,"turns":3}],"seed_played":"-5705581122403453832","potions_obtained":[{"floor":1,"key":"Strength Potion"},{"floor":6,"key":"Regen Potion"},{"floor":14,"key":"Explosive Potion"},{"floor":18,"key":"Block Potion"},{"floor":27,"key":"Regen Potion"},{"floor":28,"key":"Dexterity Potion"},{"floor":29,"key":"Fire Potion"},{"floor":33,"key":"Dexterity Potion"},{"floor":38,"key":"Fire Potion"}],"is_trial":false,"path_per_floor":["?","?","?","?","?","M","?","T","?"],"character_chosen":"DEFECT","items_purchased":["Membership Card","Loop","Rainbow","FTL","Symbiotic Virus","Ancient Tea Set","Singing Bowl","DataDisk","FocusPotion","Capacitor"],"campfire_rested":6,"item_purchase_floors":[5,5,5,5,20,20,37,39,39,53],"current_hp_per_floor":[47,40,38,38,38,2,23,40,40,46,46,24,24,24,24,22,59,50,49,49,49,49,49,49,43,43,49,45,37,23,24,38,49,49,49,44,44,47,47,51,21,36,36,44,47,47,22,22,37,25,44,50,50,0],"gold":3,"neow_bonus":"HUNDRED_GOLD","is_prod":false,"is_daily":false,"chose_seed":false,"campfire_upgraded":2,"win_rate":0,"timestamp":1554652169,"path_taken":["M","?","M","?","$","E","R","?","T","E","R","E","M","M","R","BOSS","M","?","$","M","?","R","E","M","T","?","M","M","E","M","R","BOSS","M","M","$","M","$","R","M","R","T","?","M","?","M","?","R","BOSS","R","$","E"],"build_version":"2019-01-23","purchased_purges":3,"victory":false,"max_hp_per_floor":[71,71,71,71,71,71,71,71,71,71,71,71,71,71,71,71,71,71,49,49,49,49,49,49,49,49,49,49,49,49,49,49,49,49,49,49,49,51,51,51,53,53,53,53,53,53,53,50,50,50,50,50,50,50],"card_choices":[{"not_picked":["Chill","Lockon"],"picked":"Compile Driver","floor":1},{"not_picked":["Barrage","Streamline"],"picked":"Go for the Eyes","floor":3},{"not_picked":["Coolheaded","Compile Driver"],"picked":"Loop","floor":6},{"not_picked":["Recycle","Thunder Strike"],"picked":"Defragment","floor":10},{"not_picked":["Hello World","Melter"],"picked":"Glacier","floor":12},{"not_picked":["Rebound","Chill"],"picked":"Cold Snap","floor":13},{"not_picked":["Hologram","Streamline","Stack"],"picked":"SKIP","floor":14},{"not_picked":["Meteor Strike","Seek"],"picked":"Echo Form","floor":16},{"not_picked":["Beam Cell","Redo"],"picked":"Scrape","floor":18},{"not_picked":["Rebound","Barrage","Leap"],"picked":"SKIP","floor":21},{"not_picked":["Darkness","Barrage","Reprogram"],"picked":"SKIP","floor":24},{"not_picked":["Cold Snap","Stack"],"picked":"Compile Driver+1","floor":25},{"not_picked":["Static Discharge+1","Tempest"],"picked":"Loop","floor":27},{"not_picked":["Conserve Battery","Lockon","Multi-Cast"],"picked":"SKIP","floor":28},{"not_picked":["Cold Snap","Steam Power","Beam Cell"],"picked":"SKIP","floor":29},{"not_picked":["Ball Lightning","Sweeping Beam","Compile Driver"],"picked":"SKIP","floor":30},{"not_picked":["Beam Cell+1","Sweeping Beam"],"picked":"Biased Cognition","floor":31},{"not_picked":["Rainbow","Electrodynamics"],"picked":"Seek","floor":33},{"not_picked":["Leap","Barrage"],"picked":"Scrape+1","floor":35},{"not_picked":["Sweeping Beam+1","Ball Lightning","Stack"],"picked":"SKIP","floor":36},{"not_picked":["Reprogram","Storm","Sweeping Beam"],"picked":"Singing Bowl","floor":38},{"not_picked":["Cold Snap","Sweeping Beam+1","Chill"],"picked":"Singing Bowl","floor":41},{"not_picked":["Cold Snap+1","Melter+1"],"picked":"White Noise","floor":44},{"not_picked":["Auto Shields+1","Compile Driver+1"],"picked":"Echo Form","floor":45},{"not_picked":["Redo","Doom and Gloom+1"],"picked":"Capacitor+1","floor":47}],"player_experience":1581949,"relics_obtained":[{"floor":6,"key":"Kunai"},{"floor":9,"key":"Mummified Hand"},{"floor":10,"key":"Bottled Lightning"},{"floor":12,"key":"Shuriken"},{"floor":24,"key":"Mercury Hourglass"},{"floor":30,"key":"Bronze Scales"},{"floor":43,"key":"Molten Egg 2"},{"floor":44,"key":"Gambling Chip"},{"floor":46,"key":"Letter Opener"}],"event_choices":[{"cards_removed":["Strike_B"],"damage_healed":0,"gold_gain":0,"player_choice":"Card Removal","damage_taken":7,"max_hp_gain":0,"max_hp_loss":0,"event_name":"Golden Wing","floor":2,"gold_loss":0},{"damage_healed":0,"gold_gain":175,"player_choice":"AGREE","damage_taken":0,"max_hp_gain":0,"max_hp_loss":0,"event_name":"Liars Game","floor":4,"gold_loss":0,"cards_obtained":["Doubt"]},{"damage_healed":17,"gold_gain":0,"player_choice":"Healed","damage_taken":0,"max_hp_gain":0,"max_hp_loss":0,"event_name":"The Cleric","floor":8,"gold_loss":35},{"damage_healed":0,"gold_gain":0,"player_choice":"Became a vampire","damage_taken":0,"max_hp_gain":0,"max_hp_loss":22,"event_name":"Vampires","floor":19,"gold_loss":0,"cards_obtained":["Bite","Bite","Bite","Bite","Bite"]},{"damage_healed":0,"gold_gain":0,"player_choice":"Gave Potion","damage_taken":0,"relics_obtained":["PreservedInsect"],"max_hp_gain":0,"max_hp_loss":0,"event_name":"WeMeetAgain","floor":22,"gold_loss":0},{"damage_healed":0,"gold_gain":0,"player_choice":"Fight","damage_taken":0,"max_hp_gain":0,"max_hp_loss":0,"event_name":"Mysterious Sphere","floor":44,"gold_loss":0},{"damage_healed":0,"gold_gain":0,"player_choice":"Max HP","damage_taken":0,"max_hp_gain":0,"max_hp_loss":3,"event_name":"Winding Halls","floor":48,"gold_loss":0}],"is_beta":false,"boss_relics":[{"not_picked":["Tiny House","Lizard Tail"],"picked":"Fusion Hammer"},{"not_picked":["White Beast Statue","Eternal Feather"],"picked":"Empty Cage"}],"items_purged_floors":[5,37,53],"is_endless":false,"potions_floor_spawned":[1,6,14,18,27,28,29,33,35,38,41,45],"killed_by":"Shield and Spear","ascension_level":14}