{"gold_per_floor":[114,114,114,133,113,113,190,228,253,272,291,310,348,367,367,492,492,511,511,526,526,45,75,90,105,130,145,145,160,175,190,190,290,290,305,305,320,320,320,320,335,350,400,430,4,4,34,49,49,49],"floor_reached":50,"playtime":2934,"items_purged":[],"score":963,"play_id":"fa88e59b-b891-4233-ab98-524b3c3488d6","local_time":"20180913123011","daily_mods":["Insanity","Terminal","Hoarder"],"is_ascension_mode":false,"campfire_choices":[{"data":"Aggregate","floor":6,"key":"SMITH"},{"data":"Buffer","floor":15,"key":"SMITH"},{"data":"Rainbow","floor":32,"key":"SMITH"},{"data":"Darkness","floor":40,"key":"SMITH"},{"data":"Aggregate","floor":46,"key":"SMITH"},{"data":"Force Field","floor":49,"key":"SMITH"}],"neow_cost":"","seed_source_timestamp":0,"circlet_count":0,"master_deck":["Glacier","Defragment","BootSequence","All For One","Recycle","Chill","FTL","Go for the Eyes","Seek","Barrage","Zap+1","Rainbow+1","Defend_B","Multi-Cast","Hologram+1","Auto Shields","Static Discharge","Gash+1","Compile Driver","Genetic Algorithm","Electrodynamics","Consume","Hyperbeam","Sunder","Seek","Streamline","Static Discharge","Scrape+1","FTL","Seek","Genetic Algorithm","Amplify","Auto Shields","Heatsinks","Dualcast","Aggregate+1","Compile Driver","Sunder","Cold Snap","Rip and Tear","Cold Snap","Compile Driver","Stack","Static Discharge","Chaos","All For One","Meteor Strike","Stack","Reprogram","Steam","Steam","Steam","Injury","Injury","Injury","Turbo","Turbo","Turbo","Ball Lightning","Ball Lightning","Ball Lightning","Redo","Redo","Redo","Ball Lightning","Ball Lightning","Ball Lightning","Buffer+1","Buffer","Buffer","Hologram","Hologram","Hologram","Turbo","Turbo","Turbo","Biased Cognition+1","Biased Cognition+1","Biased Cognition+1","Defragment+1","Defragment+1","Defragment+1","Barrage+1","Barrage+1","Barrage+1","Force Field+1","Force Field","Force Field","Heatsinks+1","Heatsinks+1","Heatsinks+1","Beam Cell","Beam Cell","Beam Cell","Glacier","Glacier","Glacier","Electrodynamics+1","Electrodynamics+1","Electrodynamics+1","Aggregate+1","Aggregate","Aggregate","Electrodynamics+1","Electrodynamics+1","Electrodynamics+1","Panacea","Panacea","Panacea","Darkness","Darkness","Darkness+1","Loop+1","Loop+1","Loop+1","Mayhem+1","Mayhem+1","Mayhem+1","Creative AI+1","Creative AI+1","Creative AI+1","Redo+1","Redo+1","Redo+1"],"special_seed":17787,"relics":["Cracked Core","Bloody Idol","PreservedInsect","Whetstone","Frozen Egg 2","Inserter","Red Mask","Singing Bowl","Mummified Hand","Juzu Bracelet","Coffee Dripper","FossilizedHelix","Potion Belt","Lantern","War Paint","Sundial"],"potions_floor_usage":[8,8,12,13,21,21,23,24,29,33,37,37,42,44,44,47],"damage_taken":[{"damage":0,"enemies":"Small Slimes","floor":1,"turns":1},{"damage":0,"enemies":"Jaw Worm","floor":4,"turns":3},{"damage":0,"enemies":"3 Sentries","floor":8,"turns":6},{"damage":0,"enemies":"Cultist","floor":10,"turns":2},{"damage":0,"enemies":"2 Fungi Beasts","floor":11,"turns":1},{"damage":0,"enemies":"Exordium Wildlife","floor":12,"turns":4},{"damage":13,"enemies":"Lagavulin","floor":13,"turns":3},{"damage":0,"enemies":"Gremlin Gang","floor":14,"turns":3},{"damage":4,"enemies":"The Guardian","floor":16,"turns":11},{"damage":0,"enemies":"Spheric Guardian","floor":18,"turns":3},{"damage":8,"enemies":"Shell Parasite","floor":20,"turns":4},{"damage":16,"enemies":"Masked Bandits","floor":21,"turns":4},{"damage":19,"enemies":"Gremlin Leader","floor":23,"turns":3},{"damage":0,"enemies":"Snake Plant","floor":24,"turns":2},{"damage":0,"enemies":"Snecko","floor":25,"turns":4},{"damage":0,"enemies":"3 Cultists","floor":27,"turns":3},{"damage":0,"enemies":"Chosen and Byrds","floor":29,"turns":4},{"damage":0,"enemies":"Cultist and Chosen","floor":30,"turns":4},{"damage":5,"enemies":"Shelled Parasite and Fungi","floor":31,"turns":3},{"damage":0,"enemies":"Champ","floor":33,"turns":9},{"damage":0,"enemies":"3 Shapes","floor":35,"turns":4},{"damage":33,"enemies":"3 Darklings","floor":37,"turns":5},{"damage":0,"enemies":"Mind Bloom Boss Battle","floor":38,"turns":5},{"damage":0,"enemies":"Maw","floor":41,"turns":6},{"damage":0,"enemies":"Reptomancer","floor":42,"turns":5},{"damage":0,"enemies":"Nemesis","floor":44,"turns":5},{"damage":0,"enemies":"Giant Head","floor":47,"turns":7},{"damage":0,"enemies":"Sphere and 2 Shapes","floor":48,"turns":4},{"damage":51,"enemies":"Awakened One","floor":50,"turns":3}],"seed_played":"-5730593417143265092","potions_obtained":[{"floor":1,"key":"Strength Potion"},{"floor":4,"key":"Fire Potion"},{"floor":5,"key":"SkillPotion"},{"floor":10,"key":"GamblersBrew"},{"floor":11,"key":"PowerPotion"},{"floor":16,"key":"Weak Potion"},{"floor":23,"key":"PowerPotion"},{"floor":25,"key":"SpeedPotion"},{"floor":28,"key":"LiquidBronze"},{"floor":28,"key":"SmokeBomb"},{"floor":29,"key":"Regen Potion"},{"floor":30,"key":"Block Potion"},{"floor":31,"key":"Regen Potion"},{"floor":33,"key":"SteroidPotion"},{"floor":37,"key":"Block Potion"},{"floor":41,"key":"Swift Potion"},{"floor":42,"key":"FocusPotion"},{"floor":44,"key":"Weak Potion"}],"is_trial":false,"path_per_floor":["M","?","?","M","?","R","?","E","T","M","M","M","E","M","R","B",null,"M","?","M","?","$","E","M","M","T","M","?","M","M","M","R","B",null,"M","?","M","?","?","R","M","M","T","E","$","R","E","M","R"],"character_chosen":"DEFECT","items_purchased":["Singing Bowl","Heatsinks+1","Beam Cell","Glacier","Regen Potion","War Paint","Loop+1","Mayhem+1"],"campfire_rested":0,"item_purchase_floors":[22,22,22,22,22,45,45,45],"current_hp_per_floor":[73,72,71,70,69,68,67,66,65,64,63,62,49,49,49,45,57,56,55,52,36,36,31,45,52,52,53,52,51,52,53,52,51,50,51,50,43,45,45,45,51,52,51,52,51,50,49,48,47,0],"gold":49,"neow_bonus":"","is_prod":false,"is_daily":true,"chose_seed":false,"campfire_upgraded":6,"win_rate":0,"timestamp":1536863411,"path_taken":["M","?","?","?","?","R","?","E","T","M","M","?","E","M","R","BOSS","M","?","M","?","$","E","M","M","T","M","?","M","M","M","R","BOSS","M","?","M","?","?","R","M","M","T","E","$","R","E","M","R","BOSS"],"build_version":"2018-09-06","purchased_purges":0,"victory":false,"max_hp_per_floor":[73,72,71,70,69,68,67,66,65,64,63,62,61,60,59,58,57,56,55,54,53,52,51,52,53,52,53,52,51,52,53,52,51,50,51,50,51,52,51,50,51,52,51,52,51,50,49,48,47,47],"card_choices":[{"not_picked":["Fusion","Coolheaded"],"picked":"Steam","floor":1},{"not_picked":["Stack","Steam Power"],"picked":"Turbo","floor":4},{"not_picked":["Lockon","Barrage"],"picked":"Ball Lightning","floor":8},{"not_picked":["Rebound","Barrage"],"picked":"Redo","floor":10},{"not_picked":["Compile Driver","Sunder"],"picked":"Ball Lightning","floor":11},{"not_picked":["Ball Lightning","Streamline"],"picked":"Buffer","floor":12},{"not_picked":["Skim","Redo"],"picked":"Hologram","floor":13},{"not_picked":["Glacier","Undo"],"picked":"Turbo","floor":14},{"not_picked":["All For One","Amplify"],"picked":"Biased Cognition+1","floor":16},{"not_picked":["Barrage+1","Steam"],"picked":"Defragment+1","floor":18},{"not_picked":["Leap","Capacitor+1"],"picked":"Barrage+1","floor":20},{"not_picked":["Rebound+1","Compile Driver"],"picked":"Force Field","floor":21},{"not_picked":["Turbo","Chill+1"],"picked":"Electrodynamics+1","floor":23},{"not_picked":["Sweeping Beam+1","Tempest+1","Coolheaded"],"picked":"Singing Bowl","floor":24},{"not_picked":["Streamline","Gash","Static Discharge+1"],"picked":"Singing Bowl","floor":25},{"not_picked":["Melter","Sweeping Beam+1","Barrage"],"picked":"Singing Bowl","floor":27},{"not_picked":["Gash","Glacier"],"picked":"Aggregate","floor":29},{"not_picked":["Turbo","Conserve Battery+1","Hologram"],"picked":"Singing Bowl","floor":30},{"not_picked":["Core Surge","Leap","Conserve Battery"],"picked":"Singing Bowl","floor":31},{"not_picked":["All For One","Rainbow"],"picked":"Electrodynamics+1","floor":33},{"not_picked":["Go for the Eyes+1","Steam+1","Double Energy"],"picked":"Singing Bowl","floor":35},{"not_picked":["Stack","Undo","Loop+1"],"picked":"Singing Bowl","floor":37},{"not_picked":["Leap+1","Rip and Tear","All For One"],"picked":"Singing Bowl","floor":38},{"not_picked":["Leap","Rebound+1","Barrage"],"picked":"Singing Bowl","floor":41},{"not_picked":["Cold Snap+1","Coolheaded+1","Conserve Battery+1"],"picked":"Singing Bowl","floor":42},{"not_picked":["Turbo+1","Steam+1","Darkness"],"picked":"Singing Bowl","floor":44},{"not_picked":["Lockon+1","Compile Driver+1"],"picked":"Creative AI+1","floor":47},{"not_picked":["Coolheaded","Rebound"],"picked":"Redo+1","floor":48}],"player_experience":513228,"relics_obtained":[{"floor":8,"key":"PreservedInsect"},{"floor":9,"key":"Whetstone"},{"floor":13,"key":"Frozen Egg 2"},{"floor":21,"key":"Red Mask"},{"floor":23,"key":"Mummified Hand"},{"floor":26,"key":"Juzu Bracelet"},{"floor":38,"key":"FossilizedHelix"},{"floor":43,"key":"Potion Belt"},{"floor":44,"key":"Lantern"},{"floor":47,"key":"Sundial"}],"event_choices":[{"event_name":"The Cleric","player_choice":"Leave","floor":2,"damage_taken":0},{"event_name":"Golden Idol","player_choice":"Take Wound","floor":3,"damage_taken":0},{"event_name":"The Woman in Blue","player_choice":"Bought 1 Potion","floor":5,"damage_taken":0},{"event_name":"Golden Wing","player_choice":"Gained Gold","floor":7,"damage_taken":0},{"event_name":"Forgotten Altar","player_choice":"Gave Idol","floor":19,"damage_taken":0},{"event_name":"Masked Bandits","player_choice":"Fought Bandits","floor":21,"damage_taken":0},{"event_name":"The Lab","player_choice":"Got Potions","floor":28,"damage_taken":0},{"event_name":"Match and Keep!","player_choice":"2 cards matched","floor":36,"damage_taken":0},{"event_name":"MindBloom","player_choice":"Fight","floor":38,"damage_taken":0},{"event_name":"Falling","player_choice":"Removed Skill","floor":39,"damage_taken":0}],"is_beta":false,"boss_relics":[{"not_picked":["Busted Crown","Ectoplasm"],"picked":"Inserter"},{"not_picked":["Runic Dome","Eternal Feather"],"picked":"Coffee Dripper"}],"items_purged_floors":[],"is_endless":false,"potions_floor_spawned":[1,4,10,11,16,23,25,29,30,31,33,37,41,42,44],"killed_by":"Awakened One","ascension_level":0}