{"path_per_floor":["M","?","?","M","$","R","$","E","T","R","?","M","E","M","R","B",null,"M","?","M","?","M","R","M"],"character_chosen":"IRONCLAD","items_purchased":["Regal Pillow","Flex"],"gold_per_floor":[113,113,188,208,8,8,8,37,64,64,64,78,110,126,126,223,223,242,242,253,153,171,171,186],"floor_reached":25,"campfire_rested":3,"playtime":972,"current_hp_per_floor":[41,25,14,20,20,59,59,33,33,72,60,66,44,28,67,20,80,58,58,58,58,61,61,35],"items_purged":[],"gold":186,"score":243,"play_id":"c161e586-4e9c-42e3-815d-9a33d859429c","local_time":"20180310210405","is_prod":false,"is_daily":false,"is_ascension_mode":true,"campfire_upgraded":1,"timestamp":1520733845,"path_taken":["M","?","?","M","$","R","?","E","T","R","?","M","E","?","R","BOSS","M","?","M","?","M","R","M","?"],"build_version":"2018-03-08-BETA","purchased_purges":0,"victory":false,"master_deck":["Strike_R","Strike_R","Strike_R","Strike_R","Strike_R+1","Defend_R","Defend_R","Defend_R+1","Defend_R","Bash","Bludgeon+1","Shrug It Off","Flex","Flex","Cleave","Disarm","Thunderclap","Barricade+1","Heavy Blade","Intimidate","J.A.X.","Thunderclap","Carnage+1"],"max_hp_per_floor":[80,80,80,80,80,80,80,80,80,80,80,80,80,80,80,80,80,80,80,80,80,80,80,80],"relics":["Burning Blood","Regal Pillow","Pen Nib","Darkstone Periapt","Ancient Tea Set","Mark of Pain","Nloth\u0027s Gift"],"card_choices":[{"not_picked":["Barricade","Exhume"],"picked":"Bludgeon"},{"not_picked":["Searing Blow","Second Wind"],"picked":"Shrug It Off"},{"not_picked":["Shockwave","Thunderclap"],"picked":"Flex"},{"not_picked":["Wild Strike","Iron Wave"],"picked":"Cleave"},{"not_picked":["Blood for Blood","Sword Boomerang"],"picked":"Disarm"},{"not_picked":["Shrug It Off","Heavy Blade"],"picked":"Thunderclap"},{"not_picked":["Brutality","Impervious"],"picked":"Barricade"},{"not_picked":["Pummel","Blood for Blood"],"picked":"Heavy Blade"},{"not_picked":["Barricade","Wild Strike"],"picked":"Intimidate"},{"not_picked":["Havoc","Corruption"],"picked":"Thunderclap"},{"not_picked":["Perfected Strike","Disarm"],"picked":"Carnage"}],"player_experience":68828,"potions_floor_usage":[4,8,13,20,22,24,25],"damage_taken":[{"damage":5,"enemies":"2 Louse","floor":1,"turns":3},{"damage":0,"enemies":"Jaw Worm","floor":4,"turns":2},{"damage":32,"enemies":"Lagavulin","floor":8,"turns":6},{"damage":0,"enemies":"Small Slimes","floor":12,"turns":2},{"damage":28,"enemies":"Gremlin Nob","floor":13,"turns":4},{"damage":22,"enemies":"Gremlin Gang","floor":14,"turns":4},{"damage":53,"enemies":"Slime Boss","floor":16,"turns":9},{"damage":28,"enemies":"2 Thieves","floor":18,"turns":4},{"damage":6,"enemies":"Spheric Guardian","floor":20,"turns":3},{"damage":3,"enemies":"Snake Plant","floor":22,"turns":3},{"damage":32,"enemies":"Centurion and Healer","floor":24,"turns":5},{"damage":15,"enemies":"Slaver and Parasite","floor":25,"turns":2}],"event_choices":[{"event_name":"Shining Light","player_choice":"Entered Light","floor":2,"damage_taken":0},{"event_name":"World of Goop","player_choice":"Gather Gold","floor":3,"damage_taken":0},{"event_name":"Scrap Ooze","player_choice":"success","floor":11,"damage_taken":12},{"event_name":"N\u0027loth","player_choice":"Traded a Frozen Egg 2","floor":19,"damage_taken":0},{"event_name":"Drug Dealer","player_choice":"Got JAXXED","floor":21,"damage_taken":0}],"boss_relics":[{"not_picked":["Sozu","Runic Pyramid"],"picked":"Mark of Pain"}],"potions_floor_spawned":[1,4,12,16,18,20,24],"seed_played":"-3672436081079816675","killed_by":"Slaver and Parasite","ascension_level":3,"is_trial":false}