{"gold_per_floor":[115,115,67,86,161,161,186,196,273,303,48,74,85,101,101,173,173,186,202,213,223,142,142,169,183,236,236],"floor_reached":27,"playtime":1476,"items_purged":[],"score":462,"play_id":"387c5ebb-af04-4500-9342-2196fcdfa85a","local_time":"20190128141158","is_ascension_mode":true,"campfire_choices":[{"data":"Pommel Strike","floor":6.0,"key":"SMITH"},{"data":"True Grit","floor":15.0,"key":"SMITH"},{"data":"Infernal Blade","floor":23.0,"key":"SMITH"}],"neow_cost":"NONE","seed_source_timestamp":605681925680770,"circlet_count":0,"master_deck":["AscendersBane","Strike_R","Strike_R","Strike_R+1","Strike_R","Strike_R","Defend_R","Defend_R","Defend_R","Defend_R","Bash","Shrug It Off","Shrug It Off","Pommel Strike+1","Infernal Blade+1","Immolate","Pommel Strike+1","Flame Barrier","Inflame","Thunderclap","True Grit+1","Reaper","Heavy Blade","Evolve","Wild Strike+1","Reckless Charge","Havoc+1","Sever Soul"],"special_seed":0,"relics":["Burning Blood","NeowsBlessing","FaceOfCleric","Ancient Tea Set","Matryoshka","Vajra","Whetstone","Bag of Marbles","Velvet Choker","Toxic Egg 2","Tiny Chest","Boot"],"potions_floor_usage":[24,24],"damage_taken":[{"damage":0.0,"enemies":"Jaw Worm","floor":1.0,"turns":1.0},{"damage":0.0,"enemies":"Cultist","floor":4.0,"turns":1.0},{"damage":0.0,"enemies":"Lagavulin","floor":7.0,"turns":1.0},{"damage":4.0,"enemies":"2 Louse","floor":8.0,"turns":3.0},{"damage":5.0,"enemies":"3 Sentries","floor":10.0,"turns":15.0},{"damage":8.0,"enemies":"Gremlin Nob","floor":12.0,"turns":3.0},{"damage":0.0,"enemies":"2 Fungi Beasts","floor":13.0,"turns":2.0},{"damage":6.0,"enemies":"Looter","floor":14.0,"turns":3.0},{"damage":72.0,"enemies":"Hexaghost","floor":16.0,"turns":10.0},{"damage":11.0,"enemies":"2 Thieves","floor":18.0,"turns":2.0},{"damage":3.0,"enemies":"Chosen","floor":19.0,"turns":4.0},{"damage":52.0,"enemies":"Shelled Parasite and Fungi","floor":20.0,"turns":8.0},{"damage":6.0,"enemies":"Cultist and Chosen","floor":21.0,"turns":5.0},{"damage":31,"enemies":"Gremlin Leader","floor":24,"turns":4},{"damage":27,"enemies":"Centurion and Healer","floor":25,"turns":4},{"damage":51,"enemies":"Book of Stabbing","floor":27,"turns":5}],"seed_played":"-1842466742641126340","potions_obtained":[{"floor":7.0,"key":"PowerPotion"},{"floor":10.0,"key":"Strength Potion"},{"floor":14.0,"key":"PowerPotion"},{"floor":19.0,"key":"Dexterity Potion"}],"is_trial":false,"path_per_floor":["M","?","$","M","?","R","E","M","T","E","$","E","M","M","R","B",null,"M","M","M","M","$","R","E","M","T","E"],"character_chosen":"IRONCLAD","items_purchased":["Shrug It Off","Pommel Strike","Flame Barrier","Whetstone","Reckless Charge"],"campfire_rested":0,"item_purchase_floors":[3,11,11,11,22],"current_hp_per_floor":[78,78,78,81,70,70,77,80,80,82,82,81,86,87,87,22,72,68,82,44,50,50,50,47,41,41,0],"gold":236,"neow_bonus":"THREE_ENEMY_KILL","is_prod":false,"is_daily":false,"chose_seed":false,"campfire_upgraded":3,"win_rate":0,"timestamp":1548709918,"path_taken":["M","?","$","?","?","R","E","M","T","E","?","E","M","M","R","BOSS","M","M","M","M","$","R","E","M","T","E"],"build_version":"2019-01-23","purchased_purges":0,"victory":false,"max_hp_per_floor":[80,80,80,81,81,81,82,83,83,84,84,85,86,87,87,88,88,89,90,91,92,92,92,93,94,94,94],"card_choices":[{"not_picked":["Perfected Strike","Second Wind"],"picked":"Shrug It Off","floor":1.0},{"not_picked":["Blood for Blood","Clothesline"],"picked":"Pommel Strike","floor":4.0},{"not_picked":["Dropkick","Wild Strike"],"picked":"Infernal Blade","floor":7.0},{"not_picked":["Battle Trance","Sever Soul","Anger"],"picked":"SKIP","floor":8.0},{"not_picked":["Thunderclap","Heavy Blade"],"picked":"Immolate","floor":10.0},{"not_picked":["Warcry","Berserk"],"picked":"Inflame","floor":12.0},{"not_picked":["Havoc","Cleave"],"picked":"Thunderclap","floor":13.0},{"not_picked":["Evolve","Sentinel"],"picked":"True Grit","floor":14.0},{"not_picked":["Offering","Exhume"],"picked":"Reaper","floor":16.0},{"not_picked":["Iron Wave","Perfected Strike"],"picked":"Heavy Blade","floor":18.0},{"not_picked":["Dropkick","Headbutt"],"picked":"Evolve","floor":19.0},{"not_picked":["Blood for Blood","Hemokinesis","Thunderclap"],"picked":"SKIP","floor":20.0},{"not_picked":["Carnage","Pommel Strike"],"picked":"Wild Strike+1","floor":21.0},{"not_picked":["Clothesline","Cleave"],"picked":"Havoc","floor":24},{"not_picked":["Berserk","Heavy Blade"],"picked":"Sever Soul","floor":25}],"player_experience":1315583,"relics_obtained":[{"floor":7.0,"key":"Ancient Tea Set"},{"floor":9.0,"key":"Matryoshka"},{"floor":10.0,"key":"Vajra"},{"floor":12.0,"key":"Bag of Marbles"},{"floor":24,"key":"Toxic Egg 2"},{"floor":26,"key":"Tiny Chest"},{"floor":26,"key":"Boot"}],"event_choices":[{"damage_healed":0.0,"max_hp_gain":0.0,"max_hp_loss":0.0,"gold_gain":0.0,"event_name":"FaceTrader","player_choice":"Trade","floor":2.0,"gold_loss":0.0,"damage_taken":0.0,"relics_obtained":["FaceOfCleric"]},{"damage_healed":0.0,"max_hp_gain":0.0,"max_hp_loss":0.0,"gold_gain":75.0,"event_name":"World of Goop","player_choice":"Gather Gold","floor":5.0,"gold_loss":0.0,"damage_taken":11.0}],"is_beta":false,"boss_relics":[{"not_picked":["Black Star","Eternal Feather"],"picked":"Velvet Choker"}],"items_purged_floors":[],"is_endless":false,"potions_floor_spawned":[7,10,14,19,21],"killed_by":"Book of Stabbing","ascension_level":13}