{"gold_per_floor":[113,133,54,69,69,69,104,104,129,129,164,188,12,12],"floor_reached":14,"playtime":668,"items_purged":["Doubt"],"score":172,"play_id":"fcf9c116-5497-4310-b476-63c31bd9a658","local_time":"20190404172411","is_ascension_mode":true,"campfire_choices":[{"data":"Uppercut","floor":6.0,"key":"SMITH"},{"data":"Bash","floor":8.0,"key":"SMITH"},{"data":"Bash","floor":10.0,"key":"SMITH"}],"neow_cost":"TEN_PERCENT_HP_LOSS","seed_source_timestamp":1706261512653151,"circlet_count":0,"master_deck":["AscendersBane","Strike_R","Strike_R","Strike_R","Strike_R","Strike_R","Defend_R","Defend_R","Defend_R","Defend_R","Bash+1","Thunderclap","Headbutt","Metallicize","Uppercut+1","Bash+1","Seeing Red","Shockwave","Feed","Flame Barrier","Dropkick"],"special_seed":0,"relics":["Burning Blood","Champion Belt","Ancient Tea Set","Dream Catcher","MawBank"],"potions_floor_usage":[14],"damage_taken":[{"damage":6.0,"enemies":"2 Louse","floor":1.0,"turns":3.0},{"damage":3.0,"enemies":"Cultist","floor":2.0,"turns":4.0},{"damage":0.0,"enemies":"Small Slimes","floor":4.0,"turns":3.0},{"damage":37.0,"enemies":"Lagavulin","floor":7.0,"turns":10.0},{"damage":27.0,"enemies":"3 Sentries","floor":11.0,"turns":8.0},{"damage":5.0,"enemies":"2 Fungi Beasts","floor":12.0,"turns":4.0},{"damage":19,"enemies":"Gremlin Nob","floor":14,"turns":3}],"seed_played":"117525201108579548","potions_obtained":[{"floor":7.0,"key":"Swift Potion"}],"is_trial":false,"path_per_floor":["?"],"character_chosen":"IRONCLAD","items_purchased":["Metallicize","Flame Barrier","Dropkick"],"campfire_rested":0,"item_purchase_floors":[3,13,13],"current_hp_per_floor":[68,68,68,68,68,68,37,37,37,37,16,17,17,0],"gold":12,"neow_bonus":"ONE_RARE_RELIC","is_prod":false,"is_daily":false,"chose_seed":false,"campfire_upgraded":3,"win_rate":0,"timestamp":1554413051,"path_taken":["M","M","$","M","?","R","E","R","T","R","E","M","$","E"],"build_version":"2019-01-23","purchased_purges":1,"victory":false,"max_hp_per_floor":[68,68,68,68,68,68,68,68,68,68,68,68,68,68],"card_choices":[{"not_picked":["Shrug It Off","Inflame"],"picked":"Thunderclap","floor":1.0},{"not_picked":["Intimidate","Flex"],"picked":"Headbutt","floor":2.0},{"not_picked":["Pommel Strike","Clothesline"],"picked":"Uppercut","floor":4.0},{"not_picked":["Flex","Havoc"],"picked":"Seeing Red","floor":7.0},{"not_picked":["Warcry","Twin Strike"],"picked":"Shockwave","floor":11.0},{"not_picked":["Iron Wave","Armaments"],"picked":"Feed","floor":12.0}],"player_experience":1483195,"relics_obtained":[{"floor":7.0,"key":"Ancient Tea Set"},{"floor":9.0,"key":"Dream Catcher"},{"floor":11.0,"key":"MawBank"}],"event_choices":[{"damage_healed":0.0,"max_hp_gain":0.0,"max_hp_loss":0.0,"gold_gain":0.0,"event_name":"Match and Keep!","player_choice":"2 cards matched","floor":5.0,"gold_loss":0.0,"damage_taken":0.0,"cards_obtained":["Doubt","Bash"]}],"is_beta":false,"boss_relics":[],"items_purged_floors":[13],"is_endless":false,"potions_floor_spawned":[7],"killed_by":"Gremlin Nob","ascension_level":15}