{"gold_per_floor":[112,122,397,412,587,621,631,631,631,649,667,667,677,705,705,806,806,826,18,31,49,49,49,82,82],"floor_reached":25,"playtime":1376,"items_purged":["Regret"],"score":284,"play_id":"3a764b8a-3872-4f21-9ba9-cc4c75e98193","local_time":"20180828151112","is_ascension_mode":true,"campfire_choices":[{"floor":8,"key":"REST"},{"floor":15,"key":"REST"},{"floor":23,"key":"REST"}],"neow_cost":"NONE","seed_source_timestamp":999498746839918,"circlet_count":0,"master_deck":["Strike_B","Strike_B","Strike_B","Strike_B","Defend_B","Defend_B","Defend_B","Defend_B","Zap","Dualcast","Glacier","Ball Lightning","Genetic Algorithm","Loop","Doubt","Turbo","Streamline","Cold Snap","Redo","Steam","Gash","Thunder Strike","Normality","Leap","Stack","Conserve Battery","Rainbow","FTL+1","Beam Cell","Defragment","Stack","Turbo","Ball Lightning","Forethought","Meteor Strike","Stack","Redo+1","Steam","Doom and Gloom","Doom and Gloom"],"relics":["Cracked Core","Prayer Wheel","Gambling Chip","Shovel","Darkstone Periapt","Nuclear Battery","Orichalcum","Boot","Strawberry"],"potions_floor_usage":[7,13,21,24],"damage_taken":[{"damage":1,"enemies":"Cultist","floor":1,"turns":4},{"damage":3,"enemies":"Small Slimes","floor":2,"turns":3},{"damage":11,"enemies":"2 Louse","floor":4,"turns":3},{"damage":46,"enemies":"Gremlin Nob","floor":6,"turns":6},{"damage":2,"enemies":"2 Fungi Beasts","floor":7,"turns":4},{"damage":3,"enemies":"3 Louse","floor":10,"turns":4},{"damage":0,"enemies":"Looter","floor":11,"turns":4},{"damage":13,"enemies":"Lots of Slimes","floor":13,"turns":4},{"damage":4,"enemies":"3 Sentries","floor":14,"turns":10},{"damage":20,"enemies":"The Guardian","floor":16,"turns":15},{"damage":13,"enemies":"Shell Parasite","floor":18,"turns":7},{"damage":7,"enemies":"Spheric Guardian","floor":20,"turns":6},{"damage":12,"enemies":"Snecko","floor":21,"turns":5},{"damage":51,"enemies":"Slavers","floor":24,"turns":9},{"damage":22,"enemies":"Centurion and Healer","floor":25,"turns":4}],"seed_played":"2926711695883836308","potions_obtained":[{"floor":1,"key":"Ancient Potion"},{"floor":2,"key":"Ancient Potion"},{"floor":4,"key":"Strength Potion"},{"floor":11,"key":"Ancient Potion"},{"floor":13,"key":"Ancient Potion"}],"is_trial":false,"path_per_floor":["M","M","?","M","?","E","M","R","T","M","M","?","M","E","R","B",null,"M","$","M","M","$","R","E"],"character_chosen":"DEFECT","items_purchased":["Defragment","Stack","Turbo","Ball Lightning","Forethought","Meteor Strike","Orichalcum","Boot"],"campfire_rested":3,"item_purchase_floors":[19,19,19,19,19,19,19,19],"current_hp_per_floor":[74,71,71,60,60,14,12,34,34,31,31,31,18,14,36,16,75,62,62,55,43,43,65,21,0],"gold":82,"neow_bonus":"THREE_CARDS","is_prod":false,"is_daily":false,"chose_seed":false,"campfire_upgraded":0,"win_rate":0,"timestamp":1535490672,"path_taken":["M","?","?","M","?","E","?","R","T","M","M","?","?","E","R","BOSS","M","$","M","?","$","R","E","M"],"build_version":"2018-08-23v2","purchased_purges":1,"victory":false,"max_hp_per_floor":[75,75,75,75,75,75,75,75,75,75,75,75,75,75,75,75,75,75,75,75,75,75,75,82,82],"card_choices":[{"not_picked":["Barrage","Blizzard"],"picked":"Glacier","floor":0},{"not_picked":["Reprogram","BootSequence"],"picked":"Ball Lightning","floor":1},{"not_picked":["Barrage","Capacitor"],"picked":"Genetic Algorithm","floor":2},{"not_picked":["Steam","Ball Lightning"],"picked":"Loop","floor":4},{"not_picked":["Seek","FTL"],"picked":"Turbo","floor":6},{"not_picked":["Recycle","Compile Driver"],"picked":"Streamline","floor":7},{"not_picked":["Turbo","Auto Shields"],"picked":"Cold Snap","floor":7},{"not_picked":["Leap","Consume"],"picked":"Redo","floor":10},{"not_picked":["Steam Power","Sunder"],"picked":"Steam","floor":10},{"not_picked":["Chill","Genetic Algorithm"],"picked":"Gash","floor":11},{"not_picked":["Aggregate","Leap"],"picked":"Thunder Strike","floor":11},{"not_picked":["Lockon","Streamline"],"picked":"Leap","floor":13},{"not_picked":["Turbo","BootSequence"],"picked":"Stack","floor":13},{"not_picked":["Go for the Eyes","Core Surge"],"picked":"Conserve Battery","floor":14},{"not_picked":["All For One","Core Surge"],"picked":"Rainbow","floor":16},{"not_picked":["Sweeping Beam","Redo"],"picked":"FTL+1","floor":18},{"not_picked":["Barrage","Consume"],"picked":"Beam Cell","floor":18},{"not_picked":["Leap","Sweeping Beam"],"picked":"Stack","floor":20},{"not_picked":["Undo+1","Redo+1","Cold Snap"],"picked":"SKIP","floor":20},{"not_picked":["Undo+1","Cold Snap"],"picked":"Redo+1","floor":20},{"not_picked":["Reprogram","Leap"],"picked":"Steam","floor":21},{"not_picked":["Gash","Go for the Eyes+1"],"picked":"Doom and Gloom","floor":21},{"not_picked":["Tempest","Recycle"],"picked":"Doom and Gloom","floor":24}],"player_experience":363059,"relics_obtained":[{"floor":6,"key":"Prayer Wheel"},{"floor":9,"key":"Gambling Chip"},{"floor":14,"key":"Darkstone Periapt"},{"floor":24,"key":"Strawberry"}],"event_choices":[{"event_name":"Golden Shrine","player_choice":"Desecrate","floor":3,"damage_taken":0},{"event_name":"Liars Game","player_choice":"agreed","floor":5,"damage_taken":0},{"event_name":"Accursed Blacksmith","player_choice":"Rummage","floor":12,"damage_taken":0}],"is_beta":false,"boss_relics":[{"not_picked":["White Beast Statue","Eternal Feather"],"picked":"Nuclear Battery"}],"items_purged_floors":[19],"is_endless":false,"potions_floor_spawned":[1,2,4,11,13],"killed_by":"Centurion and Healer","ascension_level":2}