{"gold_per_floor":[112,158,58,58,8,40,56,56,56,56,56,86,101,111,111,111],"floor_reached":16,"playtime":872,"items_purged":["Regret","Defend_R"],"score":108,"play_id":"b8089c58-820e-44cb-a2ee-14158164b8f8","local_time":"20190315120758","is_ascension_mode":false,"campfire_choices":[{"data":"Pommel Strike","floor":11,"key":"SMITH"},{"floor":15,"key":"REST"}],"neow_cost":"CURSE","seed_source_timestamp":172816941771789,"circlet_count":0,"master_deck":["Strike_R","Strike_R","Strike_R","Strike_R","Strike_R","Defend_R","Defend_R","Clash","Pommel Strike+1","Regret","Shockwave","Headbutt","Shrug It Off"],"relics":["Burning Blood","Pocketwatch","Smiling Mask","Question Card","Regal Pillow","Darkstone Periapt","Shovel"],"potions_floor_usage":[14],"damage_taken":[{"damage":6,"enemies":"Cultist","floor":1,"turns":3},{"damage":26,"enemies":"3 Sentries","floor":6,"turns":8},{"damage":0,"enemies":"2 Louse","floor":7,"turns":2},{"damage":34,"enemies":"Gremlin Nob","floor":12,"turns":5},{"damage":16,"enemies":"Jaw Worm","floor":13,"turns":4},{"damage":13,"enemies":"Red Slaver","floor":14,"turns":2},{"damage":64,"enemies":"The Guardian","floor":16,"turns":9}],"seed_played":"1013916756754891325","potions_obtained":[{"floor":12,"key":"Ancient Potion"},{"floor":13,"key":"FearPotion"}],"is_trial":false,"path_per_floor":["T","?","$","M","?","?"],"character_chosen":"IRONCLAD","items_purchased":["Clash"],"campfire_rested":1,"item_purchase_floors":[3],"current_hp_per_floor":[80,80,80,80,80,60,66,66,66,66,66,38,28,21,60,0],"gold":111,"neow_bonus":"ONE_RARE_RELIC","is_prod":false,"is_daily":false,"chose_seed":false,"campfire_upgraded":1,"win_rate":0,"timestamp":1552666078,"path_taken":["M","?","$","?","?","E","?","?","T","?","R","E","M","M","R","BOSS"],"build_version":"2019-01-23","purchased_purges":2,"victory":false,"max_hp_per_floor":[80,80,80,80,80,80,80,80,80,80,80,80,80,80,80,80],"card_choices":[{"not_picked":["True Grit","Thunderclap","Anger"],"picked":"SKIP","floor":1},{"not_picked":["Wild Strike","Heavy Blade","Perfected Strike"],"picked":"SKIP","floor":6},{"not_picked":["Havoc","Combust","Body Slam"],"picked":"Pommel Strike","floor":7},{"not_picked":["Thunderclap","Whirlwind","Uppercut","Anger"],"picked":"SKIP","floor":12},{"not_picked":["Heavy Blade","Intimidate","Juggernaut"],"picked":"Headbutt","floor":13},{"not_picked":["Wild Strike","Shrug It Off","Sentinel","Warcry"],"picked":"SKIP","floor":14},{"not_picked":["Wild Strike","Sentinel","Warcry"],"picked":"Shrug It Off","floor":14}],"player_experience":638373,"relics_obtained":[{"floor":2,"key":"Smiling Mask"},{"floor":6,"key":"Question Card"},{"floor":9,"key":"Darkstone Periapt"},{"floor":12,"key":"Shovel"}],"event_choices":[{"cards_removed":["Defend_R"],"damage_healed":0,"gold_gain":0,"player_choice":"Forget","damage_taken":0,"max_hp_gain":0,"max_hp_loss":0,"event_name":"Living Wall","floor":4,"gold_loss":0},{"damage_healed":0,"gold_gain":0,"player_choice":"Box","damage_taken":0,"relics_obtained":["Regal Pillow"],"max_hp_gain":0,"max_hp_loss":0,"event_name":"Big Fish","floor":8,"gold_loss":0,"cards_obtained":["Regret"]},{"damage_healed":0,"gold_gain":0,"cards_transformed":["Bash"],"player_choice":"Transformed","damage_taken":0,"max_hp_gain":0,"max_hp_loss":0,"event_name":"Transmorgrifier","floor":10,"gold_loss":0,"cards_obtained":["Shockwave"]}],"is_beta":false,"boss_relics":[],"items_purged_floors":[3,5],"is_endless":false,"potions_floor_spawned":[12,13],"killed_by":"The Guardian","ascension_level":0}