{"gold_per_floor":[118,118,138,138,154,185,185,185,185,185],"floor_reached":10,"playtime":298,"items_purged":[],"score":66,"play_id":"5a7c31a8-5d2f-43dd-bda4-e60f603aadfb","local_time":"20190209141424","is_ascension_mode":false,"campfire_choices":[],"neow_cost":"NONE","seed_source_timestamp":179338823080777,"circlet_count":0,"master_deck":["Strike_R+1","Strike_R","Strike_R+1","Strike_R","Strike_R","Defend_R","Defend_R","Defend_R","Defend_R","Bash","Iron Wave","True Grit","Iron Wave","Iron Wave"],"relics":["Burning Blood","Gremlin Horn","Molten Egg 2","Golden Idol","Bottled Flame"],"potions_floor_usage":[],"damage_taken":[{"damage":3,"enemies":"Jaw Worm","floor":1,"turns":4},{"damage":2,"enemies":"Small Slimes","floor":3,"turns":4},{"damage":1,"enemies":"2 Louse","floor":5,"turns":4},{"damage":44,"enemies":"Lagavulin","floor":6,"turns":7}],"seed_played":"-5329435722473211901","potions_obtained":[{"floor":3,"key":"SneckoOil"},{"floor":5,"key":"Weak Potion"}],"is_trial":false,"path_per_floor":["?","T","?","?","?"],"character_chosen":"IRONCLAD","items_purchased":[],"campfire_rested":0,"item_purchase_floors":[],"current_hp_per_floor":[80,80,80,80,80,42,26,6,6,0],"gold":185,"neow_bonus":"THREE_CARDS","is_prod":false,"is_daily":false,"chose_seed":false,"campfire_upgraded":0,"win_rate":0,"timestamp":1549739664,"path_taken":["M","?","M","?","M","E","?","?","T","?"],"build_version":"2019-01-23","purchased_purges":0,"victory":false,"max_hp_per_floor":[80,80,80,80,80,80,80,80,80,80],"card_choices":[{"not_picked":["Headbutt","Thunderclap"],"picked":"Iron Wave","floor":0},{"not_picked":["Clothesline","Havoc"],"picked":"True Grit","floor":1},{"not_picked":["Ghostly Armor","Wild Strike"],"picked":"Iron Wave","floor":3},{"not_picked":["Corruption","Havoc"],"picked":"Iron Wave","floor":5},{"not_picked":["Offering","Intimidate","Heavy Blade"],"picked":"SKIP","floor":6}],"player_experience":357741,"relics_obtained":[{"floor":4,"key":"Gremlin Horn"},{"floor":6,"key":"Molten Egg 2"},{"floor":9,"key":"Bottled Flame"}],"event_choices":[{"damage_healed":0,"gold_gain":0,"player_choice":"Ignored","damage_taken":0,"max_hp_gain":0,"max_hp_loss":0,"event_name":"Liars Game","floor":2,"gold_loss":0},{"damage_healed":0,"gold_gain":0,"player_choice":"Entered Light","damage_taken":16,"max_hp_gain":0,"max_hp_loss":0,"event_name":"Shining Light","floor":7,"gold_loss":0,"cards_upgraded":["Strike_R","Strike_R"]},{"damage_healed":0,"gold_gain":0,"player_choice":"Take Damage","damage_taken":20,"relics_obtained":["Golden Idol"],"max_hp_gain":0,"max_hp_loss":0,"event_name":"Golden Idol","floor":8,"gold_loss":0}],"is_beta":false,"boss_relics":[],"items_purged_floors":[],"is_endless":false,"potions_floor_spawned":[3,5],"ascension_level":0}