{"gold_per_floor":[113,59,76,151,168,200,165,165,189,208,221,221,221,240,240,344,344,361,376,391,70,88,88,103,18,18,35,35,45,45],"floor_reached":30,"playtime":5996,"items_purged":["Normality"],"score":261,"play_id":"c63a1cdc-c485-4eda-a552-757bc0296fa5","local_time":"20190104041524","is_ascension_mode":false,"campfire_choices":[{"data":"Rage","floor":8,"key":"SMITH"},{"data":"Armaments","floor":12,"key":"SMITH"},{"data":"Clothesline","floor":15,"key":"SMITH"},{"floor":23,"key":"REST"}],"neow_cost":"NONE","seed_source_timestamp":574417591658892,"circlet_count":0,"master_deck":["Strike_R","Strike_R","Strike_R","Strike_R","Strike_R","Defend_R","Defend_R","Defend_R","Defend_R","Bash","Rage+1","Dropkick","Metallicize","Thunderclap","Clothesline+1","Armaments+1","Armaments+1","Iron Wave","Feed","Shame","Writhe","Twin Strike+1","Double Tap","Anger","Headbutt","Headbutt","Dropkick","Flex"],"relics":["Burning Blood","Lantern","Ancient Tea Set","Calling Bell","Pocketwatch","Shuriken","Vajra","MealTicket","Pear","Juzu Bracelet","MutagenicStrength"],"potions_floor_usage":[1,16,16,16,19,22,30],"damage_taken":[{"damage":11,"enemies":"2 Louse","floor":1,"turns":4},{"damage":3,"enemies":"Small Slimes","floor":3,"turns":3},{"damage":6,"enemies":"Cultist","floor":5,"turns":3},{"damage":16,"enemies":"3 Sentries","floor":6,"turns":8},{"damage":4,"enemies":"Blue Slaver","floor":10,"turns":4},{"damage":0,"enemies":"Looter","floor":11,"turns":3},{"damage":0,"enemies":"Exordium Wildlife","floor":14,"turns":3},{"damage":44,"enemies":"The Guardian","floor":16,"turns":11},{"damage":49,"enemies":"3 Byrds","floor":18,"turns":9},{"damage":24,"enemies":"Shell Parasite","floor":19,"turns":7},{"damage":16,"enemies":"3 Cultists","floor":20,"turns":6},{"damage":20,"enemies":"Centurion and Healer","floor":22,"turns":7},{"damage":21,"enemies":"Chosen and Byrds","floor":24,"turns":7},{"damage":30,"enemies":"Cultist and Chosen","floor":27,"turns":7},{"damage":5,"enemies":"3 Cultists","floor":29,"turns":6},{"damage":25,"enemies":"Gremlin Leader","floor":30,"turns":5}],"seed_played":"9135695499202430255","potions_obtained":[{"floor":0,"key":"Poison Potion"},{"floor":0,"key":"FearPotion"},{"floor":0,"key":"Fruit Juice"},{"floor":1,"key":"AttackPotion"},{"floor":18,"key":"BloodPotion"},{"floor":19,"key":"PowerPotion"},{"floor":27,"key":"Swift Potion"}],"is_trial":false,"path_per_floor":["M","$","M","?","M","E","?","R","T","M","M","R","?","M","R","B",null,"M","M","M","$","M","R","M","?","T","M","?","M","E"],"character_chosen":"IRONCLAD","items_purchased":["Cleave","MealTicket","Anger"],"campfire_rested":1,"item_purchase_floors":[2,21,21],"current_hp_per_floor":[80,80,83,72,72,62,83,83,83,85,85,85,85,85,85,47,85,42,35,29,29,15,42,27,37,37,16,16,20,0],"gold":45,"neow_bonus":"THREE_SMALL_POTIONS","is_prod":false,"is_daily":false,"chose_seed":false,"campfire_upgraded":3,"win_rate":0.0,"timestamp":1546596924,"path_taken":["M","$","M","?","M","E","?","R","T","M","M","R","?","M","R","BOSS","M","M","M","$","M","R","?","?","T","M","?","M","E"],"build_version":"2019-01-03v3","purchased_purges":1,"victory":false,"max_hp_per_floor":[85,85,85,85,85,85,85,85,85,85,85,85,85,85,85,85,85,85,88,92,92,92,92,92,102,102,105,105,108,108],"card_choices":[{"not_picked":["Blood for Blood","Reckless Charge"],"picked":"Rage","floor":1},{"not_picked":["Twin Strike","Heavy Blade"],"picked":"Dropkick","floor":3},{"not_picked":["Inflame","Clash"],"picked":"Metallicize","floor":5},{"not_picked":["Armaments","Feel No Pain"],"picked":"Thunderclap","floor":6},{"not_picked":["Immolate","Pommel Strike"],"picked":"Clothesline","floor":10},{"not_picked":["Cleave","Fire Breathing"],"picked":"Armaments","floor":11},{"not_picked":["Cleave","Fire Breathing"],"picked":"Armaments","floor":11},{"not_picked":["Clash","Heavy Blade"],"picked":"Iron Wave","floor":14},{"not_picked":["Immolate","Demon Form"],"picked":"Feed","floor":16},{"not_picked":["Clash+1","Rupture+1","Shrug It Off"],"picked":"SKIP","floor":18},{"not_picked":["Bloodletting","Wild Strike"],"picked":"Twin Strike+1","floor":19},{"not_picked":["Sever Soul","Iron Wave"],"picked":"Double Tap","floor":20},{"not_picked":["Dual Wield+1","Fire Breathing"],"picked":"Headbutt","floor":22},{"not_picked":["Dual Wield+1","Fire Breathing"],"picked":"Headbutt","floor":22},{"not_picked":["Disarm","Evolve"],"picked":"Dropkick","floor":24},{"not_picked":["Perfected Strike+1","Clothesline","Cleave"],"picked":"SKIP","floor":27},{"not_picked":["Sword Boomerang","Bloodletting"],"picked":"Flex","floor":29}],"player_experience":33005,"relics_obtained":[{"floor":6,"key":"Lantern"},{"floor":9,"key":"Ancient Tea Set"},{"floor":17,"key":"Pocketwatch"},{"floor":17,"key":"Shuriken"},{"floor":17,"key":"Vajra"},{"floor":26,"key":"Juzu Bracelet"}],"event_choices":[{"damage_healed":0,"gold_gain":75,"player_choice":"Gather Gold","damage_taken":11,"max_hp_gain":0,"max_hp_loss":0,"event_name":"World of Goop","floor":4,"gold_loss":0},{"damage_healed":21,"gold_gain":0,"player_choice":"Healed","damage_taken":0,"max_hp_gain":0,"max_hp_loss":0,"event_name":"The Cleric","floor":7,"gold_loss":35},{"cards_removed":["Cleave"],"damage_healed":5,"gold_gain":0,"player_choice":"Offered Common","damage_taken":0,"max_hp_gain":0,"max_hp_loss":0,"event_name":"Bonfire Elementals","floor":13,"gold_loss":0},{"cards_removed":["Cleave"],"damage_healed":5,"gold_gain":0,"player_choice":"Offered Special","damage_taken":0,"max_hp_gain":0,"max_hp_loss":0,"event_name":"Bonfire Elementals","floor":13,"gold_loss":0},{"damage_healed":0,"gold_gain":0,"player_choice":"Obtained Relic","damage_taken":0,"relics_obtained":["Pear"],"max_hp_gain":0,"max_hp_loss":0,"event_name":"Addict","floor":25,"gold_loss":85},{"damage_healed":0,"gold_gain":0,"player_choice":"Inject Mutagens","damage_taken":0,"relics_obtained":["MutagenicStrength"],"max_hp_gain":0,"max_hp_loss":0,"event_name":"Drug Dealer","floor":28,"gold_loss":0}],"is_beta":false,"boss_relics":[{"not_picked":["Tiny House","Busted Crown"],"picked":"Calling Bell"}],"items_purged_floors":[21],"is_endless":false,"potions_floor_spawned":[1,3,11,18,19,27],"killed_by":"Gremlin Leader","ascension_level":0}