{"gold_per_floor":[114,66,16,30,40,70,70,84,84,84,99,114,126,153,153,249,249,260,260,277,296,173,173,202,202,225,225,225,239,239],"floor_reached":30,"playtime":2108,"items_purged":["Decay"],"score":262,"play_id":"16f2ee5f-9e4b-485e-9346-adef8a9f7793","local_time":"20190131131227","is_ascension_mode":false,"campfire_choices":[{"floor":7,"key":"REST"},{"data":"Static Discharge","floor":10,"key":"SMITH"},{"floor":15,"key":"REST"},{"floor":23,"key":"REST"},{"floor":25,"key":"REST"},{"floor":27,"key":"REST"}],"neow_cost":"NONE","seed_source_timestamp":223339298108835,"circlet_count":0,"master_deck":["Strike_B","Strike_B","Strike_B","Defend_B","Defend_B","Defend_B","Defend_B","Zap+1","Dualcast","Capacitor","Static Discharge+1","Rebound+1","Ball Lightning+1","Redo","Core Surge+1","Gash+1","Biased Cognition","Regret","Decay","Sweeping Beam+1","Sweeping Beam+1","Ball Lightning+1","Gash+1"],"relics":["Cracked Core","Molten Egg 2","Dodecahedron","Pantograph","Calling Bell","PreservedInsect","Letter Opener","Torii","MutagenicStrength","Omamori","Centennial Puzzle","GremlinMask"],"potions_floor_usage":[20,24,30],"damage_taken":[{"damage":2,"enemies":"Jaw Worm","floor":1,"turns":3},{"damage":2,"enemies":"Small Slimes","floor":4,"turns":3},{"damage":0,"enemies":"2 Louse","floor":5,"turns":2},{"damage":26,"enemies":"Lagavulin","floor":6,"turns":8},{"damage":8,"enemies":"Gremlin Gang","floor":8,"turns":5},{"damage":18,"enemies":"Exordium Thugs","floor":11,"turns":2},{"damage":0,"enemies":"Exordium Wildlife","floor":12,"turns":3},{"damage":5,"enemies":"Looter","floor":13,"turns":2},{"damage":15,"enemies":"Gremlin Nob","floor":14,"turns":3},{"damage":43,"enemies":"Hexaghost","floor":16,"turns":5},{"damage":34,"enemies":"2 Thieves","floor":18,"turns":4},{"damage":4,"enemies":"Chosen","floor":20,"turns":2},{"damage":38,"enemies":"Snake Plant","floor":21,"turns":4},{"damage":22,"enemies":"Slavers","floor":24,"turns":2},{"damage":33,"enemies":"Centurion and Healer","floor":29,"turns":5},{"damage":23,"enemies":"Shelled Parasite and Fungi","floor":30,"turns":2}],"seed_played":"3878435633068643455","potions_obtained":[{"floor":4,"key":"Swift Potion"},{"floor":5,"key":"PowerPotion"},{"floor":11,"key":"FearPotion"},{"floor":13,"key":"Dexterity Potion"},{"floor":18,"key":"Regen Potion"},{"floor":24,"key":"GamblersBrew"},{"floor":29,"key":"Energy Potion"}],"is_trial":false,"path_per_floor":["?","?","?","?"],"character_chosen":"DEFECT","items_purchased":["Ball Lightning+1"],"campfire_rested":5,"item_purchase_floors":[22],"current_hp_per_floor":[73,73,73,71,71,45,67,59,59,59,41,41,36,21,43,25,75,41,41,42,4,4,26,4,26,26,48,48,15,0],"gold":239,"neow_bonus":"UPGRADE_CARD","is_prod":false,"is_daily":false,"chose_seed":false,"campfire_upgraded":1,"win_rate":0.0,"timestamp":1548958347,"path_taken":["M","?","?","M","M","E","R","M","T","R","M","M","M","E","R","BOSS","M","?","M","M","$","R","E","R","T","R","?","M","M"],"build_version":"2019-01-23","purchased_purges":1,"victory":false,"max_hp_per_floor":[75,75,75,75,75,75,75,75,75,75,75,75,75,75,75,75,75,75,75,75,75,75,75,75,75,75,75,75,75,75],"card_choices":[{"not_picked":["Coolheaded","Reprogram"],"picked":"Capacitor","floor":1},{"not_picked":["Leap","Hologram"],"picked":"Static Discharge","floor":4},{"not_picked":["Stack","Fusion","Compile Driver"],"picked":"SKIP","floor":5},{"not_picked":["Go for the Eyes","Aggregate"],"picked":"Rebound","floor":6},{"not_picked":["Beam Cell+1","Cold Snap+1"],"picked":"Ball Lightning+1","floor":8},{"not_picked":["Go for the Eyes+1","Conserve Battery"],"picked":"Redo","floor":11},{"not_picked":["Redo","Conserve Battery","Go for the Eyes+1"],"picked":"SKIP","floor":12},{"not_picked":["Hologram","Coolheaded"],"picked":"Core Surge+1","floor":13},{"not_picked":["BootSequence","Compile Driver+1"],"picked":"Gash+1","floor":14},{"not_picked":["Rainbow","Machine Learning"],"picked":"Biased Cognition","floor":16},{"not_picked":["Reprogram+1","Darkness+1","Coolheaded+1"],"picked":"SKIP","floor":18},{"not_picked":["Rebound+1","Go for the Eyes+1"],"picked":"Sweeping Beam+1","floor":20},{"not_picked":["Streamline+1","Lockon+1"],"picked":"Sweeping Beam+1","floor":21},{"not_picked":["Conserve Battery","Melter+1","Stack"],"picked":"SKIP","floor":24},{"not_picked":["Stack","Chill"],"picked":"Gash+1","floor":29}],"player_experience":71525,"relics_obtained":[{"floor":6,"key":"Molten Egg 2"},{"floor":9,"key":"Dodecahedron"},{"floor":14,"key":"Pantograph"},{"floor":17,"key":"PreservedInsect"},{"floor":17,"key":"Letter Opener"},{"floor":17,"key":"Torii"},{"floor":24,"key":"Omamori"},{"floor":26,"key":"Centennial Puzzle"}],"event_choices":[{"damage_healed":0,"gold_gain":0,"player_choice":"Left Gold","damage_taken":0,"max_hp_gain":0,"max_hp_loss":0,"event_name":"World of Goop","floor":2,"gold_loss":48},{"cards_removed":["Strike_B"],"damage_healed":0,"gold_gain":0,"player_choice":"Card Removal","damage_taken":0,"max_hp_gain":0,"max_hp_loss":0,"event_name":"The Cleric","floor":3,"gold_loss":50},{"damage_healed":0,"gold_gain":0,"player_choice":"Inject Mutagens","damage_taken":0,"relics_obtained":["MutagenicStrength"],"max_hp_gain":0,"max_hp_loss":0,"event_name":"Drug Dealer","floor":19,"gold_loss":0},{"damage_healed":0,"gold_gain":0,"player_choice":"Trade","damage_taken":0,"relics_obtained":["GremlinMask"],"max_hp_gain":0,"max_hp_loss":0,"event_name":"FaceTrader","floor":28,"gold_loss":0}],"is_beta":false,"boss_relics":[{"not_picked":["Runic Dome","Philosopher\u0027s Stone"],"picked":"Calling Bell"}],"items_purged_floors":[22],"is_endless":false,"potions_floor_spawned":[4,5,11,13,18,24,29],"killed_by":"Shelled Parasite and Fungi","ascension_level":0}