{"gold_per_floor":[111,131,146,146,156,184,196,196,196,196,211,211,211,224,224,298,298,310,320,320],"floor_reached":20,"playtime":752,"items_purged":[],"score":312,"play_id":"84e86d47-60d2-4db3-9e8c-2b6b641765f2","local_time":"20190406231709","is_ascension_mode":true,"campfire_choices":[{"data":"True Grit","floor":8,"key":"SMITH"},{"data":"Heavy Blade","floor":10,"key":"SMITH"},{"floor":13,"key":"REST"},{"floor":15,"key":"REST"}],"neow_cost":"PERCENT_DAMAGE","seed_source_timestamp":1900190123039205,"circlet_count":0,"master_deck":["AscendersBane","Strike_R","Strike_R","Defend_R","Defend_R","Defend_R","Defend_R","Bash+1","Combust","Pommel Strike","Twin Strike","Heavy Blade+1","True Grit+1","Headbutt+1","Metallicize","Offering","Shockwave"],"relics":["Burning Blood","Du-Vu Doll","Molten Egg 2","Empty Cage"],"potions_floor_usage":[6,18],"damage_taken":[{"damage":2,"enemies":"Jaw Worm","floor":1,"turns":3},{"damage":3,"enemies":"Cultist","floor":2,"turns":3},{"damage":9,"enemies":"2 Louse","floor":3,"turns":3},{"damage":13,"enemies":"Lots of Slimes","floor":5,"turns":2},{"damage":44,"enemies":"Lagavulin","floor":6,"turns":8},{"damage":2,"enemies":"Large Slime","floor":7,"turns":4},{"damage":24,"enemies":"Gremlin Gang","floor":11,"turns":4},{"damage":14,"enemies":"Exordium Wildlife","floor":14,"turns":3},{"damage":36,"enemies":"Slime Boss","floor":16,"turns":7},{"damage":33,"enemies":"Shell Parasite","floor":18,"turns":3},{"damage":39,"enemies":"2 Thieves","floor":19,"turns":3},{"damage":18,"enemies":"Snake Plant","floor":20,"turns":2}],"seed_played":"5779107614875620013","potions_obtained":[{"floor":1,"key":"Energy Potion"},{"floor":6,"key":"SkillPotion"},{"floor":11,"key":"AttackPotion"}],"is_trial":false,"path_per_floor":["?","M","?","M","M"],"character_chosen":"IRONCLAD","items_purchased":[],"campfire_rested":2,"item_purchase_floors":[],"current_hp_per_floor":[68,71,68,68,61,23,27,27,27,27,9,9,35,27,53,23,73,46,13,0],"gold":320,"neow_bonus":"TWENTY_PERCENT_HP_BONUS","is_prod":false,"is_daily":false,"chose_seed":false,"campfire_upgraded":2,"win_rate":0,"timestamp":1554607029,"path_taken":["M","M","M","?","M","E","M","R","T","R","?","?","R","?","R","BOSS","M","?","M"],"build_version":"2019-01-23","purchased_purges":0,"victory":false,"max_hp_per_floor":[89,89,89,89,89,89,89,89,89,89,89,89,89,89,89,89,89,89,89,89],"card_choices":[{"not_picked":["Blood for Blood","Wild Strike"],"picked":"Combust","floor":1},{"not_picked":["Warcry","Body Slam"],"picked":"Pommel Strike","floor":2},{"not_picked":["Double Tap","Havoc"],"picked":"Twin Strike","floor":3},{"not_picked":["Havoc","Intimidate","Cleave"],"picked":"SKIP","floor":5},{"not_picked":["Cleave","Ghostly Armor"],"picked":"Heavy Blade","floor":6},{"not_picked":["Dual Wield","Wild Strike"],"picked":"True Grit","floor":7},{"not_picked":["True Grit","Flex"],"picked":"Headbutt+1","floor":11},{"not_picked":["Iron Wave+1","Pommel Strike+1"],"picked":"Metallicize","floor":14},{"not_picked":["Double Tap","Bludgeon+1"],"picked":"Offering","floor":16},{"not_picked":["Carnage+1","Flex+1","Armaments"],"picked":"SKIP","floor":18},{"not_picked":["Perfected Strike+1","Shrug It Off"],"picked":"Shockwave","floor":19}],"player_experience":1580247,"relics_obtained":[{"floor":6,"key":"Du-Vu Doll"},{"floor":9,"key":"Molten Egg 2"}],"event_choices":[{"cards_removed":["Strike_R"],"damage_healed":0,"gold_gain":0,"player_choice":"Purged","damage_taken":0,"max_hp_gain":0,"max_hp_loss":0,"event_name":"Purifier","floor":4,"gold_loss":0},{"damage_healed":0,"gold_gain":0,"player_choice":"Upgraded","damage_taken":0,"max_hp_gain":0,"max_hp_loss":0,"event_name":"Upgrade Shrine","floor":12,"gold_loss":0,"cards_upgraded":["Bash"]}],"is_beta":false,"boss_relics":[{"not_picked":["White Beast Statue","Mark of Pain"],"picked":"Empty Cage"}],"items_purged_floors":[],"is_endless":false,"potions_floor_spawned":[1,6,11,16],"killed_by":"Snake Plant","ascension_level":15}