{"gold_per_floor":[114,64,64,75,86,86,141,141,191,191,209,284,297,313,313,412,412,431,50,66,66,82,112,124,124,124,141,174,174,184,212,212,314,314],"floor_reached":34,"playtime":2782,"items_purged":["Strike_R"],"score":464,"play_id":"88a8661b-7a4d-488a-8a7a-438bc9f2e96e","local_time":"20190316121914","is_ascension_mode":false,"campfire_choices":[{"data":"Iron Wave","floor":6,"key":"SMITH"},{"data":"Barricade","floor":8,"key":"SMITH"},{"data":"Anger","floor":10,"key":"SMITH"},{"data":"True Grit","floor":15,"key":"SMITH"},{"floor":29,"key":"REST"},{"data":"1","floor":32,"key":"LIFT"}],"neow_cost":"NONE","seed_source_timestamp":44290267117196,"circlet_count":0,"master_deck":["Strike_R","Strike_R","Strike_R","Defend_R","Defend_R","Defend_R","Bash","Immolate","Iron Wave+1","Armaments","Anger+1","Barricade+1","Shrug It Off","True Grit+1","Armaments","Immolate","Carnage+1","Anger","Seeing Red+1","Warcry+1","Corruption","Metallicize","RitualDagger","Havoc+1","True Grit","Dark Embrace","Iron Wave+1","Impervious"],"relics":["Burning Blood","Tiny Chest","PreservedInsect","Black Star","Sundial","Dead Branch","Red Skull","Gremlin Horn","Self Forming Clay","Paper Frog","Girya","Matryoshka","Runic Pyramid"],"potions_floor_usage":[18,22,31],"damage_taken":[{"damage":3,"enemies":"Jaw Worm","floor":1,"turns":4},{"damage":0,"enemies":"Small Slimes","floor":4,"turns":2},{"damage":1,"enemies":"Cultist","floor":5,"turns":3},{"damage":26,"enemies":"Lagavulin","floor":7,"turns":5},{"damage":0,"enemies":"2 Fungi Beasts","floor":11,"turns":2},{"damage":0,"enemies":"3 Louse","floor":13,"turns":2},{"damage":5,"enemies":"Looter","floor":14,"turns":3},{"damage":37,"enemies":"Slime Boss","floor":16,"turns":13},{"damage":3,"enemies":"Chosen","floor":18,"turns":3},{"damage":11,"enemies":"2 Thieves","floor":20,"turns":4},{"damage":18,"enemies":"Cultist and Chosen","floor":22,"turns":6},{"damage":22,"enemies":"Gremlin Leader","floor":23,"turns":4},{"damage":17,"enemies":"Shelled Parasite and Fungi","floor":24,"turns":5},{"damage":2,"enemies":"Snake Plant","floor":27,"turns":3},{"damage":33,"enemies":"Book of Stabbing","floor":28,"turns":4},{"damage":3,"enemies":"Sentry and Sphere","floor":30,"turns":4},{"damage":20,"enemies":"Slavers","floor":31,"turns":3},{"damage":3,"enemies":"Collector","floor":33,"turns":4}],"seed_played":"8648239609209409939","potions_obtained":[{"floor":3,"key":"PowerPotion"},{"floor":3,"key":"AttackPotion"},{"floor":3,"key":"Weak Potion"},{"floor":5,"key":"BloodPotion"},{"floor":13,"key":"Fire Potion"},{"floor":18,"key":"PowerPotion"},{"floor":22,"key":"Poison Potion"},{"floor":27,"key":"EssenceOfSteel"}],"is_trial":false,"path_per_floor":["?","?","M","?","?","?"],"character_chosen":"IRONCLAD","items_purchased":["Anger","Sundial"],"campfire_rested":1,"item_purchase_floors":[19,19],"current_hp_per_floor":[80,80,80,80,80,80,60,60,60,60,66,55,61,62,62,31,80,80,80,75,75,71,55,44,38,38,42,15,39,42,28,28,31,80],"gold":314,"neow_bonus":"ONE_RANDOM_RARE_CARD","is_prod":false,"is_daily":false,"chose_seed":false,"campfire_upgraded":4,"win_rate":0,"timestamp":1552753154,"path_taken":["M","?","?","M","M","R","E","R","T","R","?","?","M","M","R","BOSS","M","$","M","?","M","E","M","?","T","M","E","R","M","E","R","BOSS"],"build_version":"2019-01-23","purchased_purges":1,"victory":false,"max_hp_per_floor":[80,80,80,80,80,80,80,80,80,80,80,80,80,80,80,80,80,80,80,80,80,80,80,80,80,80,80,80,80,80,80,80,80,80],"card_choices":[{"not_picked":["Flex","Reckless Charge"],"picked":"Iron Wave","floor":1},{"not_picked":["Wild Strike","Reckless Charge"],"picked":"Armaments","floor":4},{"not_picked":["Ghostly Armor","Shrug It Off"],"picked":"Anger","floor":5},{"not_picked":["Sword Boomerang","Exhume"],"picked":"Barricade","floor":7},{"not_picked":["Dropkick","Dual Wield"],"picked":"Shrug It Off","floor":11},{"not_picked":["Flex","Clash"],"picked":"True Grit","floor":13},{"not_picked":["Clash","Cleave"],"picked":"Armaments","floor":14},{"not_picked":["Double Tap","Exhume"],"picked":"Immolate","floor":16},{"not_picked":["Second Wind","Perfected Strike"],"picked":"Carnage+1","floor":18},{"not_picked":["Shrug It Off+1","Perfected Strike"],"picked":"Seeing Red+1","floor":20},{"not_picked":["Disarm+1","Clothesline"],"picked":"Warcry+1","floor":22},{"not_picked":["Cleave","Ghostly Armor+1"],"picked":"Corruption","floor":23},{"not_picked":["True Grit","Bloodletting+1"],"picked":"Metallicize","floor":24},{"not_picked":["Burning Pact","Rupture"],"picked":"Havoc+1","floor":27},{"not_picked":["Searing Blow","Clash+1"],"picked":"True Grit","floor":28},{"not_picked":["Clash+1","Bloodletting"],"picked":"Dark Embrace","floor":30},{"not_picked":["Flame Barrier","Offering"],"picked":"Iron Wave+1","floor":31},{"not_picked":["Exhume","Brutality"],"picked":"Impervious","floor":33}],"player_experience":674838,"relics_obtained":[{"floor":7,"key":"Tiny Chest"},{"floor":9,"key":"PreservedInsect"},{"floor":23,"key":"Dead Branch"},{"floor":23,"key":"Red Skull"},{"floor":26,"key":"Gremlin Horn"},{"floor":28,"key":"Self Forming Clay"},{"floor":28,"key":"Paper Frog"},{"floor":31,"key":"Girya"},{"floor":31,"key":"Matryoshka"}],"event_choices":[{"cards_removed":["Defend_R"],"damage_healed":0,"gold_gain":0,"player_choice":"Card Removal","damage_taken":0,"max_hp_gain":0,"max_hp_loss":0,"event_name":"The Cleric","floor":2,"gold_loss":50},{"damage_healed":0,"gold_gain":0,"player_choice":"Got Potions","damage_taken":0,"max_hp_gain":0,"max_hp_loss":0,"event_name":"Lab","floor":3,"gold_loss":0},{"damage_healed":0,"gold_gain":75,"player_choice":"Gather Gold","damage_taken":11,"max_hp_gain":0,"max_hp_loss":0,"event_name":"World of Goop","floor":12,"gold_loss":0},{"cards_removed":["Strike_R"],"damage_healed":0,"gold_gain":0,"player_choice":"Elegance","damage_taken":0,"max_hp_gain":0,"max_hp_loss":0,"event_name":"Back to Basics","floor":21,"gold_loss":0},{"damage_healed":0,"gold_gain":0,"player_choice":"Joined the Cult","damage_taken":6,"max_hp_gain":0,"max_hp_loss":0,"event_name":"Nest","floor":25,"gold_loss":0,"cards_obtained":["RitualDagger"]}],"is_beta":false,"boss_relics":[{"not_picked":["Empty Cage","Calling Bell"],"picked":"Black Star"},{"not_picked":["Busted Crown","Eternal Feather"],"picked":"Runic Pyramid"}],"items_purged_floors":[19],"is_endless":false,"potions_floor_spawned":[5,13,14,18,22,27,30],"ascension_level":0}