{"gold_per_floor":[99,99,99,99,99,99,99,99,99,99,99,99,55,55,55,55,55,55,55,0,0,0,0,0],"floor_reached":24,"playtime":1332,"items_purged":[],"score":262,"play_id":"edcf4139-9c11-493e-b218-6e7e5c05104c","local_time":"20180905112743","is_ascension_mode":true,"campfire_choices":[{"floor":6,"key":"REST"},{"floor":10,"key":"REST"},{"data":"After Image","floor":15,"key":"SMITH"},{"floor":23,"key":"REST"}],"neow_cost":"NONE","seed_source_timestamp":574098368788498,"circlet_count":0,"master_deck":["Defend_G","Defend_G","Defend_G","Defend_G","Defend_G","Strike_G+1","Strike_G+1","Strike_G","Strike_G","Survivor","Neutralize","Deadly Poison","Bane","Dagger Throw","Backflip","Backflip","After Image+1","Backflip","Adrenaline","Sucker Punch+1","Dodge and Roll","Backflip+1"],"relics":["Ectoplasm","Juzu Bracelet","Anchor","Whetstone","Vajra","Black Star"],"potions_floor_usage":[11,20,24],"damage_taken":[{"damage":1,"enemies":"Cultist","floor":1,"turns":5},{"damage":0,"enemies":"2 Louse","floor":2,"turns":3},{"damage":1,"enemies":"Small Slimes","floor":7,"turns":4},{"damage":32,"enemies":"Lagavulin","floor":8,"turns":7},{"damage":10,"enemies":"3 Sentries","floor":11,"turns":9},{"damage":0,"enemies":"Exordium Wildlife","floor":12,"turns":2},{"damage":0,"enemies":"Blue Slaver","floor":14,"turns":3},{"damage":43,"enemies":"Slime Boss","floor":16,"turns":18},{"damage":7,"enemies":"Spheric Guardian","floor":18,"turns":4},{"damage":2,"enemies":"2 Thieves","floor":20,"turns":5},{"damage":26,"enemies":"Sentry and Sphere","floor":22,"turns":10},{"damage":48,"enemies":"Gremlin Leader","floor":24,"turns":5}],"seed_played":"-3907662809775907408","potions_obtained":[{"floor":2,"key":"LiquidBronze"},{"floor":7,"key":"Regen Potion"},{"floor":18,"key":"Fire Potion"}],"is_trial":false,"path_per_floor":["M","M","?","?","?","R","M","E","T","R","E","M","?","M","R","B",null,"M","?","M","$","M","R"],"character_chosen":"THE_SILENT","items_purchased":[],"campfire_rested":3,"item_purchase_floors":[],"current_hp_per_floor":[69,69,62,44,44,65,64,32,32,53,58,58,58,58,58,15,70,63,50,48,48,22,44,0],"gold":0,"neow_bonus":"BOSS_RELIC","is_prod":false,"is_daily":false,"chose_seed":false,"campfire_upgraded":1,"win_rate":0,"timestamp":1536168463,"path_taken":["M","M","?","?","?","R","M","E","T","R","E","M","?","M","R","BOSS","M","?","M","$","M","R","E"],"build_version":"2018-08-30","purchased_purges":0,"victory":false,"max_hp_per_floor":[70,70,70,70,70,70,70,70,70,70,70,70,70,70,70,70,70,70,75,75,75,75,75,75],"card_choices":[{"not_picked":["PiercingWail","Bane"],"picked":"Deadly Poison","floor":1},{"not_picked":["Outmaneuver","Leg Sweep"],"picked":"Bane","floor":2},{"not_picked":["Deflect","Dodge and Roll"],"picked":"Dagger Throw","floor":7},{"not_picked":["Predator","Riddle With Holes"],"picked":"Backflip","floor":8},{"not_picked":["Dodge and Roll","Accuracy"],"picked":"Backflip","floor":11},{"not_picked":["Prepared","Dagger Throw"],"picked":"After Image","floor":12},{"not_picked":["PiercingWail","Underhanded Strike"],"picked":"Backflip","floor":14},{"not_picked":["Doppelganger","Grand Finale"],"picked":"Adrenaline","floor":16},{"not_picked":["Slice","Outmaneuver"],"picked":"Sucker Punch+1","floor":18},{"not_picked":["Endless Agony","Deflect"],"picked":"Dodge and Roll","floor":20},{"not_picked":["Blade Dance","All Out Attack"],"picked":"Backflip+1","floor":22}],"player_experience":463109,"relics_obtained":[{"floor":8,"key":"Anchor"},{"floor":9,"key":"Whetstone"},{"floor":11,"key":"Vajra"}],"event_choices":[{"event_name":"Golden Wing","player_choice":"Card Removal","floor":3,"damage_taken":0},{"event_name":"Scrap Ooze","player_choice":"success","floor":4,"damage_taken":18},{"event_name":"Golden Idol","player_choice":"Ignored","floor":5,"damage_taken":0},{"event_name":"World of Goop","player_choice":"Left","floor":13,"damage_taken":0},{"event_name":"Forgotten Altar","player_choice":"Shed Blood","floor":19,"damage_taken":0}],"is_beta":false,"boss_relics":[{"not_picked":["Calling Bell","Busted Crown"],"picked":"Black Star"}],"items_purged_floors":[],"is_endless":false,"potions_floor_spawned":[2,7,18],"killed_by":"Gremlin Leader","ascension_level":3}