{"gold_per_floor":[111,111,125,4,22,22,50,50,50,78,92,92,126,138,138,236,236,252,252,263,263,22,57,57],"floor_reached":24,"playtime":956,"items_purged":[],"score":271,"play_id":"b4e9201a-4787-4f2b-82ea-588812684f23","local_time":"20180816215834","is_ascension_mode":true,"campfire_choices":[{"floor":6,"key":"REST"},{"data":"Blizzard","floor":8,"key":"SMITH"},{"floor":12,"key":"REST"},{"floor":15,"key":"REST"}],"neow_cost":"CURSE","seed_source_timestamp":547858784362604,"circlet_count":0,"master_deck":["Strike_B+1","Strike_B+1","Strike_B","Strike_B","Defend_B","Defend_B","Defend_B","Defend_B","Zap","Dualcast","Electrodynamics","Gash","Storm","Loop","Cold Snap","Cold Snap","Blizzard+1","Coolheaded+1","Rebound","Darkness+1","Loop","Thunder Strike","Redo+1","Redo+1","RitualDagger","Redo+1","Go for the Eyes","Redo+1"],"relics":["Cracked Core","Toxic Egg 2","Bag of Preparation","Orichalcum","Juzu Bracelet","Inserter","Bag of Marbles","Kunai"],"potions_floor_usage":[7,13,23,23,24],"damage_taken":[{"damage":10,"enemies":"Small Slimes","floor":1,"turns":3},{"damage":1,"enemies":"Cultist","floor":3,"turns":3},{"damage":11,"enemies":"Jaw Worm","floor":5,"turns":3},{"damage":17,"enemies":"Lagavulin","floor":7,"turns":5},{"damage":13,"enemies":"3 Sentries","floor":10,"turns":3},{"damage":0,"enemies":"Blue Slaver","floor":11,"turns":4},{"damage":13,"enemies":"Gremlin Nob","floor":13,"turns":4},{"damage":0,"enemies":"Exordium Wildlife","floor":14,"turns":2},{"damage":6,"enemies":"Slime Boss","floor":16,"turns":7},{"damage":8,"enemies":"3 Byrds","floor":18,"turns":3},{"damage":24,"enemies":"2 Thieves","floor":20,"turns":5},{"damage":48,"enemies":"Slavers","floor":23,"turns":5},{"damage":4,"enemies":"Snake Plant","floor":24,"turns":1}],"seed_played":"1346474396191304167","potions_obtained":[{"floor":5,"key":"LiquidBronze"},{"floor":10,"key":"AttackPotion"},{"floor":16,"key":"Poison Potion"},{"floor":18,"key":"Regen Potion"},{"floor":23,"key":"Dexterity Potion"}],"is_trial":false,"path_per_floor":["M","?","M","$","M","R","E","R","T","E","M","R","E","M","R","B",null,"M","?","M","?","$","E"],"character_chosen":"DEFECT","items_purchased":["Loop","Cold Snap","Bag of Marbles","Redo+1","Go for the Eyes"],"campfire_rested":3,"item_purchase_floors":[4,4,22,22,22],"current_hp_per_floor":[65,50,49,49,38,60,43,43,43,30,30,52,39,39,61,55,75,67,67,43,37,37,3,0],"gold":57,"neow_bonus":"THREE_RARE_CARDS","is_prod":false,"is_daily":false,"chose_seed":false,"campfire_upgraded":1,"win_rate":0,"timestamp":1534478314,"path_taken":["M","?","M","$","M","R","E","R","T","E","M","R","E","M","R","BOSS","M","?","M","?","$","E","M"],"build_version":"2018-08-09","purchased_purges":0,"victory":false,"max_hp_per_floor":[75,75,75,75,75,75,75,75,75,75,75,75,75,75,75,75,75,75,75,75,75,75,75,75],"card_choices":[{"not_picked":["Seek","Core Surge"],"picked":"Electrodynamics","floor":0},{"not_picked":["Turbo","Reinforced Body"],"picked":"Gash","floor":1},{"not_picked":["Sweeping Beam","Beam Cell"],"picked":"Storm","floor":3},{"not_picked":["Rebound","Sweeping Beam"],"picked":"Cold Snap","floor":5},{"not_picked":["Streamline","Leap"],"picked":"Blizzard","floor":7},{"not_picked":["Doom and Gloom","FTL"],"picked":"Coolheaded+1","floor":10},{"not_picked":["Hyperbeam","Recycle+1"],"picked":"Rebound","floor":11},{"not_picked":["Redo+1","Reboot+1"],"picked":"Darkness+1","floor":13},{"not_picked":["Aggregate+1","Reinforced Body+1"],"picked":"Loop","floor":14},{"not_picked":["Machine Learning","Amplify+1"],"picked":"Thunder Strike","floor":16},{"not_picked":["Darkness+1","Barrage"],"picked":"Redo+1","floor":18},{"not_picked":["Rebound","Coolheaded+1"],"picked":"Redo+1","floor":20},{"not_picked":["Lockon","Aggregate+1"],"picked":"Redo+1","floor":23}],"player_experience":232840,"relics_obtained":[{"floor":7,"key":"Toxic Egg 2"},{"floor":9,"key":"Bag of Preparation"},{"floor":10,"key":"Orichalcum"},{"floor":13,"key":"Juzu Bracelet"},{"floor":23,"key":"Kunai"}],"event_choices":[{"event_name":"Shining Light","player_choice":"Entered Light","floor":2,"damage_taken":0},{"event_name":"Fountain of Cleansing","player_choice":"Removed Curse","floor":19,"damage_taken":0},{"event_name":"Nest","player_choice":"Joined the Cult","floor":21,"damage_taken":0}],"is_beta":false,"boss_relics":[{"not_picked":["Calling Bell","Lizard Tail"],"picked":"Inserter"}],"items_purged_floors":[],"is_endless":false,"potions_floor_spawned":[5,10,16,18,23],"killed_by":"Snake Plant","ascension_level":1}