{"gold_per_floor":[117,133,149,149,160,185,185,110,180,205,224,224,224,242,242,342,342,355,280,180,192,192,221,241,259,285,44,60,60,60,60],"floor_reached":31,"playtime":1508,"items_purged":["Strike_B","Strike_B"],"score":267,"play_id":"d9f5b5a5-893d-4cec-abf3-be98cc76410d","local_time":"20190218171237","is_ascension_mode":false,"campfire_choices":[{"floor":7,"key":"REST"},{"floor":13,"key":"REST"},{"data":"Storm","floor":15,"key":"SMITH"}],"neow_cost":"NONE","seed_source_timestamp":405630557221431,"circlet_count":0,"master_deck":["Strike_B","Defend_B","Defend_B","Defend_B","Zap","Dualcast","Dramatic Entrance","Gash","Static Discharge","Storm+1","Gash","Steam","Static Discharge","Machine Learning","Gash+1","Skim","FTL","Decay"],"relics":["Cracked Core","Thread and Needle","Bottled Tornado","Regal Pillow","Nuclear Battery","Centennial Puzzle","Oddly Smooth Stone","Mummified Hand"],"potions_floor_usage":[5,10,16,21,23,31,31,31,31],"damage_taken":[{"damage":0,"enemies":"Cultist","floor":1,"turns":3},{"damage":1,"enemies":"2 Louse","floor":2,"turns":2},{"damage":5,"enemies":"Small Slimes","floor":3,"turns":2},{"damage":19,"enemies":"Exordium Thugs","floor":5,"turns":5},{"damage":37,"enemies":"3 Sentries","floor":6,"turns":8},{"damage":17,"enemies":"Gremlin Nob","floor":10,"turns":4},{"damage":8,"enemies":"Red Slaver","floor":11,"turns":4},{"damage":0,"enemies":"3 Louse","floor":14,"turns":2},{"damage":26,"enemies":"The Guardian","floor":16,"turns":8},{"damage":6,"enemies":"Shell Parasite","floor":18,"turns":5},{"damage":1,"enemies":"Chosen","floor":21,"turns":4},{"damage":28,"enemies":"Slavers","floor":23,"turns":5},{"damage":15,"enemies":"Centurion and Healer","floor":24,"turns":4},{"damage":3,"enemies":"3 Cultists","floor":25,"turns":4},{"damage":14,"enemies":"Shelled Parasite and Fungi","floor":28,"turns":3},{"damage":15,"enemies":"Colosseum Slavers","floor":31,"turns":1}],"seed_played":"7210873787214132289","potions_obtained":[{"floor":4,"key":"SneckoOil"},{"floor":4,"key":"EntropicBrew"},{"floor":4,"key":"LiquidBronze"},{"floor":5,"key":"FearPotion"},{"floor":6,"key":"AttackPotion"},{"floor":10,"key":"LiquidBronze"},{"floor":14,"key":"Poison Potion"},{"floor":18,"key":"Ancient Potion"},{"floor":24,"key":"FocusPotion"}],"is_trial":false,"path_per_floor":["M","?","M","?","?","?","M","$","?","T","?"],"character_chosen":"DEFECT","items_purchased":["Mummified Hand"],"campfire_rested":2,"item_purchase_floors":[27],"current_hp_per_floor":[75,74,69,69,50,13,35,35,35,18,10,10,47,47,47,21,75,69,69,69,68,68,40,25,22,22,22,8,8,8,0],"gold":60,"neow_bonus":"RANDOM_COLORLESS","is_prod":false,"is_daily":false,"chose_seed":false,"campfire_upgraded":1,"win_rate":0,"timestamp":1550527957,"path_taken":["M","?","M","?","?","E","R","$","T","E","M","?","R","M","R","BOSS","M","?","$","M","?","E","?","M","T","?","M","?","?","?"],"build_version":"2019-01-23","purchased_purges":2,"victory":false,"max_hp_per_floor":[75,75,75,75,75,75,75,75,75,75,75,75,75,75,75,75,75,75,75,75,75,75,75,75,75,75,75,75,75,75,75],"card_choices":[{"not_picked":["Hologram","Ball Lightning"],"picked":"Gash","floor":1},{"not_picked":["Scrape","Reprogram"],"picked":"Static Discharge","floor":2},{"not_picked":["Coolheaded","Ball Lightning"],"picked":"Storm","floor":3},{"not_picked":["Static Discharge","Coolheaded"],"picked":"Gash","floor":5},{"not_picked":["Beam Cell","Hologram"],"picked":"Steam","floor":6},{"not_picked":["Rip and Tear","Turbo","Blizzard"],"picked":"SKIP","floor":10},{"not_picked":["Coolheaded","Go for the Eyes","Barrage"],"picked":"SKIP","floor":11},{"not_picked":["Recycle","Creative AI"],"picked":"Static Discharge","floor":14},{"not_picked":["Hyperbeam","Biased Cognition"],"picked":"Machine Learning","floor":16},{"not_picked":["Barrage","Hello World+1"],"picked":"Gash+1","floor":18},{"not_picked":["Stack","Hologram","Ball Lightning"],"picked":"SKIP","floor":21},{"not_picked":["Stack","Hologram","Turbo+1"],"picked":"SKIP","floor":23},{"not_picked":["Sunder+1","Double Energy"],"picked":"FTL","floor":24},{"not_picked":["Leap","Ball Lightning","Sweeping Beam+1"],"picked":"SKIP","floor":25},{"not_picked":["Redo","Steam Power","Turbo"],"picked":"SKIP","floor":28}],"player_experience":517821,"relics_obtained":[{"floor":6,"key":"Thread and Needle"},{"floor":9,"key":"Bottled Tornado"},{"floor":10,"key":"Regal Pillow"},{"floor":23,"key":"Centennial Puzzle"},{"floor":26,"key":"Oddly Smooth Stone"}],"event_choices":[{"damage_healed":0,"gold_gain":0,"player_choice":"Got Potions","damage_taken":0,"max_hp_gain":0,"max_hp_loss":0,"event_name":"Lab","floor":4,"gold_loss":0},{"damage_healed":0,"gold_gain":0,"player_choice":"Ignored","damage_taken":0,"max_hp_gain":0,"max_hp_loss":0,"event_name":"Liars Game","floor":12,"gold_loss":0},{"cards_removed":["Strike_B"],"damage_healed":0,"gold_gain":0,"player_choice":"Gave Gold","damage_taken":0,"max_hp_gain":0,"max_hp_loss":0,"event_name":"Beggar","floor":19,"gold_loss":75},{"damage_healed":0,"gold_gain":0,"cards_transformed":["Defend_B"],"player_choice":"Transformed","damage_taken":0,"max_hp_gain":0,"max_hp_loss":0,"event_name":"Transmorgrifier","floor":22,"gold_loss":0,"cards_obtained":["Skim"]},{"damage_healed":0,"gold_gain":0,"player_choice":"Smashed Altar","damage_taken":0,"max_hp_gain":0,"max_hp_loss":0,"event_name":"Forgotten Altar","floor":29,"gold_loss":0,"cards_obtained":["Decay"]},{"damage_healed":0,"gold_gain":0,"player_choice":"Fight","damage_taken":0,"max_hp_gain":0,"max_hp_loss":0,"event_name":"Colosseum","floor":31,"gold_loss":0}],"is_beta":false,"boss_relics":[{"not_picked":["FrozenCore","Pandora\u0027s Box"],"picked":"Nuclear Battery"}],"items_purged_floors":[8,20],"is_endless":false,"potions_floor_spawned":[5,6,10,14,18,24],"killed_by":"Colosseum Slavers","ascension_level":0}