{"gold_per_floor":[109,124,142,142,161,175,175,100,100,100,114,114,114,157,157,157],"floor_reached":16,"playtime":795,"items_purged":["Defend_G"],"score":102,"play_id":"7907c47d-f210-4fe1-b3a2-891e0a691285","local_time":"20190105183459","is_ascension_mode":false,"campfire_choices":[{"data":"Cloak And Dagger","floor":7,"key":"SMITH"},{"data":"Prepared","floor":13,"key":"SMITH"},{"floor":15,"key":"REST"}],"neow_cost":"NONE","seed_source_timestamp":353186381236864,"circlet_count":0,"master_deck":["Defend_G","Defend_G","Defend_G","Strike_G","Strike_G","Strike_G","Strike_G","Strike_G","Survivor","Neutralize","Cloak And Dagger+1","Backflip","Prepared+1","Parasite","After Image"],"relics":["Ring of the Snake","The Courier","Golden Idol","Mercury Hourglass"],"potions_floor_usage":[14],"damage_taken":[{"damage":1,"enemies":"Cultist","floor":1,"turns":4},{"damage":7,"enemies":"Small Slimes","floor":2,"turns":4},{"damage":0,"enemies":"2 Louse","floor":3,"turns":3},{"damage":15,"enemies":"Exordium Wildlife","floor":5,"turns":8},{"damage":2,"enemies":"Blue Slaver","floor":6,"turns":5},{"damage":0,"enemies":"2 Fungi Beasts","floor":11,"turns":3},{"damage":22,"enemies":"Lagavulin","floor":14,"turns":10},{"damage":58,"enemies":"The Guardian","floor":16,"turns":18}],"seed_played":"-5152662383682609454","potions_obtained":[{"floor":1,"key":"Swift Potion"}],"is_trial":false,"path_per_floor":["M","M","M","?","M","M","R","$","T","?","M","?","R","E","R","B"],"character_chosen":"THE_SILENT","items_purchased":[],"campfire_rested":1,"item_purchase_floors":[],"current_hp_per_floor":[76,69,69,69,54,52,52,52,52,33,33,52,52,30,53,0],"gold":157,"neow_bonus":"TEN_PERCENT_HP_BONUS","is_prod":false,"is_daily":false,"chose_seed":false,"campfire_upgraded":2,"win_rate":0,"timestamp":1546742099,"path_taken":["M","M","?","?","?","M","R","$","T","?","M","?","R","E","R","BOSS"],"build_version":"2019-01-03v4","purchased_purges":1,"victory":false,"max_hp_per_floor":[77,77,77,77,77,77,77,77,77,77,77,77,77,77,77,77],"card_choices":[{"not_picked":["Terror","Flying Knee","Bane"],"picked":"SKIP","floor":1},{"not_picked":["Blade Dance","Bouncing Flask"],"picked":"Cloak And Dagger","floor":2},{"not_picked":["Underhanded Strike","Deflect"],"picked":"Backflip","floor":3},{"not_picked":["PiercingWail","Deflect","Distraction"],"picked":"SKIP","floor":5},{"not_picked":["Calculated Gamble","Underhanded Strike","All Out Attack"],"picked":"SKIP","floor":6},{"not_picked":["Quick Slash","Infinite Blades"],"picked":"Prepared","floor":11},{"not_picked":["Catalyst","Bane"],"picked":"After Image","floor":14}],"player_experience":110617,"relics_obtained":[{"floor":9,"key":"The Courier"},{"floor":14,"key":"Mercury Hourglass"}],"event_choices":[{"cards_removed":["Defend_G"],"damage_healed":0,"gold_gain":0,"player_choice":"Offered Basic","damage_taken":0,"max_hp_gain":0,"max_hp_loss":0,"event_name":"Bonfire Elementals","floor":4,"gold_loss":0},{"damage_healed":0,"gold_gain":0,"player_choice":"Take Damage","damage_taken":19,"relics_obtained":["Golden Idol"],"max_hp_gain":0,"max_hp_loss":0,"event_name":"Golden Idol","floor":10,"gold_loss":0},{"damage_healed":19,"gold_gain":0,"player_choice":"Healed and dodged fight","damage_taken":0,"max_hp_gain":0,"max_hp_loss":0,"event_name":"Mushrooms","floor":12,"gold_loss":0,"cards_obtained":["Parasite"]}],"is_beta":false,"boss_relics":[],"items_purged_floors":[8],"is_endless":false,"potions_floor_spawned":[1],"killed_by":"The Guardian","ascension_level":0}