{"gold_per_floor":[114,125,300,300,300,300,300,312,312,312,346,370,382,404,416,532,544,567,286,286,305,322,322,1,14,37,37,52,22,22,47,47,143,143,160,60,60,160,160,160,178,203,203,54,72,87,99,124,124,124],"floor_reached":51,"playtime":1652,"items_purged":["Regret","Regret","Writhe"],"score":775,"play_id":"b523be7f-e453-4980-8675-41e4a87005bb","local_time":"20190411231352","is_ascension_mode":false,"campfire_choices":[{"data":"Carnage","floor":6.0,"key":"SMITH"},{"data":"Inflame","floor":10.0,"key":"SMITH"},{"data":"Bash","floor":15.0,"key":"SMITH"},{"data":"Demon Form","floor":23.0,"key":"SMITH"},{"data":"Shrug It Off","floor":27.0,"key":"SMITH"},{"floor":32,"key":"REST"},{"data":"Defend_R","floor":40,"key":"SMITH"},{"data":"Defend_R","floor":49,"key":"SMITH"}],"neow_cost":"","seed_source_timestamp":0,"circlet_count":0,"master_deck":["Strike_R","Strike_R","Strike_R","Strike_R","Strike_R","Defend_R+1","Defend_R+1","Defend_R","Bash+1","Carnage+1","Shrug It Off+1","Inflame+1","Shrug It Off+1","Demon Form+1","True Grit+1","Limit Break+1","Seeing Red+1","Double Tap+1","Spot Weakness+1","Decay","True Grit+1","Whirlwind+1","True Grit+1","Sentinel+1"],"special_seed":0,"relics":["Burning Blood","Pear","Oddly Smooth Stone","Toxic Egg 2","MawBank","Cursed Key","PreservedInsect","Darkstone Periapt","Blood Vial","Charon\u0027s Ashes","Busted Crown","Bronze Scales","StoneCalendar","Bag of Marbles","Bottled Flame","Happy Flower"],"potions_floor_usage":[31,33,33,38,42,45,48,50],"damage_taken":[{"damage":0.0,"enemies":"2 Louse","floor":1.0,"turns":3.0},{"damage":8.0,"enemies":"Jaw Worm","floor":2.0,"turns":4.0},{"damage":3.0,"enemies":"Small Slimes","floor":8.0,"turns":3.0},{"damage":23.0,"enemies":"Gremlin Nob","floor":11.0,"turns":4.0},{"damage":9.0,"enemies":"3 Louse","floor":12.0,"turns":4.0},{"damage":6.0,"enemies":"Exordium Thugs","floor":14.0,"turns":4.0},{"damage":31.0,"enemies":"The Guardian","floor":16.0,"turns":14.0},{"damage":20.0,"enemies":"Spheric Guardian","floor":18.0,"turns":5.0},{"damage":15.0,"enemies":"Shell Parasite","floor":21.0,"turns":4.0},{"damage":1.0,"enemies":"Shelled Parasite and Fungi","floor":22.0,"turns":7.0},{"damage":14.0,"enemies":"Centurion and Healer","floor":25.0,"turns":5.0},{"damage":34.0,"enemies":"Sentry and Sphere","floor":28.0,"turns":6.0},{"damage":30,"enemies":"Gremlin Leader","floor":31,"turns":6},{"damage":9,"enemies":"Champ","floor":33,"turns":9},{"damage":25,"enemies":"Orb Walker","floor":35,"turns":5},{"damage":0,"enemies":"Mind Bloom Boss Battle","floor":38,"turns":6},{"damage":0,"enemies":"3 Shapes","floor":41,"turns":4},{"damage":9,"enemies":"Giant Head","floor":42,"turns":5},{"damage":13,"enemies":"Spire Growth","floor":45,"turns":3},{"damage":7,"enemies":"Transient","floor":46,"turns":5},{"damage":6,"enemies":"Jaw Worm Horde","floor":47,"turns":4},{"damage":11,"enemies":"Nemesis","floor":48,"turns":5},{"damage":50,"enemies":"Awakened One","floor":50,"turns":9}],"seed_played":"-8125270017030431236","potions_obtained":[{"floor":1.0,"key":"BloodPotion"},{"floor":8.0,"key":"EntropicBrew"},{"floor":14.0,"key":"Explosive Potion"},{"floor":22.0,"key":"FairyPotion"},{"floor":29.0,"key":"Dexterity Potion"},{"floor":29.0,"key":"Energy Potion"},{"floor":31,"key":"Dexterity Potion"},{"floor":33,"key":"FearPotion"},{"floor":35,"key":"Fire Potion"},{"floor":38,"key":"SkillPotion"},{"floor":45,"key":"Weak Potion"},{"floor":46,"key":"SteroidPotion"},{"floor":48,"key":"SpeedPotion"}],"is_trial":true,"path_per_floor":["M","M","?","?","?","R","?","M","T","R","E","M","?","M","R","B",null,"M","$","?","M","M","R","$","M","T","R","M","?","$","E","R","B",null,"M","$","T","?","?","R","M","E","T","$","M","M","M","E","R","B",null],"character_chosen":"IRONCLAD","items_purchased":["Limit Break+1","PreservedInsect","Darkstone Periapt","Seeing Red+1","True Grit+1"],"campfire_rested":1,"item_purchase_floors":[19,19,24,24,44],"current_hp_per_floor":[80,78,78,88,70,70,70,82,82,82,65,62,62,62,62,37,90,76,76,76,67,72,72,72,64,70,70,44,44,44,22,50,49,96,77,77,83,91,91,91,99,98,104,104,99,100,102,99,99,57],"gold":124,"neow_bonus":"","is_prod":false,"is_daily":false,"chose_seed":true,"campfire_upgraded":7,"win_rate":0,"timestamp":1555038832,"path_taken":["M","M","?","?","?","R","?","M","T","R","E","?","?","M","R","BOSS","M","$","?","?","M","R","$","M","T","R","M","?","?","E","R","BOSS","M","$","?","?","?","R","M","E","T","?","M","M","M","E","R","BOSS"],"build_version":"2019-01-23","purchased_purges":3,"victory":true,"max_hp_per_floor":[80,80,80,90,90,90,90,90,90,90,90,90,90,90,90,90,90,90,90,90,90,90,90,90,90,96,96,96,96,96,96,96,96,96,96,96,102,102,102,102,102,102,108,108,108,108,108,108,108,108],"card_choices":[{"not_picked":["Evolve","Clash","Wild Strike"],"picked":"SKIP","floor":1.0},{"not_picked":["Dropkick","Inflame"],"picked":"Carnage","floor":2.0},{"not_picked":["Body Slam","Flex"],"picked":"Inflame","floor":8.0},{"not_picked":["Clash","Sever Soul","Sentinel+1"],"picked":"SKIP","floor":11.0},{"not_picked":["Inflame","Iron Wave"],"picked":"Shrug It Off+1","floor":12.0},{"not_picked":["Anger","Cleave","Iron Wave"],"picked":"SKIP","floor":14.0},{"not_picked":["Reaper","Berserk"],"picked":"Demon Form","floor":16.0},{"not_picked":["Metallicize","Shrug It Off+1"],"picked":"True Grit+1","floor":18.0},{"not_picked":["Body Slam","Pommel Strike","Rupture"],"picked":"SKIP","floor":21.0},{"not_picked":["Hemokinesis","Wild Strike","Twin Strike+1"],"picked":"SKIP","floor":22.0},{"not_picked":["Burning Pact+1","Clothesline+1","Clash"],"picked":"SKIP","floor":25.0},{"not_picked":["Hemokinesis","Pommel Strike+1","Perfected Strike+1"],"picked":"SKIP","floor":28.0},{"not_picked":["Cleave","Clash","Rupture"],"picked":"SKIP","floor":31},{"not_picked":["Exhume+1","Immolate"],"picked":"Double Tap+1","floor":33},{"not_picked":[],"picked":"Spot Weakness+1","floor":35},{"not_picked":[],"picked":"True Grit+1","floor":38},{"not_picked":[],"picked":"Whirlwind+1","floor":41},{"not_picked":["Evolve"],"picked":"SKIP","floor":42},{"not_picked":["Evolve"],"picked":"SKIP","floor":45},{"not_picked":["True Grit+1"],"picked":"SKIP","floor":46},{"not_picked":[],"picked":"Sentinel+1","floor":47},{"not_picked":["Armaments+1"],"picked":"SKIP","floor":48}],"player_experience":889311,"relics_obtained":[{"floor":9.0,"key":"Toxic Egg 2"},{"floor":11.0,"key":"MawBank"},{"floor":26.0,"key":"Blood Vial"},{"floor":31,"key":"Charon\u0027s Ashes"},{"floor":37,"key":"Bronze Scales"},{"floor":38,"key":"StoneCalendar"},{"floor":42,"key":"Bag of Marbles"},{"floor":43,"key":"Bottled Flame"},{"floor":48,"key":"Happy Flower"}],"event_choices":[{"damage_healed":0.0,"max_hp_gain":0.0,"max_hp_loss":0.0,"gold_gain":175.0,"event_name":"Liars Game","player_choice":"AGREE","floor":3.0,"gold_loss":0.0,"damage_taken":0.0,"cards_obtained":["Doubt"]},{"damage_healed":0.0,"max_hp_gain":0.0,"max_hp_loss":0.0,"gold_gain":0.0,"event_name":"Big Fish","player_choice":"Box","floor":4.0,"gold_loss":0.0,"damage_taken":0.0,"relics_obtained":["Pear"],"cards_obtained":["Regret"]},{"damage_healed":0.0,"max_hp_gain":0.0,"max_hp_loss":0.0,"gold_gain":0.0,"event_name":"Scrap Ooze","player_choice":"Success","floor":5.0,"gold_loss":0.0,"damage_taken":18.0,"relics_obtained":["Oddly Smooth Stone"]},{"damage_healed":0.0,"max_hp_gain":0.0,"max_hp_loss":0.0,"gold_gain":0.0,"event_name":"Match and Keep!","player_choice":"1 cards matched","floor":7.0,"gold_loss":0.0,"damage_taken":0.0,"cards_obtained":["Shrug It Off"]},{"cards_removed":["Doubt"],"damage_healed":0.0,"max_hp_gain":0.0,"max_hp_loss":0.0,"gold_gain":0.0,"event_name":"Purifier","player_choice":"Purged","floor":13.0,"gold_loss":0.0,"damage_taken":0.0},{"cards_removed":["Defend_R"],"damage_healed":0.0,"max_hp_gain":0.0,"max_hp_loss":0.0,"gold_gain":0.0,"event_name":"Bonfire Elementals","player_choice":"Offered Basic","floor":20.0,"gold_loss":0.0,"damage_taken":0.0},{"damage_healed":0.0,"max_hp_gain":0.0,"max_hp_loss":0.0,"gold_gain":0.0,"event_name":"The Woman in Blue","player_choice":"Bought 2 Potions","floor":29.0,"gold_loss":0.0,"damage_taken":0.0},{"damage_healed":0,"gold_gain":0,"player_choice":"Fight","damage_taken":0,"max_hp_gain":0,"max_hp_loss":0,"event_name":"MindBloom","floor":38,"gold_loss":0},{"damage_healed":0,"gold_gain":0,"player_choice":"Memory 1","damage_taken":0,"max_hp_gain":0,"max_hp_loss":0,"event_name":"SensoryStone","floor":39,"gold_loss":0}],"is_beta":false,"boss_relics":[{"not_picked":["Sozu","Fusion Hammer"],"picked":"Cursed Key"},{"not_picked":["Snecko Eye","Tiny House"],"picked":"Busted Crown"}],"items_purged_floors":[19,36,44],"is_endless":false,"potions_floor_spawned":[1,8,14,22,31,33,35,38,45,46,48],"ascension_level":0}