{"gold_per_floor":[129,129,163,202,69,88,107,107,157,195,214,252,271,271,271,396,396,415,415,20,39,58,58,96,96,96,115,134,134,134,192,192,317,317,351,370,49,68,68,106,125,144,144,163,182,114,133,133],"floor_reached":48,"playtime":3622,"items_purged":[],"score":770,"play_id":"6821bd92-2e8a-469a-bdc1-98e3fa3c85aa","local_time":"20180820230659","daily_mods":["Allstar","Night Terrors","Hoarder"],"is_ascension_mode":false,"campfire_choices":[{"data":"Enlightenment","floor":8,"key":"SMITH"},{"data":"Transmutation","floor":15,"key":"SMITH"},{"floor":23,"key":"REST"},{"data":"Apotheosis","floor":25,"key":"SMITH"},{"data":"Apotheosis","floor":30,"key":"SMITH"},{"floor":32,"key":"REST"}],"neow_cost":"","seed_source_timestamp":308987969959333,"circlet_count":0,"master_deck":["Strike_B+1","Strike_B","Defend_B","Defend_B","Defend_B","Defend_B","Zap","Dualcast","Transmutation+1","Transmutation","Transmutation","Apotheosis","Apotheosis+1","Apotheosis+1","Jack Of All Trades","Jack Of All Trades","Jack Of All Trades","Enlightenment+1","Enlightenment","Enlightenment","Blind","Blind","Blind","Aggregate","Aggregate","Aggregate","Glacier","Glacier","Glacier","Gash","Gash","Gash+1","Defragment","Defragment","Defragment","Cold Snap","Cold Snap","Cold Snap","Stack","Stack","Stack","Gash","Gash","Gash","Doom and Gloom+1","Doom and Gloom+1","Doom and Gloom+1","Rebound+1","Rebound+1","Rebound+1","Buffer","Buffer","Buffer","Go for the Eyes+1","Go for the Eyes+1","Go for the Eyes+1","Leap","Leap","Leap","Meteor Strike+1","Meteor Strike+1","Meteor Strike+1","Storm","Storm","Storm","Hologram","Hologram","Hologram","Rebound+1","Rebound+1","Rebound+1","White Noise","White Noise","White Noise","Force Field+1","Force Field+1","Force Field+1","Gash+1","Gash+1","Gash+1","Sweeping Beam+1","Sweeping Beam+1","Sweeping Beam+1","RitualDagger+1","RitualDagger+1","RitualDagger+1","Cold Snap+1","Cold Snap+1","Cold Snap+1","Gash+1","Gash+1","Gash+1","Core Surge+1","Core Surge+1","Core Surge+1","Conserve Battery+1","Conserve Battery+1","Conserve Battery+1","Sweeping Beam+1","Sweeping Beam+1","Sweeping Beam+1","Turbo","Turbo","Turbo","Gash+1","Gash+1","Gash+1","Steam+1","Steam+1","Steam+1","Writhe","Writhe","Writhe","Self Repair","Self Repair","Self Repair","Force Field","Force Field","Force Field","Tempest+1","Tempest+1","Tempest+1","White Noise+1","White Noise+1","White Noise+1","Coolheaded+1","Coolheaded+1","Coolheaded+1","Tempest","Tempest","Tempest","Gash+1","Gash+1","Gash+1"],"special_seed":17764,"relics":["Cracked Core","Golden Idol","Bag of Marbles","Molten Egg 2","Pear","Nuclear Battery","Boot","Runic Capacitor","Whetstone","Gambling Chip","Dream Catcher","Eternal Feather","Cables","Incense Burner","Symbiotic Virus"],"potions_floor_usage":[10,12,18,31,33,36,40,42,42],"damage_taken":[{"damage":5,"enemies":"Small Slimes","floor":1,"turns":3},{"damage":7,"enemies":"2 Louse","floor":3,"turns":3},{"damage":0,"enemies":"Cultist","floor":4,"turns":3},{"damage":8,"enemies":"3 Louse","floor":6,"turns":4},{"damage":1,"enemies":"Looter","floor":7,"turns":4},{"damage":2,"enemies":"Gremlin Nob","floor":10,"turns":4},{"damage":8,"enemies":"Exordium Thugs","floor":11,"turns":2},{"damage":13,"enemies":"Lagavulin","floor":12,"turns":4},{"damage":0,"enemies":"Gremlin Gang","floor":13,"turns":1},{"damage":5,"enemies":"Slime Boss","floor":16,"turns":8},{"damage":21,"enemies":"3 Byrds","floor":18,"turns":11},{"damage":20,"enemies":"Spheric Guardian","floor":21,"turns":4},{"damage":21,"enemies":"Snake Plant","floor":22,"turns":4},{"damage":12,"enemies":"Book of Stabbing","floor":24,"turns":7},{"damage":0,"enemies":"Centurion and Healer","floor":27,"turns":7},{"damage":14,"enemies":"3 Cultists","floor":28,"turns":4},{"damage":23,"enemies":"Gremlin Leader","floor":31,"turns":4},{"damage":20,"enemies":"Automaton","floor":33,"turns":9},{"damage":5,"enemies":"3 Shapes","floor":35,"turns":3},{"damage":5,"enemies":"Flame Bruiser 1 Orb","floor":36,"turns":6},{"damage":19,"enemies":"3 Darklings","floor":38,"turns":3},{"damage":20,"enemies":"Giant Head","floor":40,"turns":10},{"damage":15,"enemies":"Sphere and 2 Shapes","floor":41,"turns":4},{"damage":7,"enemies":"Transient","floor":42,"turns":5},{"damage":12,"enemies":"Spire Growth","floor":44,"turns":3},{"damage":16,"enemies":"3 Darklings","floor":45,"turns":5},{"damage":9,"enemies":"Sphere and 2 Shapes","floor":47,"turns":5},{"damage":15,"enemies":"2 Orb Walkers","floor":48,"turns":1}],"seed_played":"-3893326877167468496","potions_obtained":[{"floor":3,"key":"Regen Potion"},{"floor":6,"key":"Ancient Potion"},{"floor":7,"key":"AttackPotion"},{"floor":12,"key":"Block Potion"},{"floor":22,"key":"Ancient Potion"},{"floor":27,"key":"SteroidPotion"},{"floor":36,"key":"SpeedPotion"},{"floor":38,"key":"AttackPotion"},{"floor":41,"key":"Regen Potion"}],"is_trial":false,"path_per_floor":["M","?","M","M","$","M","M","R","T","E","M","E","M","?","R","B",null,"M","?","$","M","M","R","E","R","T","M","M","?","R","E","R","B",null,"M","M","$","M","?","E","M","M","T","M","M","$","M"],"character_chosen":"DEFECT","items_purchased":["Defragment","Cold Snap","Boot","Runic Capacitor","Hologram","Turbo","Gash+1","Cables","Tempest"],"campfire_rested":2,"item_purchase_floors":[5,5,20,20,20,37,37,37,46],"current_hp_per_floor":[70,69,62,68,68,60,59,59,59,57,49,59,59,59,59,54,79,62,62,62,42,21,74,62,62,62,62,48,42,42,25,69,49,69,64,59,59,40,57,37,22,37,37,32,16,16,7,0],"gold":133,"neow_bonus":"","is_prod":false,"is_daily":true,"chose_seed":false,"campfire_upgraded":4,"win_rate":0,"timestamp":1534828019,"path_taken":["M","?","M","M","?","M","M","R","T","E","M","E","M","?","R","BOSS","M","?","$","M","M","R","E","R","T","M","M","?","R","E","R","BOSS","M","?","$","M","?","E","M","M","T","M","?","?","M","E"],"build_version":"2018-08-16","purchased_purges":0,"victory":false,"max_hp_per_floor":[75,69,69,69,69,69,69,69,69,69,69,79,79,79,79,79,79,79,79,79,79,79,74,74,74,74,74,74,74,74,74,69,69,69,69,69,69,69,69,69,69,69,69,69,69,69,69,69],"card_choices":[{"not_picked":["Reprogram","BootSequence"],"picked":"Aggregate","floor":1},{"not_picked":["Scrape","Cold Snap"],"picked":"Glacier","floor":3},{"not_picked":["Streamline","Compile Driver"],"picked":"Gash","floor":4},{"not_picked":["Conserve Battery","Hologram"],"picked":"Stack","floor":6},{"not_picked":["Steam Power","Redo"],"picked":"Gash","floor":7},{"not_picked":["Scrape","Cold Snap"],"picked":"Doom and Gloom","floor":10},{"not_picked":["Steam Power","Glacier"],"picked":"Rebound+1","floor":11},{"not_picked":["Aggregate","Multi-Cast"],"picked":"Buffer","floor":12},{"not_picked":["Rebound+1","Sunder+1"],"picked":"Go for the Eyes+1","floor":13},{"not_picked":["Rainbow","Thunder Strike+1"],"picked":"Meteor Strike+1","floor":16},{"not_picked":["Redo","Turbo"],"picked":"Storm","floor":18},{"not_picked":["Undo","Leap"],"picked":"Rebound+1","floor":21},{"not_picked":["Heatsinks","Streamline+1"],"picked":"White Noise","floor":22},{"not_picked":["Streamline+1","Barrage+1"],"picked":"Force Field+1","floor":24},{"not_picked":["Beam Cell+1","Compile Driver+1"],"picked":"Gash+1","floor":27},{"not_picked":["Hologram","Barrage+1"],"picked":"Sweeping Beam+1","floor":28},{"not_picked":["BootSequence+1","Beam Cell+1"],"picked":"Cold Snap+1","floor":31},{"not_picked":["Ball Lightning+1","Lockon+1"],"picked":"Gash+1","floor":32},{"not_picked":["Hyperbeam+1","Echo Form"],"picked":"Core Surge+1","floor":33},{"not_picked":["Blizzard+1","Go for the Eyes+1"],"picked":"Conserve Battery+1","floor":35},{"not_picked":["Auto Shields+1","Go for the Eyes+1"],"picked":"Sweeping Beam+1","floor":36},{"not_picked":["Coolheaded+1","Redo"],"picked":"Steam+1","floor":38},{"not_picked":["Ball Lightning+1","Go for the Eyes+1"],"picked":"Self Repair","floor":40},{"not_picked":["Recycle","Turbo"],"picked":"Force Field","floor":41},{"not_picked":["Undo","Beam Cell+1"],"picked":"Tempest+1","floor":42},{"not_picked":["Hologram+1","Streamline+1"],"picked":"White Noise+1","floor":44},{"not_picked":["Undo+1","Double Energy"],"picked":"Coolheaded+1","floor":45},{"not_picked":["Melter+1","Streamline+1"],"picked":"Gash+1","floor":47}],"player_experience":285971,"relics_obtained":[{"floor":9,"key":"Bag of Marbles"},{"floor":10,"key":"Molten Egg 2"},{"floor":12,"key":"Pear"},{"floor":24,"key":"Whetstone"},{"floor":26,"key":"Gambling Chip"},{"floor":31,"key":"Dream Catcher"},{"floor":40,"key":"Incense Burner"},{"floor":43,"key":"Symbiotic Virus"}],"event_choices":[{"event_name":"Golden Idol","player_choice":"Lose Max HP","floor":2,"damage_taken":0},{"event_name":"Living Wall","player_choice":"Change","floor":14,"damage_taken":0},{"event_name":"Purifier","player_choice":"One Purge","floor":19,"damage_taken":0},{"event_name":"Nest","player_choice":"Joined the Cult","floor":29,"damage_taken":0},{"event_name":"Winding Halls","player_choice":"Writhe","floor":39,"damage_taken":0}],"is_beta":false,"boss_relics":[{"not_picked":["Orrery","FrozenCore"],"picked":"Nuclear Battery"},{"not_picked":["Sozu","White Beast Statue"],"picked":"Eternal Feather"}],"items_purged_floors":[],"is_endless":false,"potions_floor_spawned":[3,6,7,12,22,27,36,38,41],"killed_by":"2 Orb Walkers","ascension_level":0}