{"gold_per_floor":[116,116,44,61,76,108,73,73,98,117,134,151,217,228,228,330,330,312,200,219,219,219,219,219,219],"floor_reached":25,"playtime":926,"items_purged":[],"score":312,"play_id":"10d24af1-6441-496a-92d4-b426a0b170de","local_time":"20181030202412","is_ascension_mode":true,"campfire_choices":[{"floor":8,"key":"REST"},{"data":"Discovery","floor":15,"key":"SMITH"},{"floor":24,"key":"REST"}],"neow_cost":"TEN_PERCENT_HP_LOSS","seed_source_timestamp":1737429035580226,"circlet_count":0,"master_deck":["Strike_R","Strike_R","Strike_R","Strike_R","Strike_R","Defend_R","Defend_R","Defend_R","Defend_R","Bash","Reaper","Sword Boomerang","Twin Strike","Discovery+1","Flex","Wild Strike","Sword Boomerang","Whirlwind","Twin Strike","Flame Barrier","Disarm","Headbutt","Bludgeon","Infernal Blade","Ghostly Armor","Seeing Red","Iron Wave"],"relics":["Black Blood","Happy Flower","Strawberry","CultistMask"],"potions_floor_usage":[6,16,20,23,23],"damage_taken":[{"damage":8,"enemies":"Jaw Worm","floor":1,"turns":5},{"damage":0,"enemies":"Cultist","floor":4,"turns":2},{"damage":10,"enemies":"2 Louse","floor":5,"turns":3},{"damage":55,"enemies":"Lagavulin","floor":6,"turns":6},{"damage":12,"enemies":"Exordium Wildlife","floor":10,"turns":2},{"damage":6,"enemies":"Looter","floor":11,"turns":3},{"damage":7,"enemies":"2 Fungi Beasts","floor":12,"turns":4},{"damage":1,"enemies":"3 Louse","floor":14,"turns":2},{"damage":61,"enemies":"The Guardian","floor":16,"turns":18},{"damage":25,"enemies":"2 Thieves","floor":18,"turns":4},{"damage":13,"enemies":"3 Byrds","floor":20,"turns":3},{"damage":43,"enemies":"Book of Stabbing","floor":23,"turns":6},{"damage":70,"enemies":"Centurion and Healer","floor":25,"turns":12}],"seed_played":"6806333096367293419","potions_obtained":[{"floor":4,"key":"LiquidBronze"},{"floor":5,"key":"Energy Potion"},{"floor":12,"key":"SmokeBomb"},{"floor":14,"key":"Regen Potion"},{"floor":20,"key":"SkillPotion"}],"is_trial":false,"path_per_floor":["M","?","$","M","M","E","?","R","T","M","M","M","?","M","R","B",null,"M","$","M","?","?","E","R"],"character_chosen":"IRONCLAD","items_purchased":["Flex","Wild Strike","Ghostly Armor","Seeing Red"],"campfire_rested":2,"item_purchase_floors":[3,3,19,19],"current_hp_per_floor":[72,72,72,72,68,25,43,64,71,65,65,68,68,73,73,39,69,62,62,59,59,59,26,49,0],"gold":219,"neow_bonus":"THREE_RARE_CARDS","is_prod":false,"is_daily":false,"chose_seed":false,"campfire_upgraded":1,"win_rate":0,"timestamp":1540952652,"path_taken":["M","?","?","M","M","E","?","R","T","M","M","M","?","?","R","BOSS","M","$","M","?","?","E","R","M"],"build_version":"2018-10-25v2","purchased_purges":0,"victory":false,"max_hp_per_floor":[72,72,72,72,72,72,72,72,79,79,79,79,79,79,79,79,79,79,79,79,79,79,79,79,79],"card_choices":[{"not_picked":["Exhume","Fiend Fire"],"picked":"Reaper","floor":0},{"not_picked":["Rampage","Entrench"],"picked":"Sword Boomerang","floor":1},{"not_picked":["Wild Strike","Bloodletting"],"picked":"Sword Boomerang","floor":4},{"not_picked":["Power Through","Dual Wield"],"picked":"Whirlwind","floor":5},{"not_picked":["Anger","Hemokinesis"],"picked":"Twin Strike","floor":6},{"not_picked":["Entrench","Pummel"],"picked":"Flame Barrier","floor":10},{"not_picked":["Clash","Clothesline"],"picked":"Disarm","floor":11},{"not_picked":["Thunderclap","Clothesline"],"picked":"Headbutt","floor":12},{"not_picked":["Heavy Blade","Bloodletting","Thunderclap"],"picked":"SKIP","floor":14},{"not_picked":["Barricade","Exhume"],"picked":"Bludgeon","floor":16},{"not_picked":["Clothesline+1","Corruption"],"picked":"Infernal Blade","floor":18},{"not_picked":["Sentinel+1","True Grit"],"picked":"Iron Wave","floor":20}],"player_experience":30390,"relics_obtained":[{"floor":6,"key":"Happy Flower"},{"floor":9,"key":"Strawberry"}],"event_choices":[{"damage_healed":0,"gold_gain":0,"player_choice":"2 cards matched","damage_taken":0,"max_hp_gain":0,"max_hp_loss":0,"event_name":"Match and Keep!","floor":2,"gold_loss":0,"cards_obtained":["Twin Strike","Discovery"]},{"damage_healed":18,"gold_gain":0,"player_choice":"Healed","damage_taken":0,"max_hp_gain":0,"max_hp_loss":0,"event_name":"The Cleric","floor":7,"gold_loss":35},{"damage_healed":0,"gold_gain":66,"player_choice":"Gained Gold","damage_taken":0,"max_hp_gain":0,"max_hp_loss":0,"event_name":"Golden Wing","floor":13,"gold_loss":0},{"damage_healed":0,"gold_gain":0,"player_choice":"Ignored","damage_taken":0,"max_hp_gain":0,"max_hp_loss":0,"event_name":"Beggar","floor":21,"gold_loss":0},{"damage_healed":0,"gold_gain":0,"player_choice":"Trade","damage_taken":0,"relics_obtained":["CultistMask"],"max_hp_gain":0,"max_hp_loss":0,"event_name":"FaceTrader","floor":22,"gold_loss":0}],"is_beta":false,"boss_relics":[{"not_picked":["Coffee Dripper","Busted Crown"],"picked":"Black Blood"}],"items_purged_floors":[],"is_endless":false,"potions_floor_spawned":[4,5,12,14,20,23],"killed_by":"Centurion and Healer","ascension_level":8}