{"gold_per_floor":[144,8,8,53,98,188,188,188,238,336,385,434,434,483,483,808,808,857,857,876,876,876,876],"floor_reached":23,"playtime":1897,"items_purged":[],"score":253,"play_id":"294d4819-8c27-48ef-9f61-1b453764ec1a","local_time":"20180925205504","daily_mods":["Brewmaster","Midas","Terminal"],"is_ascension_mode":false,"campfire_choices":[{"floor":15,"key":"REST"}],"neow_cost":"","seed_source_timestamp":0,"circlet_count":0,"master_deck":["Strike_R","Strike_R","Strike_R","Strike_R","Strike_R","Defend_R","Defend_R","Defend_R","Defend_R","Bash","Venomology","Venomology","Venomology","Venomology","Venomology","Armaments","Rage","Deep Breath","Twin Strike","Feel No Pain","Warcry","Impervious","Headbutt","Entrench","Metallicize+1","True Grit","Feed","Flex","RitualDagger"],"special_seed":17800,"relics":["Burning Blood","White Beast Statue","Kunai","Golden Idol","Anchor","Frozen Egg 2","Mummified Hand","Fusion Hammer"],"potions_floor_usage":[1,1,1,4,4,4,4,5,5,6,6,6,6,7,7,7,10,10,10,10,10,10,11,11,11,11,12,12,14,14,14,16,16,16,16,16,16,16,18,20,20,23,23,23,23],"damage_taken":[{"damage":0,"enemies":"Small Slimes","floor":1,"turns":4},{"damage":0,"enemies":"Cultist","floor":4,"turns":3},{"damage":0,"enemies":"Jaw Worm","floor":5,"turns":3},{"damage":3,"enemies":"3 Sentries","floor":6,"turns":10},{"damage":0,"enemies":"Exordium Thugs","floor":7,"turns":5},{"damage":26,"enemies":"Lagavulin","floor":10,"turns":11},{"damage":0,"enemies":"Exordium Wildlife","floor":11,"turns":6},{"damage":7,"enemies":"Blue Slaver","floor":12,"turns":4},{"damage":10,"enemies":"2 Fungi Beasts","floor":14,"turns":7},{"damage":50,"enemies":"Slime Boss","floor":16,"turns":22},{"damage":0,"enemies":"Shell Parasite","floor":18,"turns":10},{"damage":0,"enemies":"2 Thieves","floor":20,"turns":4},{"damage":98,"enemies":"Gremlin Leader","floor":23,"turns":9}],"seed_played":"-9213636199092254619","potions_obtained":[{"floor":1,"key":"FearPotion"},{"floor":4,"key":"Energy Potion"},{"floor":5,"key":"Weak Potion"},{"floor":6,"key":"SkillPotion"},{"floor":10,"key":"SpeedPotion"},{"floor":11,"key":"SpeedPotion"},{"floor":12,"key":"BloodPotion"},{"floor":14,"key":"FearPotion"},{"floor":16,"key":"Ancient Potion"},{"floor":20,"key":"Dexterity Potion"}],"is_trial":false,"path_per_floor":["M","$","?","M","M","E","M","?","T","E","M","M","T","M","R","B",null,"M","?","M","?","?"],"character_chosen":"IRONCLAD","items_purchased":["Rage","Deep Breath"],"campfire_rested":1,"item_purchase_floors":[2,2],"current_hp_per_floor":[78,77,81,80,79,78,77,76,75,71,73,72,71,70,69,25,67,69,63,70,69,68,0],"gold":876,"neow_bonus":"","is_prod":false,"is_daily":true,"chose_seed":false,"campfire_upgraded":0,"win_rate":0,"timestamp":1537930504,"path_taken":["M","$","?","M","M","E","M","?","T","E","M","?","?","M","R","BOSS","M","?","M","?","?","E"],"build_version":"2018-09-20","purchased_purges":0,"victory":false,"max_hp_per_floor":[78,77,81,80,79,78,77,76,75,74,73,72,71,70,69,68,67,69,68,70,69,68,68],"card_choices":[{"not_picked":["Iron Wave","Pommel Strike"],"picked":"Armaments","floor":1},{"not_picked":["Heavy Blade","Evolve"],"picked":"Twin Strike","floor":4},{"not_picked":["Wild Strike","Hemokinesis"],"picked":"Feel No Pain","floor":5},{"not_picked":["Blood for Blood","Dropkick"],"picked":"Warcry","floor":6},{"not_picked":["Shrug It Off","Iron Wave"],"picked":"Impervious","floor":7},{"not_picked":["Sword Boomerang","Twin Strike"],"picked":"Headbutt","floor":10},{"not_picked":["Carnage","Pummel"],"picked":"Entrench","floor":11},{"not_picked":["Heavy Blade","Anger"],"picked":"Metallicize+1","floor":12},{"not_picked":["Flame Barrier","Sword Boomerang"],"picked":"True Grit","floor":14},{"not_picked":["Berserk+1","Juggernaut+1"],"picked":"Feed","floor":16},{"not_picked":["Armaments","Body Slam"],"picked":"Flex","floor":18},{"not_picked":["Bloodletting+1","Havoc","Clash"],"picked":"SKIP","floor":20}],"player_experience":581145,"relics_obtained":[{"floor":6,"key":"Kunai"},{"floor":9,"key":"Anchor"},{"floor":10,"key":"Frozen Egg 2"},{"floor":13,"key":"Mummified Hand"}],"event_choices":[{"event_name":"Big Fish","player_choice":"Donut","floor":3,"damage_taken":0},{"event_name":"Golden Idol","player_choice":"Take Wound","floor":8,"damage_taken":0},{"event_name":"Nest","player_choice":"Joined the Cult","floor":19,"damage_taken":0},{"event_name":"Back to Basics","player_choice":"Elegance","floor":21,"damage_taken":0},{"event_name":"Ghosts","player_choice":"Ignored","floor":22,"damage_taken":0}],"is_beta":false,"boss_relics":[{"not_picked":["Astrolabe","Pandora\u0027s Box"],"picked":"Fusion Hammer"}],"items_purged_floors":[],"is_endless":false,"potions_floor_spawned":[1,4,5,6,7,10,11,12,14,16,18,20],"killed_by":"Gremlin Leader","ascension_level":0}