{"gold_per_floor":[144,144,144,189,50,50,95,140,140,230,230,298,388,388,388,688,688,733,78,78,123,168,168,19,109,134,134,224,269,50,140,140,440,590,635,260,305,0,45,135,135,225,225,315,360,360,450,102,102,102],"floor_reached":51,"playtime":20132,"items_purged":["Meteor Strike"],"score":1054,"play_id":"845ccf30-2ace-4a00-b6c1-8ffc5e56cbd1","local_time":"20180728165556","daily_mods":["Shiny","Midas","Elite Swarm"],"is_ascension_mode":false,"campfire_choices":[{"floor":6,"key":"REST"},{"floor":11,"key":"REST"},{"floor":15,"key":"REST"},{"floor":23,"key":"REST"},{"floor":32,"key":"REST"},{"floor":41,"key":"REST"},{"floor":46,"key":"REST"},{"floor":49,"key":"REST"}],"neow_cost":"","seed_source_timestamp":0,"circlet_count":0,"master_deck":["Multi-Cast","Hyperbeam","Thunder Strike","Biased Cognition","Machine Learning+1","Electrodynamics","Buffer+1","Rainbow","Seek","Echo Form","All For One","Reboot","Creative AI","Fission","Core Surge","Ball Lightning","Glacier","Genetic Algorithm","Deep Breath","Gash","Force Field","Core Surge","Machine Learning","All For One","Gash","Apotheosis","Static Discharge","Coolheaded","Static Discharge+1","Gash","Darkness","Doom and Gloom","Core Surge","Reboot","Reinforced Body","Madness","Cold Snap","Thunder Strike","Thunder Strike","Cold Snap","Finesse","Panache","Conserve Battery+1","Turbo+1","Core Surge","Biased Cognition","Thunder Strike","Beam Cell+1","Rainbow","Blind","Static Discharge","Doom and Gloom","Leap","Melter"],"special_seed":17740,"relics":["Cracked Core","Lantern","Incense Burner","Cables","Gremlin Horn","Sundial","Runic Pyramid","TheAbacus","Regal Pillow","StoneCalendar","Potion Belt","Anchor","Orichalcum","Tiny House","Red Mask","Pantograph","Dead Branch","Darkstone Periapt","Strawberry","Oddly Smooth Stone"],"potions_floor_usage":[45],"damage_taken":[{"damage":18,"enemies":"Jaw Worm","floor":1,"turns":4},{"damage":0,"enemies":"2 Louse","floor":4,"turns":1},{"damage":0,"enemies":"Small Slimes","floor":7,"turns":2},{"damage":10,"enemies":"Exordium Wildlife","floor":8,"turns":2},{"damage":22,"enemies":"Gremlin Nob","floor":10,"turns":5},{"damage":1,"enemies":"Lagavulin","floor":13,"turns":6},{"damage":55,"enemies":"Hexaghost","floor":16,"turns":8},{"damage":0,"enemies":"Chosen","floor":18,"turns":4},{"damage":12,"enemies":"Shell Parasite","floor":21,"turns":6},{"damage":10,"enemies":"Snake Plant","floor":22,"turns":4},{"damage":15,"enemies":"Book of Stabbing","floor":25,"turns":3},{"damage":44,"enemies":"Slavers","floor":28,"turns":7},{"damage":0,"enemies":"Snecko","floor":29,"turns":5},{"damage":0,"enemies":"Gremlin Leader","floor":31,"turns":5},{"damage":26,"enemies":"Champ","floor":33,"turns":11},{"damage":0,"enemies":"Orb Walker","floor":35,"turns":4},{"damage":0,"enemies":"3 Shapes","floor":37,"turns":2},{"damage":10,"enemies":"Spire Growth","floor":39,"turns":5},{"damage":0,"enemies":"Giant Head","floor":40,"turns":8},{"damage":0,"enemies":"2 Orb Walkers","floor":42,"turns":6},{"damage":0,"enemies":"Giant Head","floor":44,"turns":8},{"damage":12,"enemies":"3 Darklings","floor":45,"turns":4},{"damage":6,"enemies":"2 Orb Walkers","floor":47,"turns":4},{"damage":7,"enemies":"Donu and Deca","floor":50,"turns":8}],"seed_played":"2203350338382633815","potions_obtained":[{"floor":7,"key":"FearPotion"},{"floor":8,"key":"PowerPotion"},{"floor":13,"key":"Energy Potion"},{"floor":16,"key":"Regen Potion"},{"floor":33,"key":"Poison Potion"},{"floor":40,"key":"Regen Potion"},{"floor":44,"key":"Ancient Potion"}],"is_trial":false,"path_per_floor":["M","?","?","M","$","R","M","M","T","E","R","?","E","T","R","B",null,"M","$","?","M","M","R","$","E","T","?","E","M","$","E","R","B",null,"M","$","M","?","M","E","R","E","T","E","M","R","E","$","R","B"],"character_chosen":"DEFECT","items_purchased":["Genetic Algorithm","Deep Breath","Apotheosis","Static Discharge","TheAbacus","Regal Pillow","Coolheaded","Darkness","Doom and Gloom","Regen Potion","Madness","Cold Snap","Finesse","Panache","Blind","Static Discharge","Doom and Gloom","Leap","Melter"],"campfire_rested":8,"item_purchase_floors":[5,5,19,19,19,19,19,24,24,30,30,30,36,36,48,48,48,48,48],"current_hp_per_floor":[57,45,45,45,45,67,67,57,57,35,57,57,56,56,75,20,75,75,75,61,49,39,78,78,63,63,63,19,19,19,19,58,32,85,85,85,85,85,75,75,85,85,85,92,80,92,86,86,92,85],"gold":102,"neow_bonus":"","is_prod":false,"is_daily":true,"chose_seed":false,"campfire_upgraded":0,"win_rate":0.0,"timestamp":1532818556,"path_taken":["M","?","?","?","$","R","M","M","T","E","R","?","E","?","R","BOSS","M","$","?","M","?","R","?","E","T","?","E","M","$","E","R","BOSS","M","$","M","?","M","E","R","E","T","E","M","R","E","$","R","BOSS"],"build_version":"2018-07-26","purchased_purges":1,"victory":true,"max_hp_per_floor":[75,75,75,75,75,75,75,75,75,75,75,75,75,75,75,75,75,75,75,80,80,80,80,80,80,80,80,80,80,80,80,80,80,85,85,85,85,85,85,85,85,85,85,92,92,92,92,92,92,92],"card_choices":[{"not_picked":["Barrage","Beam Cell"],"picked":"Ball Lightning","floor":1},{"not_picked":["Auto Shields","Ball Lightning"],"picked":"Glacier","floor":4},{"not_picked":["Cold Snap","Fusion"],"picked":"Gash","floor":7},{"not_picked":["Compile Driver","Steam Power"],"picked":"Force Field","floor":8},{"not_picked":["All For One","Thunder Strike"],"picked":"Core Surge","floor":10},{"not_picked":["Amplify","Echo Form"],"picked":"Machine Learning","floor":13},{"not_picked":["Electrodynamics","Seek"],"picked":"All For One","floor":16},{"not_picked":["Turbo","Stack"],"picked":"Gash","floor":18},{"not_picked":["Sweeping Beam+1","Barrage"],"picked":"Static Discharge+1","floor":21},{"not_picked":["Reinforced Body","Rebound"],"picked":"Gash","floor":22},{"not_picked":["Amplify","Meteor Strike"],"picked":"Core Surge","floor":25},{"not_picked":["Meteor Strike","Fission"],"picked":"Reboot","floor":28},{"not_picked":["Streamline","Compile Driver"],"picked":"Reinforced Body","floor":29},{"not_picked":["All For One","Fission"],"picked":"Thunder Strike","floor":31},{"not_picked":["Buffer","Meteor Strike"],"picked":"Thunder Strike","floor":33},{"not_picked":["Sweeping Beam","Stack"],"picked":"Cold Snap","floor":34},{"not_picked":["Aggregate","Turbo","Stack+1"],"picked":"SKIP","floor":35},{"not_picked":["Stack+1","Steam+1"],"picked":"Conserve Battery+1","floor":37},{"not_picked":["Hologram+1","Lockon+1"],"picked":"Turbo+1","floor":39},{"not_picked":["Fission","Echo Form"],"picked":"Core Surge","floor":40},{"not_picked":["Reboot","Multi-Cast"],"picked":"Biased Cognition","floor":42},{"not_picked":["Echo Form","Seek"],"picked":"Thunder Strike","floor":44},{"not_picked":["Blizzard+1","Sweeping Beam+1"],"picked":"Beam Cell+1","floor":45},{"not_picked":["Hyperbeam","Machine Learning"],"picked":"Rainbow","floor":47}],"player_experience":17491,"relics_obtained":[{"floor":9,"key":"Incense Burner"},{"floor":10,"key":"Cables"},{"floor":13,"key":"Gremlin Horn"},{"floor":14,"key":"Sundial"},{"floor":25,"key":"StoneCalendar"},{"floor":26,"key":"Potion Belt"},{"floor":28,"key":"Anchor"},{"floor":31,"key":"Orichalcum"},{"floor":40,"key":"Pantograph"},{"floor":42,"key":"Dead Branch"},{"floor":43,"key":"Darkstone Periapt"},{"floor":44,"key":"Strawberry"},{"floor":47,"key":"Oddly Smooth Stone"}],"event_choices":[{"event_name":"Scrap Ooze","player_choice":"success","floor":2,"damage_taken":12},{"event_name":"Living Wall","player_choice":"Grow","floor":3,"damage_taken":0},{"event_name":"Golden Wing","player_choice":"Gained Gold","floor":12,"damage_taken":0},{"event_name":"Forgotten Altar","player_choice":"Shed Blood","floor":20,"damage_taken":0},{"event_name":"Purifier","player_choice":"One Purge","floor":27,"damage_taken":0},{"event_name":"Tomb of Lord Red Mask","player_choice":"Paid","floor":38,"damage_taken":0}],"is_beta":false,"boss_relics":[{"not_picked":["Runic Dome","Empty Cage"],"picked":"Runic Pyramid"},{"not_picked":["Orrery","Sozu"],"picked":"Tiny House"}],"items_purged_floors":[36],"is_endless":false,"potions_floor_spawned":[7,8,13,16,21,25,33,37,40,44],"ascension_level":0}