{"gold_per_floor":[109,109,120,120,140,140,174,174,174,174,192,192,192,225,225,325,325,343,258,277,12,12,12,40,40,40,101,121,154,154,164,164,259,259,271,121,141,0,0,35,70,100,137,163,175,111,121,121,121,121],"floor_reached":51,"playtime":1885,"items_purged":["Regret"],"score":995,"play_id":"cda0ad46-8b95-416e-854d-3c5b145e75d0","local_time":"20181021165815","is_ascension_mode":true,"campfire_choices":[{"floor":6,"key":"REST"},{"data":"Bouncing Flask","floor":8,"key":"SMITH"},{"floor":15,"key":"REST"},{"floor":23,"key":"REST"},{"data":"Sucker Punch","floor":25,"key":"SMITH"},{"data":"Envenom","floor":30,"key":"SMITH"},{"floor":32,"key":"REST"},{"floor":49,"key":"REST"}],"neow_cost":"NONE","seed_source_timestamp":946474888658721,"circlet_count":0,"master_deck":["Defend_G+1","Defend_G","Defend_G","Defend_G+1","Defend_G+1","Strike_G","Strike_G","Strike_G","Strike_G","Survivor+1","Neutralize+1","Poisoned Stab","Poisoned Stab","Bane","Bouncing Flask+1","Bane","Corpse Explosion","Masterful Stab+1","Poisoned Stab+1","Bandage Up+1","Poisoned Stab","Sucker Punch+1","Flying Knee","Infinite Blades+1","Deadly Poison","Envenom+1","Slice","Deflect+1","Sucker Punch","Dash","Bane+1","Cloak And Dagger+1","Heel Hook","Deflect","Cloak And Dagger","Dagger Spray","Leg Sweep","Leg Sweep+1","Impatience"],"relics":["Ring of the Snake","Mummified Hand","Dream Catcher","Mercury Hourglass","War Paint","Shuriken","Bird Faced Urn","Busted Crown","Blood Vial","Anchor","Meat on the Bone","Tiny Chest","Prayer Wheel","Lizard Tail","Happy Flower","Red Mask","MawBank","Bag of Marbles","Pen Nib"],"potions_floor_usage":[14,16,24,24,24,33,40,50,50],"damage_taken":[{"damage":0,"enemies":"Small Slimes","floor":1,"turns":4},{"damage":3,"enemies":"Jaw Worm","floor":3,"turns":4},{"damage":0,"enemies":"Cultist","floor":5,"turns":3},{"damage":14,"enemies":"3 Sentries","floor":7,"turns":10},{"damage":0,"enemies":"Looter","floor":11,"turns":2},{"damage":0,"enemies":"Gremlin Nob","floor":14,"turns":3},{"damage":22,"enemies":"Slime Boss","floor":16,"turns":9},{"damage":12,"enemies":"Shell Parasite","floor":18,"turns":4},{"damage":1,"enemies":"Chosen","floor":20,"turns":3},{"damage":7,"enemies":"Gremlin Leader","floor":24,"turns":5},{"damage":19,"enemies":"Slavers","floor":27,"turns":2},{"damage":17,"enemies":"Shelled Parasite and Fungi","floor":28,"turns":3},{"damage":20,"enemies":"Book of Stabbing","floor":29,"turns":4},{"damage":8,"enemies":"Snecko","floor":31,"turns":3},{"damage":73,"enemies":"Automaton","floor":33,"turns":9},{"damage":0,"enemies":"Orb Walker","floor":35,"turns":3},{"damage":0,"enemies":"3 Shapes","floor":37,"turns":3},{"damage":33,"enemies":"Reptomancer","floor":40,"turns":6},{"damage":0,"enemies":"Jaw Worm Horde","floor":42,"turns":2},{"damage":15,"enemies":"Maw","floor":44,"turns":5},{"damage":10,"enemies":"Sphere and 2 Shapes","floor":47,"turns":4},{"damage":113,"enemies":"Awakened One","floor":50,"turns":11}],"seed_played":"-4865873282238580956","potions_obtained":[{"floor":1,"key":"Energy Potion"},{"floor":11,"key":"GamblersBrew"},{"floor":14,"key":"SpeedPotion"},{"floor":16,"key":"FearPotion"},{"floor":18,"key":"Dexterity Potion"},{"floor":20,"key":"Poison Potion"},{"floor":31,"key":"PowerPotion"},{"floor":35,"key":"SteroidPotion"},{"floor":37,"key":"SpeedPotion"},{"floor":42,"key":"FairyPotion"},{"floor":44,"key":"Explosive Potion"}],"is_trial":false,"path_per_floor":["M","?","M","?","M","R","E","R","T","T","M","?","?","E","R","B",null,"M","?","M","$","?","R","E","R","T","E","M","E","R","M","R","B",null,"M","$","M","?","?","E","T","M","T","M","$","$","M","?","R","B"],"character_chosen":"THE_SILENT","items_purchased":["Bandage Up","Poisoned Stab","Sucker Punch","Happy Flower","Cloak And Dagger","Dagger Spray"],"campfire_rested":5,"item_purchase_floors":[21,21,21,36,46,46],"current_hp_per_floor":[70,56,53,46,46,67,53,53,53,53,53,53,41,41,62,40,63,51,51,52,52,39,61,60,60,60,43,46,46,46,42,64,15,60,64,64,68,68,68,45,45,49,49,46,46,46,48,48,70,27],"gold":121,"neow_bonus":"UPGRADE_CARD","is_prod":false,"is_daily":false,"chose_seed":false,"campfire_upgraded":3,"win_rate":0,"timestamp":1540162695,"path_taken":["M","?","M","?","M","R","E","R","T","?","M","?","?","E","R","BOSS","M","?","M","$","?","R","E","R","T","E","M","E","R","M","R","BOSS","M","$","M","?","?","E","?","M","T","M","?","$","?","?","R","BOSS"],"build_version":"2018-10-18","purchased_purges":1,"victory":true,"max_hp_per_floor":[70,70,70,70,70,70,70,70,70,70,70,70,70,70,70,70,70,70,70,70,70,75,75,75,75,75,75,75,75,75,75,75,75,75,75,75,75,75,75,75,75,75,75,75,75,75,75,75,75,75],"card_choices":[{"not_picked":["Leg Sweep","Flying Knee"],"picked":"Poisoned Stab","floor":1},{"not_picked":["Finisher","Calculated Gamble"],"picked":"Poisoned Stab","floor":3},{"not_picked":["Catalyst","Crippling Poison"],"picked":"Bane","floor":5},{"not_picked":["Outmaneuver","Quick Slash"],"picked":"Bouncing Flask","floor":7},{"not_picked":["Riddle With Holes","Skewer","PiercingWail"],"picked":"SKIP","floor":11},{"not_picked":["Quick Slash","Bouncing Flask"],"picked":"Bane","floor":14},{"not_picked":["Night Terror","A Thousand Cuts"],"picked":"Corpse Explosion","floor":16},{"not_picked":[],"picked":"Masterful Stab+1","floor":18},{"not_picked":[],"picked":"Poisoned Stab+1","floor":20},{"not_picked":[],"picked":"Flying Knee","floor":24},{"not_picked":[],"picked":"Infinite Blades+1","floor":27},{"not_picked":[],"picked":"Deadly Poison","floor":28},{"not_picked":[],"picked":"Envenom","floor":29},{"not_picked":[],"picked":"Slice","floor":31},{"not_picked":["Masterful Stab"],"picked":"SKIP","floor":31},{"not_picked":[],"picked":"Deflect+1","floor":32},{"not_picked":[],"picked":"Sucker Punch","floor":35},{"not_picked":[],"picked":"Dash","floor":35},{"not_picked":[],"picked":"Bane+1","floor":37},{"not_picked":[],"picked":"Cloak And Dagger+1","floor":37},{"not_picked":[],"picked":"Heel Hook","floor":40},{"not_picked":["Endless Agony+1"],"picked":"SKIP","floor":42},{"not_picked":["Acrobatics+1"],"picked":"SKIP","floor":42},{"not_picked":[],"picked":"Deflect","floor":44},{"not_picked":["Backflip"],"picked":"SKIP","floor":44},{"not_picked":[],"picked":"Leg Sweep","floor":47},{"not_picked":[],"picked":"Leg Sweep+1","floor":47},{"not_picked":[],"picked":"Impatience","floor":48}],"player_experience":753991,"relics_obtained":[{"floor":7,"key":"Mummified Hand"},{"floor":9,"key":"Dream Catcher"},{"floor":10,"key":"Mercury Hourglass"},{"floor":14,"key":"Bird Faced Urn"},{"floor":24,"key":"Anchor"},{"floor":26,"key":"Meat on the Bone"},{"floor":27,"key":"Tiny Chest"},{"floor":29,"key":"Prayer Wheel"},{"floor":40,"key":"MawBank"},{"floor":41,"key":"Bag of Marbles"},{"floor":43,"key":"Pen Nib"}],"event_choices":[{"damage_healed":0,"gold_gain":0,"player_choice":"Entered Light","damage_taken":14,"max_hp_gain":0,"max_hp_loss":0,"event_name":"Shining Light","floor":2,"gold_loss":0,"cards_upgraded":["Survivor","Defend_G"]},{"cards_removed":["Strike_G"],"damage_healed":0,"gold_gain":0,"player_choice":"Card Removal","damage_taken":7,"max_hp_gain":0,"max_hp_loss":0,"event_name":"Golden Wing","floor":4,"gold_loss":0},{"damage_healed":0,"gold_gain":0,"player_choice":"Box","damage_taken":0,"relics_obtained":["War Paint"],"max_hp_gain":0,"max_hp_loss":0,"event_name":"Big Fish","floor":12,"gold_loss":0,"cards_obtained":["Regret"]},{"damage_healed":0,"gold_gain":0,"player_choice":"Success","damage_taken":12,"relics_obtained":["Shuriken"],"max_hp_gain":0,"max_hp_loss":0,"event_name":"Scrap Ooze","floor":13,"gold_loss":0},{"damage_healed":0,"gold_gain":0,"player_choice":"Obtained Relic","damage_taken":0,"relics_obtained":["Blood Vial"],"max_hp_gain":0,"max_hp_loss":0,"event_name":"Addict","floor":19,"gold_loss":85},{"damage_healed":0,"gold_gain":0,"player_choice":"Shed Blood","damage_taken":18,"max_hp_gain":5,"max_hp_loss":0,"event_name":"Forgotten Altar","floor":22,"gold_loss":0},{"damage_healed":0,"gold_gain":0,"player_choice":"Paid","damage_taken":0,"relics_obtained":["Red Mask"],"max_hp_gain":0,"max_hp_loss":0,"event_name":"Tomb of Lord Red Mask","floor":38,"gold_loss":141},{"damage_healed":0,"gold_gain":0,"player_choice":"Upgraded","damage_taken":0,"max_hp_gain":0,"max_hp_loss":0,"event_name":"Upgrade Shrine","floor":39,"gold_loss":0,"cards_upgraded":["Bandage Up"]},{"damage_healed":0,"gold_gain":0,"player_choice":"Memory 1","damage_taken":0,"max_hp_gain":0,"max_hp_loss":0,"event_name":"SensoryStone","floor":48,"gold_loss":0}],"is_beta":false,"boss_relics":[{"not_picked":["WristBlade","Coffee Dripper"],"picked":"Busted Crown"},{"not_picked":["Runic Dome","Orrery"],"picked":"Lizard Tail"}],"items_purged_floors":[21],"is_endless":false,"potions_floor_spawned":[1,11,14,16,18,20,31,35,37,42,44],"ascension_level":5}