{"gold_per_floor":[119,133,133,151,151,183,183,217,217,217,232,100,110,126,126,126],"floor_reached":16,"playtime":792,"items_purged":[],"score":146,"play_id":"44696727-cbab-4016-892f-5546be0bfa21","local_time":"20181027150113","is_ascension_mode":true,"campfire_choices":[{"floor":7,"key":"REST"},{"floor":10,"key":"REST"},{"data":"Armaments","floor":15,"key":"SMITH"}],"neow_cost":"NONE","seed_source_timestamp":1458976378096021,"circlet_count":0,"master_deck":["Strike_R","Strike_R","Strike_R","Strike_R","Strike_R","Defend_R","Defend_R","Defend_R","Defend_R","Bash","Exhume","Armaments+1","Ghostly Armor","Twin Strike","Decay","Havoc","Impervious","Body Slam","True Grit","Warcry","Shrug It Off","Armaments+1"],"relics":["Burning Blood","Gremlin Horn","Blue Candle","The Courier"],"potions_floor_usage":[6,13,16,16],"damage_taken":[{"damage":9,"enemies":"Jaw Worm","floor":1,"turns":4},{"damage":6,"enemies":"Cultist","floor":2,"turns":4},{"damage":0,"enemies":"Small Slimes","floor":4,"turns":3},{"damage":34,"enemies":"Gremlin Nob","floor":6,"turns":5},{"damage":49,"enemies":"Lagavulin","floor":8,"turns":10},{"damage":3,"enemies":"Gremlin Gang","floor":11,"turns":8},{"damage":15,"enemies":"Exordium Thugs","floor":13,"turns":6},{"damage":4,"enemies":"Red Slaver","floor":14,"turns":3},{"damage":83,"enemies":"Hexaghost","floor":16,"turns":16}],"seed_played":"-872616649983453487","potions_obtained":[{"floor":4,"key":"Swift Potion"},{"floor":13,"key":"Regen Potion"},{"floor":14,"key":"Weak Potion"}],"is_trial":false,"path_per_floor":["M","M","?","M","?","E","R","E","T","R","M","$","M","M","R"],"character_chosen":"IRONCLAD","items_purchased":["True Grit","Warcry","Regen Potion"],"campfire_rested":2,"item_purchase_floors":[12,12,12],"current_hp_per_floor":[69,69,69,75,75,47,71,28,28,52,55,55,61,63,63,0],"gold":126,"neow_bonus":"ONE_RANDOM_RARE_CARD","is_prod":false,"is_daily":false,"chose_seed":false,"campfire_upgraded":1,"win_rate":0,"timestamp":1540674073,"path_taken":["M","M","?","M","?","E","R","E","T","R","M","$","?","M","R","BOSS"],"build_version":"2018-10-25v2","purchased_purges":0,"victory":false,"max_hp_per_floor":[80,80,80,80,80,80,80,80,80,80,80,80,80,80,80,80],"card_choices":[{"not_picked":["Sword Boomerang","Havoc"],"picked":"Armaments","floor":1},{"not_picked":["Havoc","Reckless Charge"],"picked":"Ghostly Armor","floor":2},{"not_picked":["Cleave","Feel No Pain"],"picked":"Twin Strike","floor":4},{"not_picked":["Sever Soul","Cleave"],"picked":"Havoc","floor":6},{"not_picked":["Feel No Pain","Armaments"],"picked":"Impervious","floor":8},{"not_picked":["Iron Wave","Rampage"],"picked":"Body Slam","floor":11},{"not_picked":["Juggernaut","Fire Breathing"],"picked":"Shrug It Off","floor":13},{"not_picked":["Hemokinesis","Havoc"],"picked":"Armaments","floor":14}],"player_experience":906031,"relics_obtained":[{"floor":6,"key":"Gremlin Horn"},{"floor":8,"key":"Blue Candle"},{"floor":9,"key":"The Courier"}],"event_choices":[{"damage_healed":0,"gold_gain":0,"player_choice":"Upgraded","damage_taken":0,"max_hp_gain":0,"max_hp_loss":0,"event_name":"Upgrade Shrine","floor":3,"gold_loss":0,"cards_upgraded":["Armaments"]},{"damage_healed":0,"gold_gain":0,"player_choice":"Cursed","damage_taken":0,"max_hp_gain":0,"max_hp_loss":0,"event_name":"Wheel of Change","floor":5,"gold_loss":0,"cards_obtained":["Decay"]}],"is_beta":false,"boss_relics":[],"items_purged_floors":[],"is_endless":false,"potions_floor_spawned":[4,13,14],"killed_by":"Hexaghost","ascension_level":6}