{"gold_per_floor":[112,129,51,51,51,51,75,100,100,125,125,161,185,200,200,328,328,344,254,62,12,12,12,45,45,70,70,88,88,100,52,52,52],"floor_reached":33,"playtime":1631,"items_purged":["Strike_G","Strike_G"],"score":457,"play_id":"231373f6-32fb-4900-ba40-86d406266c41","local_time":"20190202221527","is_ascension_mode":true,"campfire_choices":[{"data":"Neutralize","floor":6.0,"key":"SMITH"},{"data":"Well Laid Plans","floor":11.0,"key":"SMITH"},{"floor":15.0,"key":"REST"},{"data":"Noxious Fumes","floor":23,"key":"SMITH"},{"data":"Venomology","floor":25,"key":"SMITH"},{"data":"PiercingWail","floor":27,"key":"SMITH"},{"data":"Crippling Poison","floor":32,"key":"SMITH"}],"neow_cost":"NONE","seed_source_timestamp":0,"circlet_count":0,"master_deck":["Defend_G","Defend_G","Defend_G","Defend_G","Strike_G","Strike_G","Strike_G","Survivor","Neutralize+1","Escape Plan","Well Laid Plans+1","PiercingWail+1","Dagger Throw","Leg Sweep+1","Venomology+1","Corpse Explosion","Noxious Fumes+1","PiercingWail","Quick Slash+1","Escape Plan+1","Crippling Poison+1","PiercingWail"],"special_seed":0,"relics":["Ring of the Snake","Ancient Tea Set","Bloody Idol","Ninja Scroll","Smiling Mask","Vajra","White Beast Statue","PreservedInsect","Bag of Preparation"],"potions_floor_usage":[18,18,24,24,28,30,30,33,33],"damage_taken":[{"damage":5.0,"enemies":"Cultist","floor":1.0,"turns":5.0},{"damage":0.0,"enemies":"Small Slimes","floor":2.0,"turns":3.0},{"damage":0.0,"enemies":"2 Louse","floor":7.0,"turns":2.0},{"damage":5.0,"enemies":"Exordium Thugs","floor":8.0,"turns":5.0},{"damage":3.0,"enemies":"Looter","floor":10.0,"turns":4.0},{"damage":19.0,"enemies":"3 Sentries","floor":12.0,"turns":12.0},{"damage":2.0,"enemies":"2 Fungi Beasts","floor":13.0,"turns":3.0},{"damage":0.0,"enemies":"3 Louse","floor":14.0,"turns":3.0},{"damage":24.0,"enemies":"The Guardian","floor":16.0,"turns":23.0},{"damage":21,"enemies":"Chosen","floor":18,"turns":10},{"damage":0,"enemies":"Gremlin Leader","floor":24,"turns":7},{"damage":0,"enemies":"2 Thieves","floor":28,"turns":2},{"damage":2,"enemies":"Centurion and Healer","floor":30,"turns":6},{"damage":33,"enemies":"Champ","floor":33,"turns":15}],"seed_played":"-348803303521925073","potions_obtained":[{"floor":2.0,"key":"SpeedPotion"},{"floor":7.0,"key":"Poison Potion"},{"floor":8.0,"key":"LiquidBronze"},{"floor":12.0,"key":"Dexterity Potion"},{"floor":18,"key":"Ancient Potion"},{"floor":24,"key":"SkillPotion"},{"floor":30,"key":"FearPotion"}],"is_trial":false,"path_per_floor":["M","M","$","?","?","R","M","M","T","M","R","E","M","M","R","B",null,"M","?","$","$","?","R","E","R","T","R","M","?","M","$","R","B"],"character_chosen":"THE_SILENT","items_purchased":["Well Laid Plans","Corpse Explosion","Noxious Fumes","PiercingWail"],"campfire_rested":1,"item_purchase_floors":[3,20,20,31],"current_hp_per_floor":[58,58,58,41,41,41,41,36,36,33,33,14,12,12,33,9,55,49,49,49,49,49,49,49,49,49,49,49,49,52,52,52,19],"gold":52,"neow_bonus":"RANDOM_COMMON_RELIC","is_prod":false,"is_daily":false,"chose_seed":false,"campfire_upgraded":6,"win_rate":0,"timestamp":1549174527,"path_taken":["M","M","?","?","?","R","M","M","T","?","R","E","M","M","R","BOSS","M","?","?","$","?","R","E","R","T","R","M","?","M","$","R","BOSS"],"build_version":"2019-01-23","purchased_purges":2,"victory":false,"max_hp_per_floor":[70,70,70,70,70,70,70,70,70,70,70,70,70,70,70,70,70,70,70,70,70,70,70,70,70,70,70,70,70,70,70,70,70],"card_choices":[{"not_picked":["Outmaneuver","Blade Dance"],"picked":"Escape Plan","floor":1.0},{"not_picked":["Tactician","Accuracy","Masterful Stab"],"picked":"SKIP","floor":2.0},{"not_picked":["Reflex","Underhanded Strike","Riddle With Holes"],"picked":"SKIP","floor":7.0},{"not_picked":["Bane","Caltrops"],"picked":"PiercingWail","floor":8.0},{"not_picked":["Slice","Prepared","Acrobatics"],"picked":"SKIP","floor":10.0},{"not_picked":["Backstab","Prepared"],"picked":"Dagger Throw","floor":12.0},{"not_picked":["Sucker Punch","Acrobatics","Prepared"],"picked":"SKIP","floor":13.0},{"not_picked":["Quick Slash","Acrobatics"],"picked":"Leg Sweep","floor":14.0},{"not_picked":["Night Terror","Unload"],"picked":"Venomology","floor":16.0},{"not_picked":["Deflect","Poisoned Stab","Infinite Blades"],"picked":"SKIP","floor":18},{"not_picked":["PiercingWail+1","Dagger Spray+1"],"picked":"Quick Slash+1","floor":24},{"not_picked":["Dagger Throw","Outmaneuver"],"picked":"Escape Plan+1","floor":28},{"not_picked":["Masterful Stab","Infinite Blades+1"],"picked":"Crippling Poison","floor":30}],"player_experience":350425,"relics_obtained":[{"floor":5.0,"key":"Ninja Scroll"},{"floor":9.0,"key":"Smiling Mask"},{"floor":12.0,"key":"Vajra"},{"floor":24,"key":"PreservedInsect"},{"floor":26,"key":"Bag of Preparation"}],"event_choices":[{"damage_healed":0.0,"max_hp_gain":0.0,"max_hp_loss":0.0,"gold_gain":0.0,"event_name":"Golden Idol","player_choice":"Take Damage","floor":4.0,"gold_loss":0.0,"damage_taken":17.0,"relics_obtained":["Golden Idol"]},{"damage_healed":0.0,"max_hp_gain":0.0,"max_hp_loss":0.0,"gold_gain":0.0,"event_name":"Wheel of Change","player_choice":"Relic","floor":5.0,"gold_loss":0.0,"damage_taken":0.0},{"cards_removed":["Defend_G"],"damage_healed":0,"gold_gain":0,"player_choice":"Upgrade and Remove","damage_taken":0,"max_hp_gain":0,"max_hp_loss":0,"event_name":"Designer","floor":19,"gold_loss":90,"cards_upgraded":["Leg Sweep"]},{"damage_healed":0,"gold_gain":0,"player_choice":"Read","damage_taken":0,"max_hp_gain":0,"max_hp_loss":0,"event_name":"The Library","floor":22,"gold_loss":0,"cards_obtained":["PiercingWail"]},{"damage_healed":0,"gold_gain":0,"player_choice":"Gave Idol","damage_taken":0,"relics_obtained":["Bloody Idol"],"max_hp_gain":0,"max_hp_loss":0,"event_name":"Forgotten Altar","floor":29,"relics_lost":["Golden Idol"],"gold_loss":0}],"is_beta":false,"boss_relics":[{"not_picked":["Astrolabe","HoveringKite"],"picked":"White Beast Statue"}],"items_purged_floors":[20,21],"is_endless":false,"potions_floor_spawned":[2,7,8,12,18,24,28,30],"killed_by":"Champ","ascension_level":9}