{"gold_per_floor":[115,11,65,85,101,101,101,101,101,101,113,288,322,47,47,151,151,151,66,10,10,10,10,10,10,10,10,10,10,10,10,10,10],"floor_reached":33,"playtime":1148,"items_purged":["Doubt"],"score":394,"play_id":"e3491d9c-aad2-409e-8ea9-f492b100fa3a","local_time":"20180919155201","is_ascension_mode":true,"campfire_choices":[{"data":"Searing Blow","floor":6,"key":"SMITH"},{"data":"Searing Blow+1","floor":8,"key":"SMITH"},{"data":"Searing Blow+2","floor":10,"key":"SMITH"},{"data":"Seeing Red","floor":15,"key":"SMITH"},{"data":"Searing Blow+3","floor":24,"key":"SMITH"},{"floor":28,"key":"REST"},{"data":"Limit Break","floor":32,"key":"SMITH"}],"neow_cost":"NONE","seed_source_timestamp":511254048792227,"circlet_count":0,"master_deck":["Strike_R","Strike_R","Strike_R","Strike_R","Defend_R","Defend_R","Defend_R","Defend_R","Bash","Searing Blow+4","Flex","Seeing Red+1","Clash","True Grit","Carnage","Searing Blow+3","Limit Break+1","Shockwave+1","Pommel Strike","Armaments","Inflame","Dual Wield+1","Bludgeon","Shrug It Off"],"relics":["Burning Blood","Red Skull","Boot","Anchor","DollysMirror","Ectoplasm","Bronze Scales","The Courier","Thread and Needle","Strawberry","Peace Pipe","Sundial"],"potions_floor_usage":[13,16,25,31,31],"damage_taken":[{"damage":11,"enemies":"Cultist","floor":1,"turns":4},{"damage":15,"enemies":"Small Slimes","floor":4,"turns":3},{"damage":8,"enemies":"2 Louse","floor":5,"turns":3},{"damage":0,"enemies":"Blue Slaver","floor":11,"turns":2},{"damage":0,"enemies":"Gremlin Nob","floor":13,"turns":2},{"damage":59,"enemies":"Hexaghost","floor":16,"turns":11},{"damage":9,"enemies":"Shell Parasite","floor":18,"turns":3},{"damage":4,"enemies":"Spheric Guardian","floor":22,"turns":3},{"damage":26,"enemies":"Slavers","floor":23,"turns":5},{"damage":2,"enemies":"Snecko","floor":25,"turns":4},{"damage":21,"enemies":"Book of Stabbing","floor":27,"turns":5},{"damage":5,"enemies":"Snake Plant","floor":29,"turns":3},{"damage":17,"enemies":"Slavers","floor":30,"turns":4},{"damage":3,"enemies":"Cultist and Chosen","floor":31,"turns":4},{"damage":76,"enemies":"Automaton","floor":33,"turns":8}],"seed_played":"4531066840569843398","potions_obtained":[{"floor":1,"key":"Dexterity Potion"},{"floor":11,"key":"AttackPotion"},{"floor":22,"key":"Strength Potion"},{"floor":29,"key":"Swift Potion"},{"floor":30,"key":"SneckoOil"},{"floor":31,"key":"Poison Potion"}],"is_trial":false,"path_per_floor":["M","$","T","M","M","R","$","R","T","R","M","?","E","$","R","B",null,"M","?","?","$","M","E","R","M","T","E","R","M","E","M","R"],"character_chosen":"IRONCLAD","items_purchased":["Flex","Seeing Red","DollysMirror"],"campfire_rested":1,"item_purchase_floors":[2,2,14],"current_hp_per_floor":[75,75,75,66,64,64,64,64,64,64,70,70,76,76,76,23,80,77,77,77,77,79,59,59,63,70,55,81,82,71,74,74,0],"gold":10,"neow_bonus":"REMOVE_CARD","is_prod":false,"is_daily":false,"chose_seed":false,"campfire_upgraded":6,"win_rate":0,"timestamp":1537393921,"path_taken":["M","?","?","?","M","R","$","R","T","R","M","?","E","$","R","BOSS","M","?","?","?","?","E","R","M","T","E","R","M","E","M","R","BOSS"],"build_version":"2018-09-06","purchased_purges":1,"victory":false,"max_hp_per_floor":[80,80,80,80,80,80,80,80,80,80,80,80,80,80,80,80,80,80,80,80,80,80,80,80,80,87,87,87,87,87,87,87,87],"card_choices":[{"not_picked":["Shockwave","Combust"],"picked":"Searing Blow","floor":1},{"not_picked":["Twin Strike","Sword Boomerang"],"picked":"Clash","floor":4},{"not_picked":["Body Slam","Burning Pact"],"picked":"True Grit","floor":5},{"not_picked":["Havoc","Sword Boomerang","Reckless Charge"],"picked":"SKIP","floor":11},{"not_picked":["Headbutt","Dropkick"],"picked":"Carnage","floor":13},{"not_picked":["Offering","Dark Embrace"],"picked":"Limit Break","floor":16},{"not_picked":["Sword Boomerang+1","Cleave","Warcry"],"picked":"SKIP","floor":18},{"not_picked":["Body Slam","Wild Strike"],"picked":"Shockwave+1","floor":22},{"not_picked":["Dark Embrace","Second Wind"],"picked":"Pommel Strike","floor":23},{"not_picked":["Shockwave","Body Slam"],"picked":"Armaments","floor":25},{"not_picked":["Wild Strike","Dropkick"],"picked":"Inflame","floor":27},{"not_picked":["Warcry+1","Heavy Blade"],"picked":"Dual Wield+1","floor":29},{"not_picked":["Heavy Blade","Reckless Charge"],"picked":"Bludgeon","floor":30},{"not_picked":["Disarm","Second Wind+1"],"picked":"Shrug It Off","floor":31}],"player_experience":543617,"relics_obtained":[{"floor":3,"key":"Red Skull"},{"floor":9,"key":"Boot"},{"floor":13,"key":"Anchor"},{"floor":23,"key":"Thread and Needle"},{"floor":26,"key":"Strawberry"},{"floor":27,"key":"Peace Pipe"},{"floor":30,"key":"Sundial"}],"event_choices":[{"event_name":"Liars Game","player_choice":"agreed","floor":12,"damage_taken":0},{"event_name":"Addict","player_choice":"Obtained Relic","floor":19,"damage_taken":0},{"event_name":"WeMeetAgain","player_choice":"Gold","floor":20,"damage_taken":0}],"is_beta":false,"boss_relics":[{"not_picked":["Coffee Dripper","Runic Cube"],"picked":"Ectoplasm"}],"items_purged_floors":[14],"is_endless":false,"potions_floor_spawned":[1,11,22,29,30,31],"killed_by":"Automaton","ascension_level":4}