{"gold_per_floor":[116,116,128,145,145,145,164,164,189,209,221,221,241,274,274,369,369,380,398,412,412,314,314,329,279,279,291,304,304,304,150,150,150],"floor_reached":33,"playtime":1318,"items_purged":[],"score":326,"play_id":"e82c0421-36d0-44c2-8161-e6b5ab2aea4c","local_time":"20190401221220","is_ascension_mode":false,"campfire_choices":[{"data":"Conserve Battery","floor":6.0,"key":"SMITH"},{"data":"Capacitor","floor":8.0,"key":"SMITH"},{"data":"Dualcast","floor":12.0,"key":"SMITH"},{"data":"Hologram","floor":15.0,"key":"SMITH"},{"data":"Fission","floor":23,"key":"SMITH"},{"floor":30,"key":"REST"},{"floor":32,"key":"REST"}],"neow_cost":"NONE","seed_source_timestamp":1086896590472703,"circlet_count":0,"master_deck":["Defend_B","Defend_B","Defend_B","Defend_B","Zap+1","Dualcast+1","Ball Lightning","FTL","Barrage","Conserve Battery+1","Capacitor+1","Cold Snap","Cold Snap","Hologram+1","Coolheaded","Fission+1","Redo+1","Ball Lightning","Good Instincts","Barrage","Consume","Glacier+1","Bite","Bite","Bite","Bite","Bite","Self Repair","Ball Lightning","Coolheaded"],"special_seed":0,"relics":["Cracked Core"],"potions_floor_usage":[18,24,27],"damage_taken":[{"damage":1.0,"enemies":"Jaw Worm","floor":1.0,"turns":3.0},{"damage":2.0,"enemies":"2 Louse","floor":3.0,"turns":3.0},{"damage":0.0,"enemies":"Cultist","floor":4.0,"turns":2.0},{"damage":0.0,"enemies":"2 Fungi Beasts","floor":7.0,"turns":3.0},{"damage":3.0,"enemies":"Red Slaver","floor":10.0,"turns":2.0},{"damage":8.0,"enemies":"Looter","floor":11.0,"turns":2.0},{"damage":13.0,"enemies":"Lots of Slimes","floor":13.0,"turns":3.0},{"damage":1.0,"enemies":"3 Sentries","floor":14.0,"turns":4.0},{"damage":0,"enemies":"Slime Boss","floor":16,"turns":10},{"damage":26,"enemies":"2 Thieves","floor":18,"turns":4},{"damage":4,"enemies":"Shell Parasite","floor":19,"turns":4},{"damage":8,"enemies":"Snecko","floor":20,"turns":5},{"damage":6,"enemies":"Cultist and Chosen","floor":24,"turns":6},{"damage":12,"enemies":"Shelled Parasite and Fungi","floor":27,"turns":6},{"damage":21,"enemies":"Sentry and Sphere","floor":28,"turns":6},{"damage":55,"enemies":"Automaton","floor":33,"turns":12}],"seed_played":"3338935788649492170","potions_obtained":[{"floor":7.0,"key":"SkillPotion"},{"floor":10.0,"key":"FearPotion"},{"floor":11.0,"key":"FocusPotion"},{"floor":14.0,"key":"LiquidBronze"},{"floor":16,"key":"Regen Potion"},{"floor":18,"key":"Weak Potion"}],"is_trial":false,"path_per_floor":["M","?","M","M","?","R","M","R","T","M","M","R","M","E","R","B",null,"M","M","M","?","$","R","M","?","T","M","M","?","R","$","R","B"],"character_chosen":"DEFECT","items_purchased":["Good Instincts","Self Repair","Ball Lightning","Coolheaded"],"campfire_rested":2,"item_purchase_floors":[22,31,31,31],"current_hp_per_floor":[74,74,72,72,72,72,72,72,72,69,61,61,48,47,47,47,75,58,54,46,46,46,46,40,40,40,28,7,7,22,22,37,0],"gold":150,"neow_bonus":"UPGRADE_CARD","is_prod":false,"is_daily":false,"chose_seed":false,"campfire_upgraded":5,"win_rate":0,"timestamp":1554178340,"path_taken":["M","?","M","M","?","R","M","R","T","M","M","R","M","E","R","BOSS","M","M","M","?","$","R","M","?","T","M","?","?","R","$","R","BOSS"],"build_version":"2019-01-23","purchased_purges":0,"victory":false,"max_hp_per_floor":[75,75,75,75,75,75,75,75,75,75,75,75,75,75,75,75,75,75,75,75,75,75,75,75,75,75,75,75,52,52,52,52,52],"card_choices":[{"not_picked":["Steam","Aggregate"],"picked":"Ball Lightning","floor":1.0},{"not_picked":["Sweeping Beam","Compile Driver"],"picked":"FTL","floor":3.0},{"not_picked":["Turbo","Skim"],"picked":"Barrage","floor":4.0},{"not_picked":["FTL","Compile Driver"],"picked":"Capacitor","floor":7.0},{"not_picked":["Gash","Stack"],"picked":"Cold Snap","floor":10.0},{"not_picked":["Beam Cell","Hologram"],"picked":"Cold Snap","floor":11.0},{"not_picked":["Double Energy","Barrage"],"picked":"Hologram","floor":13.0},{"not_picked":["Ball Lightning","Leap"],"picked":"Coolheaded","floor":14.0},{"not_picked":["Thunder Strike","Seek"],"picked":"Fission","floor":16},{"not_picked":["Rebound","Conserve Battery"],"picked":"Redo+1","floor":18},{"not_picked":["Melter+1","Gash+1","Sweeping Beam+1"],"picked":"SKIP","floor":19},{"not_picked":["Rebound","Barrage"],"picked":"Ball Lightning","floor":20},{"not_picked":["Turbo","Rip and Tear"],"picked":"Barrage","floor":24},{"not_picked":["Compile Driver","Genetic Algorithm"],"picked":"Consume","floor":27},{"not_picked":["Barrage","White Noise+1"],"picked":"Glacier+1","floor":28}],"player_experience":1736544,"relics_obtained":[],"event_choices":[{"damage_healed":0.0,"max_hp_gain":0.0,"max_hp_loss":0.0,"gold_gain":0.0,"event_name":"Golden Idol","player_choice":"Ignored","floor":2.0,"gold_loss":0.0,"damage_taken":0.0},{"damage_healed":0.0,"max_hp_gain":0.0,"max_hp_loss":0.0,"gold_gain":0.0,"event_name":"Match and Keep!","player_choice":"1 cards matched","floor":5.0,"gold_loss":0.0,"damage_taken":0.0,"cards_obtained":["Conserve Battery"]},{"damage_healed":0,"gold_gain":0,"player_choice":"Ignored","damage_taken":0,"max_hp_gain":0,"max_hp_loss":0,"event_name":"The Mausoleum","floor":21,"gold_loss":0},{"damage_healed":0,"gold_gain":0,"player_choice":"Bet on Murderer","damage_taken":0,"max_hp_gain":0,"max_hp_loss":0,"event_name":"The Joust","floor":25,"gold_loss":50},{"damage_healed":0,"gold_gain":0,"player_choice":"Became a vampire","damage_taken":0,"max_hp_gain":0,"max_hp_loss":23,"event_name":"Vampires","floor":29,"gold_loss":0,"cards_obtained":["Bite","Bite","Bite","Bite","Bite"]}],"is_beta":false,"boss_relics":[{"not_picked":["White Beast Statue","Empty Cage","Astrolabe"]}],"items_purged_floors":[],"is_endless":false,"potions_floor_spawned":[7,10,11,14,16,18,20],"killed_by":"Automaton","ascension_level":0}