{"gold_per_floor":[118,118,135,135,111,111,127,146,146,146,94,108,108,128,128,224,224,240,255,255,255,272,272,283,128,154,154],"floor_reached":27,"playtime":1434,"items_purged":[],"score":205,"play_id":"18bcbdbc-ba94-4ca4-94d6-8cf09a80824d","local_time":"20190214101255","is_ascension_mode":false,"campfire_choices":[{"data":"Neutralize","floor":6,"key":"SMITH"},{"floor":13,"key":"REST"},{"floor":15,"key":"REST"},{"data":"A Thousand Cuts","floor":23,"key":"SMITH"}],"neow_cost":"NONE","seed_source_timestamp":139043504877794,"circlet_count":0,"master_deck":["Defend_G","Defend_G","Defend_G","Defend_G","Defend_G","Strike_G","Strike_G","Strike_G","Strike_G","Survivor","Neutralize+1","Storm of Steel+1","Backflip","Blur","Sucker Punch","Backflip","Cloak And Dagger","Calculated Gamble","Cloak And Dagger","A Thousand Cuts+1","PiercingWail","Deflect","Terror+1","Burst","Blade Dance","Accuracy","Slice"],"relics":["Ring of the Snake"],"potions_floor_usage":[16,16,18,22,22],"damage_taken":[{"damage":1,"enemies":"Cultist","floor":1,"turns":4},{"damage":6,"enemies":"Jaw Worm","floor":3,"turns":3},{"damage":0,"enemies":"Small Slimes","floor":7,"turns":2},{"damage":22,"enemies":"Exordium Wildlife","floor":8,"turns":6},{"damage":16,"enemies":"Gremlin Gang","floor":12,"turns":8},{"damage":0,"enemies":"3 Louse","floor":14,"turns":3},{"damage":30,"enemies":"The Guardian","floor":16,"turns":20},{"damage":4,"enemies":"Shell Parasite","floor":18,"turns":6},{"damage":28,"enemies":"Spheric Guardian","floor":19,"turns":6},{"damage":25,"enemies":"Snake Plant","floor":22,"turns":9},{"damage":46,"enemies":"Sentry and Sphere","floor":24,"turns":12},{"damage":14,"enemies":"Centurion and Healer","floor":27,"turns":13}],"seed_played":"-7015430997261227974","potions_obtained":[{"floor":7,"key":"Weak Potion"},{"floor":12,"key":"EntropicBrew"},{"floor":16,"key":"Regen Potion"},{"floor":18,"key":"SpeedPotion"}],"is_trial":false,"path_per_floor":["M","?","M","?","?","R","M","M","T","?","$","M","R","M","R","B",null,"M","M","?","?","M","R","M","$","T","M"],"character_chosen":"THE_SILENT","items_purchased":["Cloak And Dagger","Blade Dance","Accuracy","Slice"],"campfire_rested":2,"item_purchase_floors":[11,25,25,25],"current_hp_per_floor":[69,62,56,56,56,56,56,34,34,34,34,18,39,39,60,30,70,66,38,38,61,50,50,4,4,4,0],"gold":154,"neow_bonus":"ONE_RANDOM_RARE_CARD","is_prod":false,"is_daily":false,"chose_seed":false,"campfire_upgraded":2,"win_rate":0,"timestamp":1550164375,"path_taken":["M","?","M","?","?","R","M","M","T","?","$","M","R","M","R","BOSS","M","M","?","?","M","R","M","?","T","?"],"build_version":"2019-01-23","purchased_purges":0,"victory":false,"max_hp_per_floor":[70,70,70,70,70,70,70,70,70,70,70,70,70,70,70,70,70,70,70,70,70,70,70,70,70,70,70],"card_choices":[{"not_picked":["All Out Attack","Dagger Spray"],"picked":"Backflip","floor":1},{"not_picked":["Sucker Punch","Predator"],"picked":"Blur","floor":3},{"not_picked":["Flying Knee","Reflex"],"picked":"Sucker Punch","floor":7},{"not_picked":["Slice","Choke"],"picked":"Backflip","floor":8},{"not_picked":["Sucker Punch","Deadly Poison"],"picked":"Calculated Gamble","floor":12},{"not_picked":["Sucker Punch","Poisoned Stab"],"picked":"Cloak And Dagger","floor":14},{"not_picked":["Glass Knife","Night Terror"],"picked":"A Thousand Cuts","floor":16},{"not_picked":["Deadly Poison+1","Dodge and Roll"],"picked":"PiercingWail","floor":18},{"not_picked":["Dagger Spray","Quick Slash+1"],"picked":"Deflect","floor":19},{"not_picked":["Caltrops","PiercingWail"],"picked":"Terror+1","floor":22},{"not_picked":["Reflex","Flying Knee"],"picked":"Burst","floor":24}],"player_experience":1470026,"relics_obtained":[],"event_choices":[{"cards_removed":["Strike_G"],"damage_healed":0,"gold_gain":0,"player_choice":"Card Removal","damage_taken":7,"max_hp_gain":0,"max_hp_loss":0,"event_name":"Golden Wing","floor":2,"gold_loss":0},{"damage_healed":0,"gold_gain":0,"player_choice":"Grow","damage_taken":0,"max_hp_gain":0,"max_hp_loss":0,"event_name":"Living Wall","floor":4,"gold_loss":0,"cards_upgraded":["Storm of Steel"]},{"damage_healed":0,"gold_gain":0,"player_choice":"Left Gold","damage_taken":0,"max_hp_gain":0,"max_hp_loss":0,"event_name":"World of Goop","floor":5,"gold_loss":24},{"damage_healed":0,"gold_gain":0,"player_choice":"Ignored","damage_taken":0,"max_hp_gain":0,"max_hp_loss":0,"event_name":"Golden Idol","floor":10,"gold_loss":0},{"damage_healed":0,"gold_gain":0,"player_choice":"Ignored","damage_taken":0,"max_hp_gain":0,"max_hp_loss":0,"event_name":"Cursed Tome","floor":20,"gold_loss":0},{"damage_healed":23,"gold_gain":0,"player_choice":"Heal","damage_taken":0,"max_hp_gain":0,"max_hp_loss":0,"event_name":"The Library","floor":21,"gold_loss":0}],"is_beta":false,"boss_relics":[{"not_picked":["Tiny House","Sozu","Eternal Feather"]}],"items_purged_floors":[],"is_endless":false,"potions_floor_spawned":[7,12,16,18],"killed_by":"Centurion and Healer","ascension_level":0}