{"gold_per_floor":[110,69,83,83,98,124,124,149,149,164,164,180,196,214,214,318,318,332,91,106,125,125,125],"floor_reached":23,"playtime":1538,"items_purged":[],"score":245,"play_id":"8c20c566-9911-4bcf-adcd-41ec629ac7ff","local_time":"20180729195912","is_ascension_mode":false,"campfire_choices":[{"data":"Chill","floor":7,"key":"SMITH"},{"floor":15,"key":"REST"}],"neow_cost":"NONE","seed_source_timestamp":265848432754956,"circlet_count":0,"master_deck":["Strike_B","Strike_B","Strike_B","Strike_B","Defend_B","Defend_B","Defend_B","Defend_B","Zap","Dualcast","Chill+1","Ball Lightning","Storm","Cold Snap","Capacitor","Undo","Reboot","Gash","Ball Lightning","Cold Snap","Gash","Seek","Steam","Cold Snap","Genetic Algorithm","Ball Lightning","Self Repair","Cold Snap+1","Blizzard"],"relics":["Cracked Core","Mango","Odd Mushroom","Pear","Orrery","Medical Kit"],"potions_floor_usage":[6,21],"damage_taken":[{"damage":0,"enemies":"Cultist","floor":1,"turns":3},{"damage":4,"enemies":"Jaw Worm","floor":3,"turns":3},{"damage":4,"enemies":"2 Louse","floor":5,"turns":2},{"damage":21,"enemies":"Gremlin Nob","floor":6,"turns":5},{"damage":12,"floor":8,"turns":4},{"damage":3,"enemies":"2 Fungi Beasts","floor":10,"turns":3},{"damage":1,"enemies":"Lots of Slimes","floor":12,"turns":4},{"damage":0,"enemies":"Exordium Thugs","floor":13,"turns":3},{"damage":10,"enemies":"Looter","floor":14,"turns":3},{"damage":45,"enemies":"Hexaghost","floor":16,"turns":10},{"damage":13,"enemies":"Shell Parasite","floor":18,"turns":6},{"damage":23,"enemies":"3 Byrds","floor":20,"turns":5},{"damage":14,"enemies":"Centurion and Healer","floor":21,"turns":10},{"damage":70,"enemies":"Slavers","floor":23,"turns":5}],"seed_played":"2008180358425552998","potions_obtained":[{"floor":5,"key":"FocusPotion"},{"floor":10,"key":"Swift Potion"},{"floor":13,"key":"Explosive Potion"},{"floor":14,"key":"GamblersBrew"},{"floor":21,"key":"FocusPotion"}],"is_trial":false,"path_per_floor":["M","$","M","?","M","E","R","?","T","M","?","M","M","M","R","B",null,"M","$","M","M","?"],"character_chosen":"DEFECT","items_purchased":["Storm","Blizzard","Medical Kit"],"campfire_rested":1,"item_purchase_floors":[2,19,19],"current_hp_per_floor":[75,75,71,71,67,60,60,48,58,55,55,54,54,44,73,28,99,93,93,77,70,70,0],"gold":125,"neow_bonus":"THREE_CARDS","is_prod":false,"is_daily":false,"chose_seed":false,"campfire_upgraded":1,"win_rate":0,"timestamp":1532915952,"path_taken":["M","$","M","?","M","E","R","?","T","M","?","M","M","?","R","BOSS","M","$","M","M","?","E"],"build_version":"2018-07-26","purchased_purges":0,"victory":false,"max_hp_per_floor":[75,75,75,75,75,89,89,89,99,99,99,99,99,99,99,99,99,99,99,99,99,99,99],"card_choices":[{"not_picked":["Compile Driver","Reprogram"],"picked":"Chill","floor":0},{"not_picked":["Barrage","Sweeping Beam"],"picked":"Ball Lightning","floor":1},{"not_picked":["Compile Driver","Aggregate"],"picked":"Cold Snap","floor":3},{"not_picked":["Leap","Streamline"],"picked":"Capacitor","floor":5},{"not_picked":["Barrage","Compile Driver"],"picked":"Undo","floor":6},{"not_picked":["Leap","Beam Cell"],"picked":"Reboot","floor":8},{"not_picked":["Reprogram","Stack"],"picked":"Gash","floor":10},{"not_picked":["Double Energy","Reinforced Body"],"picked":"Ball Lightning","floor":12},{"not_picked":["Tempest","Coolheaded"],"picked":"Cold Snap","floor":13},{"not_picked":["Self Repair","Beam Cell"],"picked":"Gash","floor":14},{"not_picked":["Creative AI","Multi-Cast"],"picked":"Seek","floor":16},{"not_picked":["FTL","Compile Driver"],"picked":"Steam","floor":17},{"not_picked":["Aggregate","Storm"],"picked":"Cold Snap","floor":17},{"not_picked":["Redo","Rainbow"],"picked":"Genetic Algorithm","floor":17},{"not_picked":["Leap","Rebound"],"picked":"Ball Lightning","floor":17},{"not_picked":["Compile Driver","Doom and Gloom"],"picked":"Self Repair","floor":17},{"not_picked":["Electrodynamics","Turbo"],"picked":"Cold Snap+1","floor":18},{"not_picked":["Turbo","Barrage","Steam"],"picked":"SKIP","floor":20},{"not_picked":["Go for the Eyes","Streamline","Sunder"],"picked":"SKIP","floor":21}],"player_experience":80836,"relics_obtained":[{"floor":6,"key":"Mango"},{"floor":8,"key":"Odd Mushroom"},{"floor":9,"key":"Pear"}],"event_choices":[{"event_name":"Liars Game","player_choice":"disagreed","floor":4,"damage_taken":0},{"event_name":"Mushrooms","player_choice":"Fought Mushrooms","floor":8,"damage_taken":0},{"event_name":"The Woman in Blue","player_choice":"Bought 0 Potions","floor":11,"damage_taken":0},{"event_name":"Ghosts","player_choice":"Ignored","floor":22,"damage_taken":0}],"is_beta":false,"boss_relics":[{"not_picked":["Snecko Eye","Calling Bell"],"picked":"Orrery"}],"items_purged_floors":[],"is_endless":false,"potions_floor_spawned":[5,10,13,14,16,21],"killed_by":"Slavers","ascension_level":0}