{"gold_per_floor":[218,393,393,405,355,388,388,388,388,400,417,437,450,20,20,115,115,128,141,241,255,267,267,227,239,239,3,3,3,3,23,23,123,123,135,155,155,155],"floor_reached":38,"playtime":1344,"items_purged":["Strike_B","Defend_B"],"score":548,"play_id":"40ba0b54-e480-4786-a9a7-84cd773a73d6","local_time":"20190114013632","is_ascension_mode":true,"campfire_choices":[{"data":"Zap","floor":7,"key":"SMITH"},{"data":"Magnetism","floor":15,"key":"SMITH"},{"data":"White Noise","floor":23,"key":"SMITH"},{"floor":28,"key":"REST"},{"data":"Coolheaded","floor":30,"key":"SMITH"},{"floor":32,"key":"REST"}],"neow_cost":"NONE","seed_source_timestamp":325424367173660,"circlet_count":0,"master_deck":["Strike_B","Strike_B","Defend_B","Defend_B","Defend_B","Zap+1","Dualcast","Cold Snap","Cold Snap","Melter","White Noise+1","Tempest","Blizzard","Magnetism+1","Echo Form","Double Energy+1","Storm","Coolheaded+1","Finesse","Core Surge","Coolheaded+1","Secret Technique","Swift Strike"],"relics":["Cracked Core","Thread and Needle","Du-Vu Doll","Lee\u0027s Waffle","Busted Crown","Ginger","Runic Dome"],"potions_floor_usage":[16,19,33,33,35],"damage_taken":[{"damage":2,"enemies":"Jaw Worm","floor":1,"turns":3},{"damage":0,"enemies":"2 Louse","floor":4,"turns":2},{"damage":36,"enemies":"Gremlin Nob","floor":6,"turns":6},{"damage":0,"enemies":"Small Slimes","floor":10,"turns":3},{"damage":0,"enemies":"Exordium Wildlife","floor":11,"turns":4},{"damage":3,"enemies":"2 Fungi Beasts","floor":12,"turns":3},{"damage":0,"enemies":"Gremlin Gang","floor":13,"turns":4},{"damage":9,"enemies":"The Guardian","floor":16,"turns":13},{"damage":0,"enemies":"Spheric Guardian","floor":18,"turns":2},{"damage":16,"enemies":"3 Byrds","floor":19,"turns":4},{"damage":19,"enemies":"Centurion and Healer","floor":21,"turns":3},{"damage":20,"enemies":"Snake Plant","floor":22,"turns":2},{"damage":12,"enemies":"Snecko","floor":25,"turns":5},{"damage":7,"enemies":"Centurion and Healer","floor":31,"turns":7},{"damage":21,"enemies":"Collector","floor":33,"turns":5},{"damage":25,"enemies":"3 Darklings","floor":35,"turns":5},{"damage":12,"enemies":"Orb Walker","floor":36,"turns":4},{"damage":24,"enemies":"Jaw Worm Horde","floor":38,"turns":2}],"seed_played":"-4502897559655269015","potions_obtained":[{"floor":6,"key":"Ancient Potion"},{"floor":11,"key":"SneckoOil"},{"floor":12,"key":"Swift Potion"},{"floor":22,"key":"Regen Potion"},{"floor":24,"key":"PowerPotion"},{"floor":24,"key":"Energy Potion"},{"floor":31,"key":"PowerPotion"},{"floor":33,"key":"SkillPotion"}],"is_trial":false,"path_per_floor":["M","?","?","M","?","E","R","?","T","M","M","M","M","$","R","B",null,"M","M","?","M","M","R","?","M","T","$","R","?","R","M","R","B",null,"M","M","?","M"],"character_chosen":"DEFECT","items_purchased":["Magnetism","Lee\u0027s Waffle","Coolheaded","Finesse"],"campfire_rested":2,"item_purchase_floors":[14,14,27,27],"current_hp_per_floor":[66,66,66,66,66,30,30,55,55,55,55,52,52,82,82,73,80,80,64,64,45,25,25,25,13,13,13,37,37,37,30,54,33,70,45,33,23,0],"gold":155,"neow_bonus":"HUNDRED_GOLD","is_prod":false,"is_daily":false,"chose_seed":false,"campfire_upgraded":4,"win_rate":0,"timestamp":1547447792,"path_taken":["M","?","?","M","?","E","R","?","T","M","?","M","M","$","R","BOSS","M","M","?","M","?","R","?","?","T","?","R","?","R","?","R","BOSS","M","M","?","M"],"build_version":"2019-01-10","purchased_purges":2,"victory":false,"max_hp_per_floor":[75,75,75,75,75,75,75,75,75,75,75,75,75,82,82,82,82,82,82,82,82,82,82,82,82,82,82,82,82,82,82,82,82,82,82,82,82,82],"card_choices":[{"not_picked":["Redo","Steam"],"picked":"Cold Snap","floor":1},{"not_picked":["Go for the Eyes","Steam"],"picked":"Cold Snap","floor":4},{"not_picked":["Redo","Streamline"],"picked":"Melter","floor":6},{"not_picked":["Streamline","Sunder"],"picked":"White Noise","floor":10},{"not_picked":["Go for the Eyes","Streamline","Sweeping Beam"],"picked":"SKIP","floor":11},{"not_picked":["Steam","Multi-Cast"],"picked":"Tempest","floor":12},{"not_picked":["Redo","Rebound"],"picked":"Blizzard","floor":13},{"not_picked":["Multi-Cast","Biased Cognition"],"picked":"Echo Form","floor":16},{"not_picked":["Sweeping Beam"],"picked":"SKIP","floor":18},{"not_picked":[],"picked":"Double Energy+1","floor":19},{"not_picked":["Ball Lightning"],"picked":"SKIP","floor":21},{"not_picked":["Compile Driver"],"picked":"SKIP","floor":22},{"not_picked":[],"picked":"Storm","floor":25},{"not_picked":["Gash"],"picked":"SKIP","floor":31},{"not_picked":[],"picked":"Core Surge","floor":33},{"not_picked":["Beam Cell"],"picked":"SKIP","floor":35},{"not_picked":[],"picked":"Coolheaded+1","floor":36},{"not_picked":[],"picked":"Secret Technique","floor":37},{"not_picked":[],"picked":"Swift Strike","floor":37}],"player_experience":504230,"relics_obtained":[{"floor":6,"key":"Thread and Needle"},{"floor":9,"key":"Du-Vu Doll"},{"floor":26,"key":"Ginger"}],"event_choices":[{"damage_healed":0,"gold_gain":175,"player_choice":"AGREE","damage_taken":0,"max_hp_gain":0,"max_hp_loss":0,"event_name":"Liars Game","floor":2,"gold_loss":0,"cards_obtained":["Doubt"]},{"cards_removed":["Doubt"],"damage_healed":0,"gold_gain":0,"player_choice":"Forget","damage_taken":0,"max_hp_gain":0,"max_hp_loss":0,"event_name":"Living Wall","floor":3,"gold_loss":0},{"cards_removed":["Strike_B"],"damage_healed":0,"gold_gain":0,"player_choice":"Card Removal","damage_taken":0,"max_hp_gain":0,"max_hp_loss":0,"event_name":"The Cleric","floor":5,"gold_loss":50},{"damage_healed":25,"gold_gain":0,"player_choice":"Banana","damage_taken":0,"max_hp_gain":0,"max_hp_loss":0,"event_name":"Big Fish","floor":8,"gold_loss":0},{"damage_healed":0,"gold_gain":100,"player_choice":"Pray","damage_taken":0,"max_hp_gain":0,"max_hp_loss":0,"event_name":"Golden Shrine","floor":20,"gold_loss":0},{"damage_healed":0,"gold_gain":0,"player_choice":"Bought 3 Potions","damage_taken":0,"max_hp_gain":0,"max_hp_loss":0,"event_name":"The Woman in Blue","floor":24,"gold_loss":0},{"damage_healed":0,"gold_gain":0,"player_choice":"0 cards matched","damage_taken":0,"max_hp_gain":0,"max_hp_loss":0,"event_name":"Match and Keep!","floor":29,"gold_loss":0,"cards_obtained":[]},{"damage_healed":0,"gold_gain":0,"player_choice":"Memory 3","damage_taken":10,"max_hp_gain":0,"max_hp_loss":0,"event_name":"SensoryStone","floor":37,"gold_loss":0}],"is_beta":true,"boss_relics":[{"not_picked":["White Beast Statue","Philosopher\u0027s Stone"],"picked":"Busted Crown"},{"not_picked":["Lizard Tail","Runic Pyramid"],"picked":"Runic Dome"}],"items_purged_floors":[14,27],"is_endless":false,"potions_floor_spawned":[6,11,12,22,31,33],"killed_by":"Jaw Worm Horde","ascension_level":9}