{"gold_per_floor":[119,119,28,28,40,40,67,99,206,235,235,270,270,270,270,374,374,384,384,384,354,371,371,402,402],"floor_reached":25,"playtime":699,"items_purged":[],"score":326,"play_id":"7fa63459-7ffb-4079-9617-bdae0d7014a7","local_time":"20181029223314","is_ascension_mode":true,"campfire_choices":[{"data":"Perfected Strike","floor":6,"key":"SMITH"},{"floor":11,"key":"REST"},{"floor":13,"key":"REST"},{"floor":15,"key":"REST"},{"floor":23,"key":"REST"}],"neow_cost":"NONE","seed_source_timestamp":1658997395139722,"circlet_count":0,"master_deck":["Strike_R","Strike_R","Strike_R","Strike_R","Strike_R","Defend_R","Defend_R","Bash","Perfected Strike+1","Regret","Flex","Wild Strike","Pommel Strike+1","Wild Strike","Offering","Rampage+1","Shrug It Off+1","Cleave+1","Twin Strike","Shame","Twin Strike","Double Tap+1"],"relics":["Burning Blood","NeowsBlessing","Matryoshka","Blue Candle","Odd Mushroom","FossilizedHelix","Tiny Chest","Gremlin Horn","Juzu Bracelet","Shuriken","Astrolabe","Toxic Egg 2","Boot","Pen Nib","Bottled Lightning"],"potions_floor_usage":[12,16,24,24],"damage_taken":[{"damage":0,"enemies":"Small Slimes","floor":1,"turns":1},{"damage":2,"enemies":"2 Louse","floor":5,"turns":2},{"damage":1,"enemies":"The Mushroom Lair","floor":7,"turns":2},{"damage":25,"enemies":"Gremlin Nob","floor":8,"turns":4},{"damage":46,"enemies":"Lagavulin","floor":10,"turns":6},{"damage":16,"enemies":"3 Sentries","floor":12,"turns":6},{"damage":43,"enemies":"The Guardian","floor":16,"turns":11},{"damage":36,"enemies":"2 Thieves","floor":18,"turns":4},{"damage":9,"enemies":"Chosen","floor":22,"turns":4},{"damage":49,"enemies":"Book of Stabbing","floor":24,"turns":5},{"damage":25,"enemies":"Snake Plant","floor":25,"turns":2}],"seed_played":"7465227853443000600","potions_obtained":[{"floor":8,"key":"LiquidBronze"},{"floor":10,"key":"Explosive Potion"},{"floor":12,"key":"FearPotion"},{"floor":21,"key":"Weak Potion"},{"floor":21,"key":"Dexterity Potion"},{"floor":24,"key":"SteroidPotion"}],"is_trial":false,"path_per_floor":["M","?","?","$","M","R","?","E","T","E","R","E","R","?","R","B",null,"M","?","T","?","M","R","E"],"character_chosen":"IRONCLAD","items_purchased":[],"campfire_rested":4,"item_purchase_floors":[],"current_hp_per_floor":[78,78,78,78,80,80,80,61,61,21,45,35,59,59,80,43,71,41,41,41,41,38,62,19,0],"gold":402,"neow_bonus":"THREE_ENEMY_KILL","is_prod":false,"is_daily":false,"chose_seed":false,"campfire_upgraded":1,"win_rate":0,"timestamp":1540873994,"path_taken":["M","?","?","?","?","R","?","E","T","E","R","E","R","?","R","BOSS","M","?","?","?","M","R","E","M"],"build_version":"2018-10-25v2","purchased_purges":0,"victory":false,"max_hp_per_floor":[80,80,80,80,80,80,80,80,80,80,80,80,80,80,80,80,80,80,80,80,80,80,80,80,80],"card_choices":[{"not_picked":["Clash","Pummel"],"picked":"Perfected Strike","floor":1},{"not_picked":["Cleave","Searing Blow"],"picked":"Flex","floor":5},{"not_picked":["Corruption","Reckless Charge"],"picked":"Evolve","floor":7},{"not_picked":["Brutality","Inflame"],"picked":"Wild Strike","floor":8},{"not_picked":["Burning Pact","Anger"],"picked":"Pommel Strike","floor":10},{"not_picked":["Rampage","Inflame"],"picked":"Wild Strike","floor":12},{"not_picked":["Berserk","Dark Embrace"],"picked":"Offering","floor":16},{"not_picked":["Anger","Flex"],"picked":"Twin Strike","floor":18},{"not_picked":["Iron Wave","Sever Soul"],"picked":"Twin Strike","floor":22},{"not_picked":["Battle Trance+1","Carnage+1"],"picked":"Double Tap+1","floor":24}],"player_experience":10961,"relics_obtained":[{"floor":7,"key":"Odd Mushroom"},{"floor":8,"key":"FossilizedHelix"},{"floor":9,"key":"Tiny Chest"},{"floor":9,"key":"Gremlin Horn"},{"floor":10,"key":"Juzu Bracelet"},{"floor":12,"key":"Shuriken"},{"floor":20,"key":"Boot"},{"floor":20,"key":"Pen Nib"},{"floor":24,"key":"Bottled Lightning"}],"event_choices":[{"damage_healed":0,"gold_gain":0,"player_choice":"Box","damage_taken":0,"relics_obtained":["Matryoshka"],"max_hp_gain":0,"max_hp_loss":0,"event_name":"Big Fish","floor":2,"gold_loss":0,"cards_obtained":["Regret"]},{"damage_healed":0,"gold_gain":0,"player_choice":"Paid Gold","damage_taken":0,"relics_obtained":["Blue Candle"],"max_hp_gain":0,"max_hp_loss":0,"event_name":"WeMeetAgain","floor":3,"gold_loss":91},{"damage_healed":0,"gold_gain":0,"player_choice":"Fought Mushrooms","damage_taken":0,"max_hp_gain":0,"max_hp_loss":0,"event_name":"Mushrooms","floor":7,"gold_loss":0},{"damage_healed":0,"gold_gain":0,"player_choice":"Grow","damage_taken":0,"max_hp_gain":0,"max_hp_loss":0,"event_name":"Living Wall","floor":14,"gold_loss":0,"cards_upgraded":["Pommel Strike"]},{"damage_healed":0,"gold_gain":0,"player_choice":"Stole Relic","damage_taken":0,"relics_obtained":["Toxic Egg 2"],"max_hp_gain":0,"max_hp_loss":0,"event_name":"Addict","floor":19,"gold_loss":0,"cards_obtained":["Shame"]},{"damage_healed":0,"gold_gain":0,"player_choice":"Bought 2 Potions","damage_taken":0,"max_hp_gain":0,"max_hp_loss":0,"event_name":"The Woman in Blue","floor":21,"gold_loss":0}],"is_beta":false,"boss_relics":[{"not_picked":["Runic Dome","Snecko Eye"],"picked":"Astrolabe"}],"items_purged_floors":[],"is_endless":false,"potions_floor_spawned":[8,10,12,24],"killed_by":"Snake Plant","ascension_level":8}