{"gold_per_floor":[214,225,225,239,258,258,286,303,303,303,313,93,93,108,108,207,207,225,237,91,109,119,119,138,138,164,182,182,103,121,121,121,216,216,236,336,690,360,374,374,408,408,408,427,427,23,43,58,58,58],"floor_reached":51,"playtime":3706,"items_purged":["Defend_G","Strike_G","Strike_G","Strike_G"],"score":841,"play_id":"9f69d446-87bf-45a5-a440-bdfd090782b4","local_time":"20190120124201","is_ascension_mode":true,"campfire_choices":[{"data":"Cloak And Dagger","floor":6.0,"key":"SMITH"},{"floor":10.0,"key":"REST"},{"data":"Neutralize","floor":15.0,"key":"SMITH"},{"data":"Blade Dance","floor":23.0,"key":"SMITH"},{"floor":25.0,"key":"REST"},{"floor":32.0,"key":"REST"},{"floor":40.0,"key":"REST"},{"data":"Burst","floor":42.0,"key":"SMITH"},{"floor":49,"key":"REST"}],"neow_cost":"NONE","seed_source_timestamp":656059215007647,"circlet_count":0,"master_deck":["Defend_G","Defend_G","Defend_G","Strike_G","Survivor","Neutralize+1","Blade Dance+1","Dodge and Roll","A Thousand Cuts","Escape Plan","Cloak And Dagger+1","Calculated Gamble","Backflip","Predator","After Image+1","Corpse Explosion","Noxious Fumes+1","PiercingWail","Well Laid Plans","Acrobatics+1","Setup","Distraction+1","Burst+1","Crippling Poison","Blur+1","After Image","Blade Dance+1","Backstab","Metamorphosis+1","Backflip+1","Blur+1"],"special_seed":0,"relics":["Ring of the Snake","Pen Nib","Pear","WristBlade","Art of War","Sozu","Shovel","Old Coin","ClockworkSouvenir","Toxic Egg 2","Vajra"],"potions_floor_usage":[],"damage_taken":[{"damage":0.0,"enemies":"2 Louse","floor":1.0,"turns":3.0},{"damage":1.0,"enemies":"Cultist","floor":2.0,"turns":4.0},{"damage":1.0,"enemies":"Jaw Worm","floor":4.0,"turns":5.0},{"damage":22.0,"enemies":"Gremlin Gang","floor":5.0,"turns":4.0},{"damage":25.0,"enemies":"Lagavulin","floor":7.0,"turns":9.0},{"damage":0.0,"enemies":"Exordium Wildlife","floor":8.0,"turns":5.0},{"damage":3.0,"enemies":"3 Louse","floor":11.0,"turns":3.0},{"damage":10.0,"enemies":"Blue Slaver","floor":14.0,"turns":5.0},{"damage":4.0,"enemies":"The Guardian","floor":16.0,"turns":16.0},{"damage":4.0,"enemies":"Spheric Guardian","floor":18.0,"turns":4.0},{"damage":18.0,"enemies":"Shell Parasite","floor":19.0,"turns":5.0},{"damage":9.0,"enemies":"Cultist and Chosen","floor":21.0,"turns":5.0},{"damage":6.0,"enemies":"Centurion and Healer","floor":22.0,"turns":5.0},{"damage":2.0,"enemies":"Chosen and Byrds","floor":24.0,"turns":7.0},{"damage":0.0,"enemies":"Snecko","floor":27.0,"turns":4.0},{"damage":2.0,"enemies":"Snake Plant","floor":30.0,"turns":5.0},{"damage":29.0,"enemies":"Champ","floor":33.0,"turns":13.0},{"damage":0.0,"enemies":"3 Shapes","floor":35.0,"turns":5.0},{"damage":0.0,"enemies":"Mind Bloom Boss Battle","floor":36.0,"turns":6.0},{"damage":30.0,"enemies":"2 Orb Walkers","floor":37.0,"turns":5.0},{"damage":0.0,"enemies":"Orb Walker","floor":39.0,"turns":5.0},{"damage":10.0,"enemies":"Nemesis","floor":41.0,"turns":11.0},{"damage":12.0,"enemies":"Maw","floor":44.0,"turns":9.0},{"damage":0.0,"enemies":"Spire Growth","floor":47.0,"turns":6.0},{"damage":3,"enemies":"Sphere and 2 Shapes","floor":48,"turns":5},{"damage":9,"enemies":"Awakened One","floor":50,"turns":18}],"seed_played":"3083430075912027812","potions_obtained":[{"floor":7.0,"key":"Weak Potion"},{"floor":14.0,"key":"EssenceOfSteel"},{"floor":16.0,"key":"Strength Potion"},{"floor":22.0,"key":"Fruit Juice"},{"floor":24.0,"key":"AttackPotion"},{"floor":30.0,"key":"Ancient Potion"}],"is_trial":false,"path_per_floor":["M","M","?","M","M","R","E","M","T","R","M","$","?","M","R","B",null,"M","M","$","M","M","R","M","R","T","M","?","$","M","?","R","B",null,"M","?","?","$","M","R","E","R","T","M","?","$","M","M","R","B",null],"character_chosen":"THE_SILENT","items_purchased":["After Image","PiercingWail","Setup","ClockworkSouvenir","Backstab","Metamorphosis+1"],"campfire_rested":5,"item_purchase_floors":[12,20,29,38,46,46],"current_hp_per_floor":[70,69,69,68,46,46,21,21,31,55,52,52,52,42,42,38,70,66,48,48,39,33,33,36,61,61,61,45,45,43,27,54,25,74,74,74,44,44,44,71,61,61,61,49,49,49,49,46,73,64],"gold":58,"neow_bonus":"HUNDRED_GOLD","is_prod":false,"is_daily":false,"chose_seed":false,"campfire_upgraded":4,"win_rate":0,"timestamp":1548016921,"path_taken":["M","M","?","M","M","R","E","M","T","R","?","$","?","M","R","BOSS","M","?","$","M","M","R","M","R","T","M","?","$","M","?","R","BOSS","M","?","?","?","M","R","E","R","T","M","?","$","M","?","R","BOSS"],"build_version":"2019-01-17v2","purchased_purges":4,"victory":true,"max_hp_per_floor":[70,70,70,70,70,70,70,70,80,80,80,80,80,80,80,80,80,80,80,80,80,80,80,85,85,85,85,90,90,90,90,90,90,90,90,90,90,90,90,90,90,90,90,90,90,90,90,90,90,90],"card_choices":[{"not_picked":["Backflip","Endless Agony"],"picked":"Blade Dance","floor":1.0},{"not_picked":["Dagger Throw","Bane"],"picked":"Dodge and Roll","floor":2.0},{"not_picked":["Dagger Spray","All Out Attack"],"picked":"Escape Plan","floor":4.0},{"not_picked":["Slice","Quick Slash"],"picked":"Cloak And Dagger","floor":5.0},{"not_picked":["Bane","Distraction"],"picked":"Calculated Gamble","floor":7.0},{"not_picked":["Setup","Flying Knee"],"picked":"Backflip","floor":8.0},{"not_picked":["Phantasmal Killer","Poisoned Stab"],"picked":"Predator","floor":11.0},{"not_picked":["All Out Attack","Dagger Throw","Backflip"],"picked":"SKIP","floor":14.0},{"not_picked":["A Thousand Cuts","Unload"],"picked":"Corpse Explosion","floor":16.0},{"not_picked":["Dagger Spray+1","Prepared","Bane+1"],"picked":"SKIP","floor":18.0},{"not_picked":["Crippling Poison","Expertise+1"],"picked":"Noxious Fumes+1","floor":19.0},{"not_picked":["Blur","Bane"],"picked":"Well Laid Plans","floor":21.0},{"not_picked":["Skewer+1","Distraction","Underhanded Strike"],"picked":"SKIP","floor":22.0},{"not_picked":["Blade Dance","Die Die Die"],"picked":"Acrobatics+1","floor":24.0},{"not_picked":["Dagger Throw","Deadly Poison","Predator"],"picked":"SKIP","floor":27.0},{"not_picked":["Quick Slash","Deflect"],"picked":"Distraction+1","floor":30.0},{"not_picked":["Phantasmal Killer","Envenom"],"picked":"Burst","floor":33.0},{"not_picked":["Dagger Throw","Distraction+1"],"picked":"Crippling Poison","floor":35.0},{"not_picked":["Riddle With Holes+1","Slice"],"picked":"Blur+1","floor":37.0},{"not_picked":["Dash","Concentrate","Sucker Punch+1"],"picked":"SKIP","floor":39.0},{"not_picked":["Riddle With Holes+1","Endless Agony+1"],"picked":"After Image","floor":41.0},{"not_picked":["Noxious Fumes+1","Deadly Poison+1"],"picked":"Blade Dance+1","floor":44.0},{"not_picked":["Dash+1","Underhanded Strike"],"picked":"Backflip+1","floor":47.0},{"not_picked":["Backflip+1","Bane+1"],"picked":"Blur+1","floor":48}],"player_experience":267112,"relics_obtained":[{"floor":7.0,"key":"Pen Nib"},{"floor":9.0,"key":"Pear"},{"floor":26.0,"key":"Art of War"},{"floor":36.0,"key":"Shovel"},{"floor":37.0,"key":"Old Coin"},{"floor":41.0,"key":"Toxic Egg 2"},{"floor":43.0,"key":"Vajra"}],"event_choices":[{"damage_healed":0.0,"max_hp_gain":0.0,"max_hp_loss":0.0,"gold_gain":0.0,"cards_transformed":["Defend_G"],"event_name":"Transmorgrifier","player_choice":"Transformed","floor":3.0,"gold_loss":0.0,"damage_taken":0.0,"cards_obtained":["A Thousand Cuts"]},{"damage_healed":0.0,"max_hp_gain":0.0,"max_hp_loss":0.0,"gold_gain":0.0,"event_name":"Upgrade Shrine","player_choice":"Upgraded","floor":13.0,"gold_loss":0.0,"damage_taken":0.0,"cards_upgraded":["After Image"]},{"damage_healed":0.0,"max_hp_gain":5.0,"max_hp_loss":0.0,"gold_gain":0.0,"event_name":"Forgotten Altar","player_choice":"Shed Blood","floor":28.0,"gold_loss":0.0,"damage_taken":21.0},{"damage_healed":0.0,"max_hp_gain":0.0,"max_hp_loss":0.0,"gold_gain":0.0,"event_name":"Cursed Tome","player_choice":"Obtained Book","floor":31.0,"gold_loss":0.0,"damage_taken":16.0},{"damage_healed":0.0,"max_hp_gain":0.0,"max_hp_loss":0.0,"gold_gain":0.0,"event_name":"MindBloom","player_choice":"Fight","floor":36.0,"gold_loss":0.0,"damage_taken":0.0},{"damage_healed":0.0,"max_hp_gain":0.0,"max_hp_loss":0.0,"gold_gain":0.0,"event_name":"Mysterious Sphere","player_choice":"Fight","floor":37.0,"gold_loss":0.0,"damage_taken":0.0},{"cards_removed":["Strike_G"],"damage_healed":0.0,"max_hp_gain":0.0,"max_hp_loss":0.0,"gold_gain":0.0,"event_name":"Purifier","player_choice":"Purged","floor":45.0,"gold_loss":0.0,"damage_taken":0.0}],"is_beta":false,"boss_relics":[{"not_picked":["Astrolabe","Pandora\u0027s Box"],"picked":"WristBlade"},{"not_picked":["Cursed Key","Lizard Tail"],"picked":"Sozu"}],"items_purged_floors":[12,20,38,46],"is_endless":false,"potions_floor_spawned":[7,14,16,21,22,24,30,33,36,39],"ascension_level":5}