{"gold_per_floor":[110,125,125,145,59,92,109,139,217,237,272,7,24,79,79,150,150,164,217,11,29,48,48],"floor_reached":23,"playtime":1638,"items_purged":["Pain"],"score":368,"play_id":"054b0279-bcb8-4163-b16d-9441156d6005","local_time":"20190403193242","is_ascension_mode":true,"campfire_choices":[{"floor":15,"key":"REST"}],"neow_cost":"NONE","seed_source_timestamp":1626636344722783,"circlet_count":0,"master_deck":["AscendersBane","Defend_G","Defend_G","Defend_G","Defend_G","Defend_G","Strike_G","Strike_G","Strike_G","Strike_G","Strike_G","Survivor","Neutralize","Dagger Throw","Caltrops","Dagger Throw","Footwork","Envenom","Cloak And Dagger","A Thousand Cuts","Backflip","Footwork","Wraith Form v2","Cloak And Dagger"],"relics":["Ring of the Serpent","Smiling Mask","WarpedTongs","Turnip","Ginger","Mercury Hourglass","Regal Pillow","TwistedFunnel","Tiny Chest","Anchor","Membership Card"],"potions_floor_usage":[8,8,14,23],"damage_taken":[{"damage":0,"enemies":"2 Louse","floor":1,"turns":4},{"damage":0,"enemies":"Cultist","floor":2,"turns":5},{"damage":4,"enemies":"Jaw Worm","floor":4,"turns":5},{"damage":8,"enemies":"Lagavulin","floor":6,"turns":9},{"damage":0,"enemies":"Blue Slaver","floor":7,"turns":5},{"damage":19,"enemies":"Gremlin Nob","floor":8,"turns":5},{"damage":0,"enemies":"Large Slime","floor":10,"turns":5},{"damage":20,"enemies":"3 Sentries","floor":11,"turns":8},{"damage":0,"enemies":"Gremlin Gang","floor":13,"turns":3},{"damage":7,"enemies":"Lagavulin","floor":14,"turns":6},{"damage":3,"enemies":"Hexaghost","floor":16,"turns":10},{"damage":14,"enemies":"2 Thieves","floor":18,"turns":5},{"damage":7,"enemies":"Shell Parasite","floor":21,"turns":6},{"damage":7,"enemies":"Shelled Parasite and Fungi","floor":22,"turns":11},{"damage":38,"enemies":"Slavers","floor":23,"turns":4}],"seed_played":"1769659072489593976","potions_obtained":[{"floor":6,"key":"Block Potion"},{"floor":7,"key":"GamblersBrew"},{"floor":8,"key":"Swift Potion"},{"floor":11,"key":"Strength Potion"},{"floor":16,"key":"EssenceOfSteel"}],"is_trial":false,"path_per_floor":["?","M","$","T"],"character_chosen":"THE_SILENT","items_purchased":["Footwork","Footwork","TwistedFunnel","Membership Card"],"campfire_rested":1,"item_purchase_floors":[5,12,12,20],"current_hp_per_floor":[63,63,63,59,59,51,51,32,32,32,12,12,12,5,41,38,62,48,48,48,41,34,0],"gold":48,"neow_bonus":"RANDOM_COMMON_RELIC","is_prod":false,"is_daily":false,"chose_seed":false,"campfire_upgraded":0,"win_rate":0,"timestamp":1554334362,"path_taken":["M","M","?","M","$","E","M","E","T","?","E","?","M","E","R","BOSS","M","?","$","M","M","E"],"build_version":"2019-01-23","purchased_purges":1,"victory":false,"max_hp_per_floor":[70,70,70,70,70,70,70,70,70,70,70,70,70,70,70,70,70,70,70,70,70,70,70],"card_choices":[{"not_picked":["Backflip","Prepared"],"picked":"Dagger Throw","floor":1},{"not_picked":["Quick Slash","Crippling Poison"],"picked":"Caltrops","floor":2},{"not_picked":["Reflex","Bane"],"picked":"Dagger Throw","floor":4},{"not_picked":["Poisoned Stab","PiercingWail"],"picked":"Envenom","floor":6},{"not_picked":["Deflect","Dagger Spray"],"picked":"Cloak And Dagger","floor":7},{"not_picked":["Blade Dance","Cloak And Dagger"],"picked":"A Thousand Cuts","floor":8},{"not_picked":["Deadly Poison","Outmaneuver","Tactician"],"picked":"SKIP","floor":10},{"not_picked":["Deflect","Underhanded Strike"],"picked":"Backflip","floor":11},{"not_picked":["Crippling Poison","Outmaneuver","Terror"],"picked":"SKIP","floor":13},{"not_picked":["Flying Knee","Burst","Deadly Poison"],"picked":"SKIP","floor":14},{"not_picked":["Tools of the Trade","Grand Finale"],"picked":"Wraith Form v2","floor":16},{"not_picked":["Prepared","Dagger Throw","Eviscerate"],"picked":"SKIP","floor":18},{"not_picked":["Bane","Acrobatics","Slice+1"],"picked":"SKIP","floor":21},{"not_picked":["Slice","Quick Slash"],"picked":"Cloak And Dagger","floor":22}],"player_experience":1435742,"relics_obtained":[{"floor":6,"key":"Turnip"},{"floor":8,"key":"Ginger"},{"floor":9,"key":"Mercury Hourglass"},{"floor":11,"key":"Regal Pillow"},{"floor":14,"key":"Tiny Chest"},{"floor":19,"key":"Anchor"}],"event_choices":[{"damage_healed":0,"gold_gain":0,"player_choice":"Rummage","damage_taken":0,"relics_obtained":["WarpedTongs"],"max_hp_gain":0,"max_hp_loss":0,"event_name":"Accursed Blacksmith","floor":3,"gold_loss":0,"cards_obtained":["Pain"]}],"is_beta":false,"boss_relics":[{"not_picked":["Pandora\u0027s Box","Lizard Tail"],"picked":"Ring of the Serpent"}],"items_purged_floors":[5],"is_endless":false,"potions_floor_spawned":[6,7,8,11,13,16,21],"killed_by":"Slavers","ascension_level":13}