{"gold_per_floor":[116,132,232,251,264,299,299,330,330,340,356,375,400,418,418,513,513,526,526,526,626,644,673,710,722,761,792,804,828,854,866,878,987,999],"floor_reached":34,"playtime":1723,"items_purged":[],"score":446,"play_id":"6bc06f57-e634-44be-b287-8065f7f72822","local_time":"20190211111348","is_ascension_mode":false,"campfire_choices":[{"data":"Pommel Strike","floor":7,"key":"SMITH"},{"floor":15,"key":"REST"},{"floor":25,"key":"REST"},{"floor":32,"key":"REST"}],"neow_cost":"NONE","seed_source_timestamp":339876549130032,"circlet_count":0,"master_deck":["Defend_R","Defend_R","Defend_R","Bash","Anger","Cleave","Pommel Strike+1","Shrug It Off","Cleave","Thunderclap","Cleave","Anger","Anger","Juggernaut","Clash+1","Bite","Bite","Bite","Bite","Bite","Cleave","Thunderclap","Cleave","Cleave+1","Double Tap"],"relics":["Burning Blood","Torii","Bag of Marbles","Kunai","Black Star","StoneCalendar","Darkstone Periapt","MawBank","Dream Catcher","Red Mask","Centennial Puzzle","Bag of Preparation","Ginger","Fusion Hammer"],"potions_floor_usage":[6,10,12,21,23,33,33],"damage_taken":[{"damage":6,"enemies":"Cultist","floor":1,"turns":3},{"damage":1,"enemies":"Jaw Worm","floor":2,"turns":3},{"damage":0,"enemies":"Small Slimes","floor":4,"turns":3},{"damage":5,"enemies":"3 Louse","floor":5,"turns":2},{"damage":14,"enemies":"Gremlin Nob","floor":6,"turns":3},{"damage":39,"enemies":"3 Sentries","floor":8,"turns":9},{"damage":0,"enemies":"Large Slime","floor":10,"turns":3},{"damage":0,"enemies":"Lots of Slimes","floor":11,"turns":1},{"damage":0,"enemies":"Blue Slaver","floor":12,"turns":2},{"damage":36,"enemies":"Lagavulin","floor":13,"turns":4},{"damage":0,"enemies":"3 Louse","floor":14,"turns":1},{"damage":39,"enemies":"Hexaghost","floor":16,"turns":8},{"damage":2,"enemies":"Chosen","floor":18,"turns":3},{"damage":20,"enemies":"Colosseum Slavers","floor":21,"turns":3},{"damage":14,"enemies":"Colosseum Nobs","floor":21,"turns":3},{"damage":2,"enemies":"2 Thieves","floor":22,"turns":3},{"damage":58,"enemies":"Gremlin Leader","floor":23,"turns":6},{"damage":9,"enemies":"Masked Bandits","floor":24,"turns":3},{"damage":15,"enemies":"Snecko","floor":27,"turns":3},{"damage":20,"enemies":"Centurion and Healer","floor":29,"turns":3},{"damage":24,"enemies":"Snake Plant","floor":30,"turns":3},{"damage":58,"enemies":"Automaton","floor":33,"turns":7}],"seed_played":"1526170871503977800","potions_obtained":[{"floor":4,"key":"AttackPotion"},{"floor":6,"key":"FearPotion"},{"floor":8,"key":"SteroidPotion"},{"floor":11,"key":"SteroidPotion"},{"floor":12,"key":"Ancient Potion"},{"floor":22,"key":"SkillPotion"},{"floor":23,"key":"Strength Potion"},{"floor":24,"key":"Dexterity Potion"}],"is_trial":false,"path_per_floor":["?","M","?","?","?","?","?","T"],"character_chosen":"IRONCLAD","items_purchased":[],"campfire_rested":3,"item_purchase_floors":[],"current_hp_per_floor":[80,80,80,80,80,72,72,39,39,47,55,63,35,43,67,36,80,80,80,80,64,72,32,31,55,55,56,56,44,32,32,56,12,80],"gold":999,"neow_bonus":"REMOVE_CARD","is_prod":false,"is_daily":false,"chose_seed":false,"campfire_upgraded":1,"win_rate":0,"timestamp":1549901628,"path_taken":["M","M","?","M","M","E","R","E","T","M","?","M","E","M","R","BOSS","M","?","?","?","M","E","?","R","T","M","?","M","M","?","R","BOSS"],"build_version":"2019-01-23","purchased_purges":0,"victory":false,"max_hp_per_floor":[80,80,80,80,80,80,80,80,80,80,80,80,80,80,80,80,80,80,80,80,80,80,80,80,80,80,80,80,80,80,80,80,80,80],"card_choices":[{"not_picked":["Perfected Strike","Pommel Strike"],"picked":"Anger","floor":1},{"not_picked":["Metallicize","Perfected Strike","Spot Weakness"],"picked":"SKIP","floor":2},{"not_picked":["Intimidate","Sword Boomerang"],"picked":"Cleave","floor":4},{"not_picked":["Clothesline","Armaments"],"picked":"Pommel Strike","floor":5},{"not_picked":["Heavy Blade","Fire Breathing"],"picked":"Shrug It Off","floor":6},{"not_picked":["Thunderclap","Heavy Blade"],"picked":"Cleave","floor":8},{"not_picked":["Burning Pact","Second Wind","Wild Strike"],"picked":"SKIP","floor":10},{"not_picked":["Barricade","Twin Strike"],"picked":"Thunderclap","floor":11},{"not_picked":["Pummel","Flex"],"picked":"Cleave","floor":12},{"not_picked":["Intimidate","Seeing Red"],"picked":"Anger","floor":13},{"not_picked":["Pommel Strike","Infernal Blade"],"picked":"Anger","floor":14},{"not_picked":["Demon Form","Brutality"],"picked":"Juggernaut","floor":16},{"not_picked":["True Grit","Thunderclap+1"],"picked":"Clash+1","floor":18},{"not_picked":["Entrench","Wild Strike+1"],"picked":"Thunderclap","floor":21},{"not_picked":["Dual Wield","Armaments+1"],"picked":"Cleave","floor":22},{"not_picked":["Headbutt","Twin Strike","Intimidate+1"],"picked":"SKIP","floor":23},{"not_picked":["Thunderclap+1","Anger+1"],"picked":"Cleave+1","floor":24},{"not_picked":["Blood for Blood","Thunderclap","Wild Strike"],"picked":"SKIP","floor":27},{"not_picked":["Pummel","Warcry","Second Wind+1"],"picked":"SKIP","floor":29},{"not_picked":["Havoc","Brutality","Twin Strike"],"picked":"SKIP","floor":30},{"not_picked":["Berserk","Bludgeon"],"picked":"Double Tap","floor":33}],"player_experience":411081,"relics_obtained":[{"floor":6,"key":"Torii"},{"floor":8,"key":"Bag of Marbles"},{"floor":9,"key":"Blood Vial"},{"floor":13,"key":"Kunai"},{"floor":21,"key":"StoneCalendar"},{"floor":21,"key":"Darkstone Periapt"},{"floor":23,"key":"MawBank"},{"floor":23,"key":"Dream Catcher"},{"floor":24,"key":"Red Mask"},{"floor":26,"key":"Centennial Puzzle"},{"floor":31,"key":"Ginger"}],"event_choices":[{"damage_healed":0,"gold_gain":100,"player_choice":"Pray","damage_taken":0,"max_hp_gain":0,"max_hp_loss":0,"event_name":"Golden Shrine","floor":3,"gold_loss":0},{"damage_healed":0,"gold_gain":0,"player_choice":"Became a vampire (Vial)","damage_taken":0,"max_hp_gain":0,"max_hp_loss":0,"event_name":"Vampires","floor":19,"relics_lost":["Blood Vial"],"gold_loss":0,"cards_obtained":["Bite","Bite","Bite","Bite","Bite"]},{"damage_healed":0,"gold_gain":0,"player_choice":"Read","damage_taken":0,"max_hp_gain":0,"max_hp_loss":0,"event_name":"The Library","floor":20,"gold_loss":0,"cards_obtained":["Cleave"]},{"damage_healed":0,"gold_gain":0,"player_choice":"Fight","damage_taken":0,"max_hp_gain":0,"max_hp_loss":0,"event_name":"Colosseum","floor":21,"gold_loss":0},{"damage_healed":0,"gold_gain":0,"player_choice":"Fought Nobs","damage_taken":0,"max_hp_gain":0,"max_hp_loss":0,"event_name":"Colosseum","floor":21,"gold_loss":0},{"damage_healed":0,"gold_gain":0,"player_choice":"Fought Bandits","damage_taken":0,"max_hp_gain":0,"max_hp_loss":0,"event_name":"Masked Bandits","floor":24,"gold_loss":0},{"damage_healed":0,"gold_gain":0,"player_choice":"Opened","damage_taken":0,"relics_obtained":["Bag of Preparation"],"max_hp_gain":0,"max_hp_loss":0,"event_name":"The Mausoleum","floor":28,"gold_loss":0}],"is_beta":false,"boss_relics":[{"not_picked":["Mark of Pain","Velvet Choker"],"picked":"Black Star"},{"not_picked":["Snecko Eye","Busted Crown"],"picked":"Fusion Hammer"}],"items_purged_floors":[],"is_endless":false,"potions_floor_spawned":[4,6,8,11,12,22,23,24,29],"ascension_level":0}