{"gold_per_floor":[114,114,129,144,159,174,189,219,244,259,289,289,304,319,319,419,419,434,434,449,464,464,494,494,524,524,539,554,569,584,4,4,104,104,119,134,149,149,249,279,306,333,370,397,409,436,448,475,487,499],"floor_reached":51,"playtime":9900,"items_purged":[],"score":943,"play_id":"abada0d8-aefc-447a-b675-c33629724398","local_time":"20190326102913","daily_mods":["SealedDeck","Hoarder","Binary"],"is_ascension_mode":false,"campfire_choices":[{"floor":12.0,"key":"REST"},{"data":"Loop","floor":15.0,"key":"SMITH"},{"data":"Buffer","floor":24.0,"key":"SMITH"},{"data":"Double Energy","floor":32.0,"key":"SMITH"},{"data":"1","floor":47,"key":"LIFT"},{"data":"2","floor":49,"key":"LIFT"}],"neow_cost":"","seed_source_timestamp":0,"circlet_count":0,"master_deck":["Streamline","Streamline","Streamline","Sweeping Beam","Sweeping Beam","Sweeping Beam","Glacier","Glacier","Glacier","Glacier","Glacier","Glacier","Melter","Melter","Melter","Rebound","Rebound","Rebound","Gash","Gash","Gash","Gash","Gash","Gash","Melter","Melter","Melter","Loop+1","Loop","Loop","Gash","Gash","Gash","Conserve Battery","Conserve Battery","Conserve Battery","Beam Cell","Beam Cell","Beam Cell","Recycle","Recycle","Recycle","Chaos","Chaos","Chaos","Sunder","Sunder","Sunder","Cold Snap","Cold Snap","Cold Snap","Conserve Battery","Conserve Battery","Conserve Battery","Double Energy+1","Double Energy","Double Energy","Self Repair","Self Repair","Self Repair","Buffer","Buffer","Buffer+1","Hologram","Hologram","Hologram","Steam+1","Steam+1","Steam+1","Go for the Eyes+1","Go for the Eyes+1","Go for the Eyes+1","Tempest","Tempest","Tempest","Echo Form","Echo Form","Echo Form","Fission","Fission","Fission","Turbo","Turbo","Turbo","Double Energy","Double Energy","Double Energy","Auto Shields","Auto Shields","Auto Shields","Reprogram+1","Reprogram+1","Reprogram+1","Defragment","Defragment","Defragment","Rainbow","Rainbow","Rainbow","Steam Power","Steam Power","Steam Power","Mayhem","Mayhem","Mayhem","Chrysalis","Chrysalis","Chrysalis","Hologram+1","Hologram+1","Hologram+1","Double Energy","Double Energy","Double Energy","Reinforced Body","Reinforced Body","Reinforced Body"],"special_seed":17977,"relics":["Cracked Core","Orichalcum","DataDisk","Torii","Coffee Dripper","Ice Cream","Thread and Needle","Pen Nib","Chemical X","Vajra","Happy Flower","Nuclear Battery","Girya","MawBank","Omamori"],"potions_floor_usage":[40,40,48,50,50],"damage_taken":[{"damage":0.0,"enemies":"Small Slimes","floor":1.0,"turns":3.0},{"damage":0.0,"enemies":"Cultist","floor":3.0,"turns":2.0},{"damage":0.0,"enemies":"2 Louse","floor":4.0,"turns":2.0},{"damage":0.0,"enemies":"Lots of Slimes","floor":5.0,"turns":1.0},{"damage":0.0,"enemies":"3 Louse","floor":6.0,"turns":3.0},{"damage":0.0,"enemies":"Looter","floor":7.0,"turns":1.0},{"damage":11.0,"enemies":"Lagavulin","floor":8.0,"turns":5.0},{"damage":5.0,"enemies":"Large Slime","floor":10.0,"turns":4.0},{"damage":5.0,"enemies":"3 Sentries","floor":11.0,"turns":5.0},{"damage":1.0,"enemies":"Exordium Wildlife","floor":13.0,"turns":2.0},{"damage":1.0,"enemies":"Blue Slaver","floor":14.0,"turns":2.0},{"damage":10.0,"enemies":"Slime Boss","floor":16.0,"turns":7.0},{"damage":0.0,"enemies":"Spheric Guardian","floor":18.0,"turns":1.0},{"damage":1.0,"enemies":"Shell Parasite","floor":20.0,"turns":4.0},{"damage":0.0,"enemies":"Chosen and Byrds","floor":21.0,"turns":5.0},{"damage":12.0,"enemies":"Gremlin Leader","floor":23.0,"turns":7.0},{"damage":37.0,"enemies":"Slavers","floor":25.0,"turns":5.0},{"damage":6.0,"enemies":"Snake Plant","floor":27.0,"turns":3.0},{"damage":1.0,"enemies":"Centurion and Healer","floor":28.0,"turns":4.0},{"damage":0.0,"enemies":"Sentry and Sphere","floor":29.0,"turns":3.0},{"damage":0.0,"enemies":"Chosen and Byrds","floor":30.0,"turns":6.0},{"damage":0.0,"enemies":"Collector","floor":33.0,"turns":10.0},{"damage":7,"enemies":"3 Shapes","floor":35,"turns":3},{"damage":0,"enemies":"3 Darklings","floor":36,"turns":3},{"damage":16,"enemies":"4 Shapes","floor":37,"turns":3},{"damage":0,"enemies":"Mind Bloom Boss Battle","floor":39,"turns":4},{"damage":45,"enemies":"Reptomancer","floor":40,"turns":7},{"damage":0,"enemies":"Sphere and 2 Shapes","floor":41,"turns":3},{"damage":0,"enemies":"Maw","floor":42,"turns":4},{"damage":15,"enemies":"Jaw Worm Horde","floor":44,"turns":5},{"damage":0,"enemies":"Spire Growth","floor":46,"turns":5},{"damage":0,"enemies":"Writhing Mass","floor":48,"turns":3},{"damage":27,"enemies":"Awakened One","floor":50,"turns":11}],"seed_played":"-8450436515048289889","potions_obtained":[{"floor":1.0,"key":"AttackPotion"},{"floor":3.0,"key":"GamblersBrew"},{"floor":6.0,"key":"Energy Potion"},{"floor":11.0,"key":"SneckoOil"},{"floor":14.0,"key":"Swift Potion"},{"floor":23.0,"key":"SpeedPotion"},{"floor":25.0,"key":"GamblersBrew"},{"floor":27.0,"key":"Explosive Potion"},{"floor":28.0,"key":"Fruit Juice"},{"floor":29.0,"key":"Energy Potion"},{"floor":39,"key":"Block Potion"},{"floor":41,"key":"SpeedPotion"},{"floor":44,"key":"SteroidPotion"},{"floor":45,"key":"FairyPotion"},{"floor":45,"key":"SkillPotion"},{"floor":48,"key":"Ancient Potion"}],"is_trial":false,"path_per_floor":["M","?","M","M","M","M","M","E","T","M","E","R","M","M","R","B",null,"M","?","M","M","?","E","R","E","T","M","M","M","M","$","R","B",null,"M","M","M","?","?","E","M","M","T","M","?","M","R","M","R","B",null],"character_chosen":"DEFECT","items_purchased":["Chemical X","Vajra","Happy Flower","Defragment"],"campfire_rested":1,"item_purchase_floors":[31,31,31,31],"current_hp_per_floor":[75,75,75,75,75,75,75,64,64,59,54,75,74,73,73,75,75,75,75,75,75,75,75,75,52,52,46,45,50,57,57,57,64,80,80,80,71,61,61,23,23,30,30,22,22,29,29,29,29,2],"gold":511,"neow_bonus":"","is_prod":false,"is_daily":true,"chose_seed":false,"campfire_upgraded":3,"win_rate":0,"timestamp":1553596153,"path_taken":["M","?","M","M","M","M","?","E","T","M","E","R","M","M","R","BOSS","M","?","?","M","?","E","R","E","T","M","M","M","M","$","R","BOSS","M","M","M","?","?","E","M","M","T","?","?","?","R","M","R","BOSS"],"build_version":"2019-01-23","purchased_purges":0,"victory":true,"max_hp_per_floor":[75,75,75,75,75,75,75,75,75,75,75,75,75,75,75,75,75,75,75,75,75,75,75,75,75,75,75,75,80,80,80,80,80,80,80,80,80,80,80,80,80,80,80,80,80,80,80,80,80,80],"card_choices":[{"not_picked":["Compile Driver"],"picked":"Gash","floor":1.0},{"not_picked":["Rebound"],"picked":"Conserve Battery","floor":3.0},{"not_picked":["Streamline"],"picked":"Beam Cell","floor":4.0},{"not_picked":["Compile Driver","Thunder Strike"],"picked":"SKIP","floor":5.0},{"not_picked":["Beam Cell"],"picked":"Recycle","floor":6.0},{"not_picked":["Barrage"],"picked":"Chaos","floor":7.0},{"not_picked":["Streamline"],"picked":"Sunder","floor":8.0},{"not_picked":["Rebound"],"picked":"Cold Snap","floor":10.0},{"not_picked":["Ball Lightning"],"picked":"Conserve Battery","floor":11.0},{"not_picked":["Sweeping Beam"],"picked":"Double Energy","floor":13.0},{"not_picked":["Rainbow"],"picked":"Self Repair","floor":14.0},{"not_picked":["Rainbow"],"picked":"Buffer","floor":16.0},{"not_picked":["Ball Lightning"],"picked":"Hologram","floor":18.0},{"not_picked":["Chaos"],"picked":"Steam+1","floor":20.0},{"not_picked":["Hologram+1"],"picked":"Go for the Eyes+1","floor":21.0},{"not_picked":["Double Energy"],"picked":"Echo Form","floor":23.0},{"not_picked":["Hologram"],"picked":"Fission","floor":25.0},{"not_picked":["Sweeping Beam"],"picked":"Turbo","floor":27.0},{"not_picked":["Stack"],"picked":"Double Energy","floor":28.0},{"not_picked":["Sweeping Beam"],"picked":"Auto Shields","floor":29.0},{"not_picked":["Stack"],"picked":"Reprogram+1","floor":30.0},{"not_picked":["Buffer"],"picked":"Rainbow","floor":33.0},{"not_picked":["Hologram+1","Leap"],"picked":"SKIP","floor":35},{"not_picked":["Sweeping Beam+1"],"picked":"Steam Power","floor":36},{"not_picked":["Defragment","Leap+1"],"picked":"SKIP","floor":37},{"not_picked":["Flash of Steel"],"picked":"Mayhem","floor":38},{"not_picked":["Deep Breath"],"picked":"Chrysalis","floor":38},{"not_picked":["Compile Driver+1"],"picked":"Hologram+1","floor":40},{"not_picked":["Barrage+1","Conserve Battery"],"picked":"SKIP","floor":41},{"not_picked":["Stack"],"picked":"Double Energy","floor":42},{"not_picked":["Cold Snap","Compile Driver"],"picked":"SKIP","floor":44},{"not_picked":["BootSequence"],"picked":"Reinforced Body","floor":46},{"not_picked":["Force Field","Go for the Eyes"],"picked":"SKIP","floor":48}],"player_experience":265625,"relics_obtained":[{"floor":8.0,"key":"Orichalcum"},{"floor":9.0,"key":"DataDisk"},{"floor":11.0,"key":"Torii"},{"floor":23.0,"key":"Ice Cream"},{"floor":25.0,"key":"Thread and Needle"},{"floor":26.0,"key":"Pen Nib"},{"floor":39,"key":"Girya"},{"floor":40,"key":"MawBank"},{"floor":43,"key":"Omamori"}],"event_choices":[{"damage_healed":0.0,"max_hp_gain":0.0,"max_hp_loss":0.0,"gold_gain":0.0,"event_name":"The Woman in Blue","player_choice":"Bought 0 Potions","floor":2.0,"gold_loss":0.0,"damage_taken":0.0},{"damage_healed":0.0,"max_hp_gain":0.0,"max_hp_loss":0.0,"gold_gain":0.0,"event_name":"Match and Keep!","player_choice":"0 cards matched","floor":19.0,"gold_loss":0.0,"damage_taken":0.0,"cards_obtained":[]},{"damage_healed":0.0,"max_hp_gain":0.0,"max_hp_loss":0.0,"gold_gain":0.0,"event_name":"The Library","player_choice":"Read","floor":22.0,"gold_loss":0.0,"damage_taken":0.0,"cards_obtained":["Tempest"]},{"damage_healed":0,"gold_gain":0,"player_choice":"Memory 3","damage_taken":10,"max_hp_gain":0,"max_hp_loss":0,"event_name":"SensoryStone","floor":38,"gold_loss":0},{"damage_healed":0,"gold_gain":0,"player_choice":"Fight","damage_taken":0,"max_hp_gain":0,"max_hp_loss":0,"event_name":"MindBloom","floor":39,"gold_loss":0},{"damage_healed":0,"gold_gain":0,"player_choice":"Got Potions","damage_taken":0,"max_hp_gain":0,"max_hp_loss":0,"event_name":"Lab","floor":45,"gold_loss":0}],"is_beta":false,"boss_relics":[{"not_picked":["Ectoplasm","Velvet Choker"],"picked":"Coffee Dripper"},{"not_picked":["Tiny House","Calling Bell"],"picked":"Nuclear Battery"}],"items_purged_floors":[],"is_endless":false,"potions_floor_spawned":[1,3,6,11,14,23,25,27,28,29,35,39,41,44,48],"ascension_level":0}