{"gold_per_floor":[117,117,81,256,256,256,221,241,241,241,252,263,281,293,293,394,394,361,361,378,388,388],"floor_reached":22,"playtime":1120,"items_purged":[],"score":178,"play_id":"2f18be72-aa8c-42c8-908e-c7d9aebda625","local_time":"20190123093309","is_ascension_mode":false,"campfire_choices":[{"data":"Flame Barrier","floor":6,"key":"SMITH"},{"data":"Entrench","floor":10,"key":"SMITH"},{"data":"Ghostly Armor","floor":15,"key":"SMITH"}],"neow_cost":"NONE","seed_source_timestamp":906688988277762,"circlet_count":0,"master_deck":["Strike_R","Strike_R","Strike_R","Strike_R","Strike_R","Defend_R","Defend_R","Defend_R","Defend_R","Bash","Headbutt","Flame Barrier+1","Entrench+1","Disarm","Ghostly Armor+1"],"relics":["Cursed Key"],"potions_floor_usage":[16,18],"damage_taken":[{"damage":2,"enemies":"Jaw Worm","floor":1,"turns":4},{"damage":0,"enemies":"Small Slimes","floor":8,"turns":3},{"damage":0,"enemies":"2 Louse","floor":11,"turns":3},{"damage":0,"enemies":"Exordium Wildlife","floor":12,"turns":5},{"damage":0,"enemies":"Blue Slaver","floor":13,"turns":2},{"damage":0,"enemies":"Gremlin Gang","floor":14,"turns":6},{"damage":87,"enemies":"Slime Boss","floor":16,"turns":20},{"damage":5,"enemies":"2 Thieves","floor":18,"turns":5},{"damage":25,"enemies":"Colosseum Slavers","floor":19,"turns":9},{"damage":0,"enemies":"3 Byrds","floor":20,"turns":4},{"damage":47,"enemies":"Centurion and Healer","floor":21,"turns":18},{"damage":20,"enemies":"Masked Bandits","floor":22,"turns":3}],"seed_played":"4431378260106673404","potions_obtained":[{"floor":8,"key":"Energy Potion"},{"floor":12,"key":"Strength Potion"},{"floor":13,"key":"Fruit Juice"},{"floor":16,"key":"SkillPotion"},{"floor":18,"key":"GamblersBrew"}],"is_trial":false,"path_per_floor":["?","?","?","M","?","?"],"character_chosen":"IRONCLAD","items_purchased":["Flame Barrier","Entrench"],"campfire_rested":0,"item_purchase_floors":[3,7],"current_hp_per_floor":[78,83,83,83,83,83,83,83,83,83,83,83,83,83,83,1,90,85,60,60,13,0],"gold":388,"neow_bonus":"BOSS_RELIC","is_prod":false,"is_daily":false,"chose_seed":false,"campfire_upgraded":3,"win_rate":0,"timestamp":1548264789,"path_taken":["M","?","$","?","?","R","$","M","T","R","M","M","M","?","R","BOSS","M","?","M","M","?"],"build_version":"2019-01-23","purchased_purges":0,"victory":false,"max_hp_per_floor":[80,85,85,85,85,85,85,85,85,85,85,85,85,85,85,90,90,90,90,90,90,90],"card_choices":[{"not_picked":["Wild Strike","Rupture"],"picked":"Headbutt","floor":1},{"not_picked":["Burning Pact","Metallicize"],"picked":"Disarm","floor":8},{"not_picked":["Power Through","Bloodletting","True Grit"],"picked":"SKIP","floor":11},{"not_picked":["Havoc","Heavy Blade","Offering"],"picked":"SKIP","floor":12},{"not_picked":["Power Through","Flex","Wild Strike"],"picked":"SKIP","floor":13},{"not_picked":["Rage","Sever Soul"],"picked":"Ghostly Armor","floor":14},{"not_picked":["Heavy Blade","Iron Wave","Pommel Strike"],"picked":"SKIP","floor":18},{"not_picked":["Sword Boomerang+1","Headbutt","Havoc"],"picked":"SKIP","floor":20},{"not_picked":["Iron Wave","Feed","Dual Wield"],"picked":"SKIP","floor":21}],"player_experience":286738,"relics_obtained":[],"event_choices":[{"damage_healed":0,"gold_gain":0,"player_choice":"Donut","damage_taken":0,"max_hp_gain":5,"max_hp_loss":0,"event_name":"Big Fish","floor":2,"gold_loss":0},{"damage_healed":0,"gold_gain":175,"player_choice":"AGREE","damage_taken":0,"max_hp_gain":0,"max_hp_loss":0,"event_name":"Liars Game","floor":4,"gold_loss":0,"cards_obtained":["Doubt"]},{"cards_removed":["Doubt"],"damage_healed":0,"gold_gain":0,"player_choice":"Forget","damage_taken":0,"max_hp_gain":0,"max_hp_loss":0,"event_name":"Living Wall","floor":5,"gold_loss":0},{"damage_healed":0,"gold_gain":0,"player_choice":"Fight","damage_taken":0,"max_hp_gain":0,"max_hp_loss":0,"event_name":"Colosseum","floor":19,"gold_loss":0},{"damage_healed":0,"gold_gain":0,"player_choice":"Fled From Nobs","damage_taken":0,"max_hp_gain":0,"max_hp_loss":0,"event_name":"Colosseum","floor":19,"gold_loss":0},{"damage_healed":0,"gold_gain":0,"player_choice":"Fought Bandits","damage_taken":0,"max_hp_gain":0,"max_hp_loss":0,"event_name":"Masked Bandits","floor":22,"gold_loss":0}],"is_beta":false,"boss_relics":[{"not_picked":["Calling Bell","Orrery","Runic Cube"]}],"items_purged_floors":[],"is_endless":false,"potions_floor_spawned":[8,12,13,16,18],"killed_by":"Masked Bandits","ascension_level":0}