{"gold_per_floor":[111,111,130,100,115,115,131,131],"floor_reached":8,"playtime":396,"items_purged":[],"score":74,"play_id":"25558045-fe49-4056-bd1d-2f91ce9c317c","local_time":"20190210232819","is_ascension_mode":true,"campfire_choices":[{"data":"Neutralize","floor":6.0,"key":"SMITH"}],"neow_cost":"NONE","seed_source_timestamp":709641314145817,"circlet_count":0,"master_deck":["AscendersBane","Defend_G","Defend_G","Defend_G","Defend_G","Defend_G","Strike_G","Strike_G","Strike_G","Strike_G","Strike_G","Survivor","Neutralize+1","Footwork+1","PiercingWail","Cloak And Dagger","PiercingWail"],"special_seed":0,"relics":["Ring of the Snake"],"potions_floor_usage":[],"damage_taken":[{"damage":6.0,"enemies":"2 Louse","floor":1.0,"turns":5.0},{"damage":11.0,"enemies":"Jaw Worm","floor":3.0,"turns":10.0},{"damage":0.0,"enemies":"Cultist","floor":5.0,"turns":5.0},{"damage":0,"enemies":"Looter","floor":7,"turns":4},{"damage":54,"enemies":"Lagavulin","floor":8,"turns":10}],"seed_played":"6393071350315811081","potions_obtained":[{"floor":4.0,"key":"Fruit Juice"},{"floor":4.0,"key":"SpeedPotion"},{"floor":5.0,"key":"EssenceOfSteel"}],"is_trial":false,"path_per_floor":["M","?","M","?","M","R","M","E"],"character_chosen":"THE_SILENT","items_purchased":[],"campfire_rested":0,"item_purchase_floors":[],"current_hp_per_floor":[64,64,53,53,58,58,58,4],"gold":131,"neow_bonus":"TEN_PERCENT_HP_BONUS","is_prod":false,"is_daily":false,"chose_seed":false,"campfire_upgraded":1,"win_rate":0,"timestamp":1549870099,"path_taken":["M","?","M","?","?","R","M","E"],"build_version":"2019-01-23","purchased_purges":0,"victory":false,"max_hp_per_floor":[77,77,77,77,82,82,82,82],"card_choices":[{"not_picked":["Slice","Poisoned Stab"],"picked":"Footwork","floor":1.0},{"not_picked":["Cloak And Dagger","Acrobatics"],"picked":"PiercingWail","floor":3.0},{"not_picked":["All Out Attack","Slice"],"picked":"Cloak And Dagger","floor":5.0},{"not_picked":["Quick Slash","Underhanded Strike"],"picked":"PiercingWail","floor":7}],"player_experience":381052,"relics_obtained":[],"event_choices":[{"damage_healed":0.0,"max_hp_gain":0.0,"max_hp_loss":0.0,"gold_gain":0.0,"event_name":"Living Wall","player_choice":"Grow","floor":2.0,"gold_loss":0.0,"damage_taken":0.0,"cards_upgraded":["Footwork"]},{"damage_healed":0.0,"max_hp_gain":0.0,"max_hp_loss":0.0,"gold_gain":0.0,"event_name":"The Woman in Blue","player_choice":"Bought 2 Potions","floor":4.0,"gold_loss":0.0,"damage_taken":0.0}],"is_beta":false,"boss_relics":[],"items_purged_floors":[],"is_endless":false,"potions_floor_spawned":[5,7],"killed_by":"Lagavulin","ascension_level":11}