{"gold_per_floor":[113,113,113,15,34,34,65,65,65,65,65,85,110,110],"floor_reached":14,"playtime":231,"items_purged":[],"score":206,"play_id":"7d7a3ab4-9f4f-419a-b042-cf5d30ef740a","local_time":"20190404210546","is_ascension_mode":true,"campfire_choices":[{"data":"Loop","floor":6,"key":"SMITH"},{"data":"Zap","floor":11,"key":"SMITH"}],"neow_cost":"NONE","seed_source_timestamp":1720028330348647,"circlet_count":0,"master_deck":["AscendersBane","Strike_B","Strike_B","Strike_B","Defend_B","Defend_B","Defend_B","Defend_B","Zap+1","Dualcast","Cold Snap","Loop+1","Sweeping Beam","Sweeping Beam","Doom and Gloom","Defragment+1","Buffer+1"],"relics":["Cracked Core","NeowsBlessing","CultistMask","Boot","Shuriken","Frozen Egg 2","Oddly Smooth Stone"],"potions_floor_usage":[],"damage_taken":[{"damage":0,"enemies":"Jaw Worm","floor":1,"turns":1},{"damage":0,"enemies":"Small Slimes","floor":5,"turns":1},{"damage":0,"enemies":"3 Sentries","floor":7,"turns":1},{"damage":0,"enemies":"Cultist","floor":12,"turns":3},{"damage":16,"enemies":"Gremlin Nob","floor":13,"turns":4},{"damage":20,"enemies":"3 Louse","floor":14,"turns":1}],"seed_played":"7977640287960147066","potions_obtained":[{"floor":1,"key":"Energy Potion"},{"floor":13,"key":"Energy Potion"}],"is_trial":false,"path_per_floor":["?","?","M","?"],"character_chosen":"DEFECT","items_purchased":["Loop","Sweeping Beam"],"campfire_rested":0,"item_purchase_floors":[4,4],"current_hp_per_floor":[64,57,57,57,57,57,57,32,32,32,32,32,16,0],"gold":110,"neow_bonus":"THREE_ENEMY_KILL","is_prod":false,"is_daily":false,"chose_seed":false,"campfire_upgraded":2,"win_rate":0,"timestamp":1554426346,"path_taken":["M","?","?","$","?","R","E","?","T","$","R","M","E","M"],"build_version":"2019-01-23","purchased_purges":0,"victory":false,"max_hp_per_floor":[71,71,71,71,71,71,71,71,71,71,71,71,71,71],"card_choices":[{"not_picked":["FTL","Beam Cell"],"picked":"Cold Snap","floor":1},{"not_picked":["Undo","Capacitor"],"picked":"Sweeping Beam","floor":5},{"not_picked":["Compile Driver","Consume"],"picked":"Doom and Gloom","floor":7},{"not_picked":["Coolheaded","Glacier"],"picked":"Defragment+1","floor":12},{"not_picked":["Thunder Strike","Beam Cell"],"picked":"Buffer+1","floor":13}],"player_experience":1491836,"relics_obtained":[{"floor":7,"key":"Boot"},{"floor":9,"key":"Frozen Egg 2"},{"floor":13,"key":"Oddly Smooth Stone"}],"event_choices":[{"cards_removed":["Strike_B"],"damage_healed":0,"gold_gain":0,"player_choice":"Card Removal","damage_taken":7,"max_hp_gain":0,"max_hp_loss":0,"event_name":"Golden Wing","floor":2,"gold_loss":0},{"damage_healed":0,"gold_gain":0,"player_choice":"Trade","damage_taken":0,"relics_obtained":["CultistMask"],"max_hp_gain":0,"max_hp_loss":0,"event_name":"FaceTrader","floor":3,"gold_loss":0},{"damage_healed":0,"gold_gain":0,"player_choice":"Success","damage_taken":25,"relics_obtained":["Shuriken"],"max_hp_gain":0,"max_hp_loss":0,"event_name":"Scrap Ooze","floor":8,"gold_loss":0}],"is_beta":false,"boss_relics":[],"items_purged_floors":[],"is_endless":false,"potions_floor_spawned":[1,13],"killed_by":"3 Louse","ascension_level":14}