{"gold_per_floor":[117,117,134,147,147,183,183,224,248,248],"floor_reached":10,"playtime":253,"items_purged":[],"score":99,"play_id":"aaffc368-40d4-4256-a947-46920ce92558","local_time":"20190320145251","is_ascension_mode":true,"campfire_choices":[{"floor":7,"key":"REST"}],"neow_cost":"NONE","seed_source_timestamp":401633217336551,"circlet_count":0,"master_deck":["Strike_R","Strike_R","Strike_R","Strike_R","Defend_R","Defend_R","Defend_R","Defend_R","Bash","Rampage","Uppercut","Dropkick","Uppercut"],"relics":["Burning Blood","NeowsBlessing","Golden Idol","Omamori","Regal Pillow","Bronze Scales"],"potions_floor_usage":[],"damage_taken":[{"damage":0,"enemies":"Small Slimes","floor":1,"turns":1},{"damage":0,"enemies":"Cultist","floor":3,"turns":1},{"damage":0,"enemies":"2 Louse","floor":4,"turns":1},{"damage":30,"enemies":"Lagavulin","floor":6,"turns":7},{"damage":18,"enemies":"Gremlin Nob","floor":8,"turns":4},{"damage":50,"enemies":"3 Sentries","floor":10,"turns":4}],"seed_played":"6774819206728455849","potions_obtained":[{"floor":1,"key":"SteroidPotion"},{"floor":4,"key":"Weak Potion"},{"floor":8,"key":"FearPotion"}],"is_trial":false,"path_per_floor":["?","M","?"],"character_chosen":"IRONCLAD","items_purchased":[],"campfire_rested":1,"item_purchase_floors":[],"current_hp_per_floor":[78,78,80,80,60,36,60,48,48,0],"gold":248,"neow_bonus":"THREE_ENEMY_KILL","is_prod":false,"is_daily":false,"chose_seed":false,"campfire_upgraded":0,"win_rate":0,"timestamp":1553107971,"path_taken":["M","?","M","?","?","E","R","E","T","E"],"build_version":"2019-01-23","purchased_purges":0,"victory":false,"max_hp_per_floor":[80,80,80,80,80,80,80,80,80,80],"card_choices":[{"not_picked":["Whirlwind","Flex"],"picked":"Rampage","floor":1},{"not_picked":["Ghostly Armor","Searing Blow"],"picked":"Uppercut","floor":3},{"not_picked":["Clothesline","Cleave","Blood for Blood"],"picked":"SKIP","floor":4},{"not_picked":["Demon Form","Pommel Strike"],"picked":"Dropkick","floor":6},{"not_picked":["Blood for Blood","Ghostly Armor"],"picked":"Uppercut","floor":8}],"player_experience":836528,"relics_obtained":[{"floor":6,"key":"Omamori"},{"floor":8,"key":"Regal Pillow"},{"floor":9,"key":"Bronze Scales"}],"event_choices":[{"cards_removed":["Strike_R"],"damage_healed":0,"gold_gain":0,"player_choice":"Purged","damage_taken":0,"max_hp_gain":0,"max_hp_loss":0,"event_name":"Purifier","floor":2,"gold_loss":0},{"damage_healed":0,"gold_gain":0,"player_choice":"Take Damage","damage_taken":20,"relics_obtained":["Golden Idol"],"max_hp_gain":0,"max_hp_loss":0,"event_name":"Golden Idol","floor":5,"gold_loss":0}],"is_beta":false,"boss_relics":[],"items_purged_floors":[],"is_endless":false,"potions_floor_spawned":[1,4,8],"killed_by":"3 Sentries","ascension_level":6}