{"gold_per_floor":[213,213,223,223,92,92,127,139,139,164,177,277,277,290,290,388,388,405,424,339,31,31,31,59,75,156,171,189,206,57,57,57,158,158,178,189,202,118,28,28,28],"floor_reached":41,"playtime":1817,"items_purged":[],"score":444,"play_id":"a2de7d99-ee02-4cdf-8108-22f751c9bbbe","local_time":"20190106223516","is_ascension_mode":true,"campfire_choices":[{"data":"Spot Weakness","floor":6,"key":"SMITH"},{"data":"Armaments","floor":13,"key":"SMITH"},{"floor":15,"key":"REST"},{"data":"Enlightenment","floor":23,"key":"SMITH"},{"floor":32,"key":"REST"},{"floor":40,"key":"REST"}],"neow_cost":"NONE","seed_source_timestamp":452976427654448,"circlet_count":0,"master_deck":["Strike_R","Strike_R+1","Strike_R","Strike_R","Strike_R","Defend_R","Defend_R","Defend_R","Defend_R","Bash","Perfected Strike+1","Spot Weakness+1","Twin Strike","Enlightenment+1","Sword Boomerang","Perfected Strike+1","Armaments+1","Limit Break","Reaper","Limit Break+1","Twin Strike+1","Reaper","Reaper","Feed","Doubt","Decay","Heavy Blade","True Grit+1","Madness+1","True Grit+1"],"relics":["Burning Blood","Shuriken","Self Forming Clay","Whetstone","Velvet Choker","Anchor","Bronze Scales","Dream Catcher","Frozen Egg 2","PreservedInsect","Calling Bell","Regal Pillow","Toxic Egg 2","Peace Pipe"],"potions_floor_usage":[35,37,41,41],"damage_taken":[{"damage":1,"enemies":"Cultist","floor":1,"turns":4},{"damage":1,"enemies":"Jaw Worm","floor":3,"turns":3},{"damage":28,"enemies":"Gremlin Nob","floor":7,"turns":4},{"damage":8,"enemies":"Small Slimes","floor":8,"turns":2},{"damage":24,"enemies":"3 Sentries","floor":10,"turns":5},{"damage":13,"enemies":"Gremlin Gang","floor":11,"turns":3},{"damage":7,"enemies":"Blue Slaver","floor":14,"turns":2},{"damage":37,"enemies":"Slime Boss","floor":16,"turns":8},{"damage":10,"enemies":"3 Byrds","floor":18,"turns":5},{"damage":8,"enemies":"Shell Parasite","floor":19,"turns":4},{"damage":31,"enemies":"Book of Stabbing","floor":24,"turns":5},{"damage":18,"enemies":"Snake Plant","floor":25,"turns":4},{"damage":14,"enemies":"Centurion and Healer","floor":27,"turns":5},{"damage":11,"enemies":"Shelled Parasite and Fungi","floor":28,"turns":4},{"damage":26,"enemies":"3 Cultists","floor":29,"turns":4},{"damage":80,"enemies":"Automaton","floor":33,"turns":9},{"damage":13,"enemies":"Orb Walker","floor":35,"turns":3},{"damage":57,"enemies":"3 Shapes","floor":36,"turns":7},{"damage":32,"enemies":"Writhing Mass","floor":37,"turns":5},{"damage":91,"enemies":"Nemesis","floor":41,"turns":5}],"seed_played":"2564412397338177560","potions_obtained":[{"floor":1,"key":"PowerPotion"},{"floor":2,"key":"Explosive Potion"},{"floor":2,"key":"SpeedPotion"},{"floor":2,"key":"LiquidBronze"},{"floor":36,"key":"Fruit Juice"},{"floor":37,"key":"SkillPotion"}],"is_trial":false,"path_per_floor":["M","?","M","?","$","R","E","M","T","E","M","?","R","M","R","B",null,"M","M","?","$","?","R","E","M","T","M","M","M","$","?","R","B",null,"M","M","M","$","?","R","E"],"character_chosen":"IRONCLAD","items_purchased":["Twin Strike","Enlightenment","Limit Break","Bronze Scales","PreservedInsect","Madness+1"],"campfire_rested":3,"item_purchase_floors":[5,5,21,21,30,38],"current_hp_per_floor":[80,80,80,80,80,80,58,56,56,38,31,31,31,30,54,23,80,80,78,78,78,78,78,53,41,41,33,28,32,32,32,56,11,80,80,49,39,39,39,81,0],"gold":28,"neow_bonus":"HUNDRED_GOLD","is_prod":false,"is_daily":false,"chose_seed":false,"campfire_upgraded":3,"win_rate":0,"timestamp":1546842916,"path_taken":["M","?","?","?","$","R","E","M","T","E","M","?","R","?","R","BOSS","M","M","?","$","?","R","E","M","T","M","?","M","$","?","R","BOSS","M","M","?","$","?","R","E"],"build_version":"2019-01-03v4","purchased_purges":0,"victory":false,"max_hp_per_floor":[80,80,80,80,80,80,80,80,80,80,80,80,80,80,80,80,80,80,80,80,80,80,80,80,80,80,80,80,80,80,80,80,80,80,83,83,91,91,91,91,91],"card_choices":[{"not_picked":["Metallicize","Whirlwind"],"picked":"Perfected Strike","floor":1},{"not_picked":["Havoc","Cleave"],"picked":"Spot Weakness","floor":3},{"not_picked":["Body Slam","Metallicize"],"picked":"Sword Boomerang","floor":7},{"not_picked":["Body Slam","Armaments"],"picked":"Perfected Strike","floor":8},{"not_picked":["Entrench","Uppercut","Rupture"],"picked":"SKIP","floor":10},{"not_picked":["Havoc","Pommel Strike"],"picked":"Armaments","floor":11},{"not_picked":["Disarm","Clothesline"],"picked":"Limit Break","floor":14},{"not_picked":["Brutality","Immolate"],"picked":"Reaper","floor":16},{"not_picked":["Clash","Cleave","Entrench"],"picked":"SKIP","floor":18},{"not_picked":["Perfected Strike","Clothesline","Thunderclap"],"picked":"SKIP","floor":19},{"not_picked":["Anger+1","Body Slam"],"picked":"Twin Strike+1","floor":24},{"not_picked":["Iron Wave","Dual Wield","Twin Strike"],"picked":"SKIP","floor":25},{"not_picked":["Uppercut","Anger"],"picked":"Reaper","floor":27},{"not_picked":["Flex","Rupture+1","Wild Strike"],"picked":"SKIP","floor":28},{"not_picked":["Seeing Red","Wild Strike+1","Searing Blow"],"picked":"SKIP","floor":29},{"not_picked":["Offering","Berserk+1"],"picked":"Feed","floor":33},{"not_picked":["Shrug It Off+1","Flex+1"],"picked":"Heavy Blade","floor":35},{"not_picked":["Body Slam","Metallicize+1"],"picked":"True Grit+1","floor":36},{"not_picked":["Hemokinesis+1","Heavy Blade","Carnage+1"],"picked":"SKIP","floor":37},{"not_picked":["Seeing Red+1","Thunderclap+1"],"picked":"True Grit+1","floor":40}],"player_experience":150597,"relics_obtained":[{"floor":7,"key":"Shuriken"},{"floor":9,"key":"Self Forming Clay"},{"floor":10,"key":"Whetstone"},{"floor":24,"key":"Dream Catcher"},{"floor":26,"key":"Frozen Egg 2"},{"floor":34,"key":"Regal Pillow"},{"floor":34,"key":"Toxic Egg 2"},{"floor":34,"key":"Peace Pipe"}],"event_choices":[{"damage_healed":0,"gold_gain":0,"player_choice":"Got Potions","damage_taken":0,"max_hp_gain":0,"max_hp_loss":0,"event_name":"Lab","floor":2,"gold_loss":0},{"damage_healed":0,"gold_gain":0,"player_choice":"Grow","damage_taken":0,"max_hp_gain":0,"max_hp_loss":0,"event_name":"Living Wall","floor":4,"gold_loss":0,"cards_upgraded":["Perfected Strike"]},{"damage_healed":0,"gold_gain":100,"player_choice":"Pray","damage_taken":0,"max_hp_gain":0,"max_hp_loss":0,"event_name":"Golden Shrine","floor":12,"gold_loss":0},{"damage_healed":0,"gold_gain":0,"player_choice":"Obtained Relic","damage_taken":0,"relics_obtained":["Anchor"],"max_hp_gain":0,"max_hp_loss":0,"event_name":"Addict","floor":20,"gold_loss":85},{"damage_healed":0,"gold_gain":0,"player_choice":"Ignored","damage_taken":0,"max_hp_gain":0,"max_hp_loss":0,"event_name":"N\u0027loth","floor":22,"gold_loss":0},{"damage_healed":0,"gold_gain":0,"player_choice":"Copied","damage_taken":0,"max_hp_gain":0,"max_hp_loss":0,"event_name":"Duplicator","floor":31,"gold_loss":0,"cards_obtained":["Reaper"]},{"cards_removed":["Pain"],"damage_healed":0,"gold_gain":0,"player_choice":"Upgrade and Remove","damage_taken":0,"max_hp_gain":0,"max_hp_loss":0,"event_name":"Designer","floor":39,"gold_loss":90,"cards_upgraded":["Limit Break"]}],"is_beta":false,"boss_relics":[{"not_picked":["Lizard Tail","Runic Cube"],"picked":"Velvet Choker"},{"not_picked":["Coffee Dripper","Mark of Pain"],"picked":"Calling Bell"}],"items_purged_floors":[],"is_endless":false,"potions_floor_spawned":[1,10,11,16,18,25,29,36,37],"killed_by":"Nemesis","ascension_level":1}