{"gold_per_floor":[362,362,379,395,395,407,407,436,436,468,468,487,487,437,437,533,533,550,550,550,563,577,577,605,605,605,652,152,171,183,208,208,305,305,321,331,331,351,371,371,406,406,484,484,484],"floor_reached":45,"playtime":3085,"items_purged":["Strike_B"],"score":543,"play_id":"557089af-47ef-447d-a82e-0157a2fd32be","local_time":"20190217203910","is_ascension_mode":false,"campfire_choices":[{"floor":7.0,"key":"REST"},{"floor":13.0,"key":"RECALL"},{"data":"Defragment","floor":15.0,"key":"SMITH"},{"data":"Zap","floor":23,"key":"SMITH"},{"floor":25,"key":"REST"},{"floor":32,"key":"REST"},{"floor":40,"key":"REST"},{"floor":42,"key":"REST"},{"floor":44,"key":"REST"}],"neow_cost":"PERCENT_DAMAGE","seed_source_timestamp":0,"circlet_count":0,"master_deck":["Strike_B+1","Defend_B","Defend_B","Defend_B","Zap+1","Dualcast","Ball Lightning","Steam","Skim","Ball Lightning","Defragment+1","Genetic Algorithm","Genetic Algorithm","Seek","Ball Lightning+1","Conserve Battery","Capacitor","Defragment","Melter","Conserve Battery+1","White Noise","Seek","Defragment+1","Defragment+1","Ball Lightning+1","Amplify"],"special_seed":0,"relics":["Cracked Core","Letter Opener","Happy Flower","Bottled Tornado","Omamori","Pantograph","Empty Cage","MutagenicStrength","GremlinMask","Whetstone","Dream Catcher","Toolbox","Anchor","Vajra","Inserter","PreservedInsect","Blue Candle"],"potions_floor_usage":[18,24,38],"damage_taken":[{"damage":0.0,"enemies":"Cultist","floor":1.0,"turns":3.0},{"damage":0.0,"enemies":"2 Louse","floor":3.0,"turns":2.0},{"damage":8.0,"enemies":"Small Slimes","floor":4.0,"turns":2.0},{"damage":0.0,"enemies":"Blue Slaver","floor":6.0,"turns":3.0},{"damage":4.0,"enemies":"Gremlin Nob","floor":8.0,"turns":3.0},{"damage":25.0,"enemies":"Lagavulin","floor":10.0,"turns":5.0},{"damage":1.0,"enemies":"Looter","floor":12.0,"turns":2.0},{"damage":35.0,"enemies":"Hexaghost","floor":16.0,"turns":8.0},{"damage":5,"enemies":"3 Byrds","floor":18,"turns":3},{"damage":0,"enemies":"Chosen","floor":21,"turns":4},{"damage":22,"enemies":"Shelled Parasite and Fungi","floor":22,"turns":6},{"damage":30,"enemies":"Slavers","floor":24,"turns":4},{"damage":0,"enemies":"Snake Plant","floor":29,"turns":3},{"damage":16,"enemies":"Cultist and Chosen","floor":30,"turns":5},{"damage":10,"enemies":"Gremlin Leader","floor":31,"turns":7},{"damage":46,"enemies":"Champ","floor":33,"turns":10},{"damage":0,"enemies":"Orb Walker","floor":35,"turns":4},{"damage":41,"enemies":"3 Shapes","floor":36,"turns":5},{"damage":23,"enemies":"Spire Growth","floor":38,"turns":4},{"damage":0,"enemies":"Sphere and 2 Shapes","floor":39,"turns":3},{"damage":88,"enemies":"Giant Head","floor":41,"turns":8},{"damage":81,"enemies":"Nemesis","floor":45,"turns":6}],"seed_played":"-5322647542875161971","potions_obtained":[{"floor":3.0,"key":"Swift Potion"},{"floor":8.0,"key":"SpeedPotion"},{"floor":10.0,"key":"Weak Potion"},{"floor":12.0,"key":"AttackPotion"},{"floor":16.0,"key":"FairyPotion"},{"floor":21,"key":"Fire Potion"},{"floor":30,"key":"SteroidPotion"},{"floor":31,"key":"SteroidPotion"},{"floor":33,"key":"FairyPotion"},{"floor":35,"key":"Explosive Potion"},{"floor":36,"key":"Regen Potion"}],"is_trial":false,"path_per_floor":["?","?","?","?","?","?","M","M","T","$","M","M","?","M"],"character_chosen":"DEFECT","items_purchased":["Toolbox","Anchor","Capacitor"],"campfire_rested":6,"item_purchase_floors":[28,28,28],"current_hp_per_floor":[54,54,54,46,46,46,68,64,64,39,32,31,31,31,31,21,75,70,70,70,70,48,48,18,40,40,40,40,40,24,14,36,15,75,75,34,34,23,23,45,7,29,29,51,0],"gold":484,"neow_bonus":"TWO_FIFTY_GOLD","is_prod":false,"is_daily":false,"chose_seed":false,"campfire_upgraded":2,"win_rate":0,"timestamp":1550453950,"path_taken":["M","?","M","M","?","M","R","E","T","E","?","M","R","?","R","BOSS","M","?","?","?","?","R","E","R","T","?","?","M","?","E","R","BOSS","M","?","?","?","M","R","E","R","T","R","E"],"build_version":"2019-01-23","purchased_purges":1,"victory":false,"max_hp_per_floor":[75,75,75,75,75,75,75,75,75,75,75,75,75,75,75,75,75,75,75,75,75,75,75,75,75,75,75,75,75,75,75,75,75,75,75,75,75,75,75,75,75,75,75,75,75],"card_choices":[{"not_picked":["Glacier","Turbo"],"picked":"Ball Lightning","floor":1.0},{"not_picked":["Sweeping Beam","Lockon"],"picked":"Steam","floor":3.0},{"not_picked":["Beam Cell","Cold Snap"],"picked":"Skim","floor":4.0},{"not_picked":["Biased Cognition","Storm"],"picked":"Ball Lightning","floor":6.0},{"not_picked":["Streamline","Conserve Battery"],"picked":"Defragment","floor":8.0},{"not_picked":["Turbo","Auto Shields"],"picked":"Genetic Algorithm","floor":10.0},{"not_picked":["Beam Cell","Steam"],"picked":"Genetic Algorithm","floor":12.0},{"not_picked":["Hyperbeam","Meteor Strike"],"picked":"Seek","floor":16.0},{"not_picked":["Streamline","Redo","Barrage+1"],"picked":"SKIP","floor":18},{"not_picked":["Scrape","Cold Snap"],"picked":"Ball Lightning","floor":21},{"not_picked":["Steam","Turbo+1"],"picked":"Conserve Battery","floor":22},{"not_picked":["Sweeping Beam","Heatsinks","Leap"],"picked":"SKIP","floor":24},{"not_picked":["Reprogram","Rebound"],"picked":"Defragment","floor":29},{"not_picked":["Cold Snap","Streamline"],"picked":"Melter","floor":30},{"not_picked":["Ball Lightning","Streamline"],"picked":"Conserve Battery+1","floor":31},{"not_picked":["Hyperbeam","Static Discharge"],"picked":"White Noise","floor":32},{"not_picked":["Buffer","Thunder Strike"],"picked":"Seek","floor":33},{"not_picked":["Turbo","Gash"],"picked":"Defragment+1","floor":35},{"not_picked":["Gash","Rebound","Steam"],"picked":"SKIP","floor":36},{"not_picked":["Hello World","Beam Cell","Compile Driver"],"picked":"SKIP","floor":38},{"not_picked":["Barrage","Streamline+1","Turbo+1"],"picked":"SKIP","floor":39},{"not_picked":["BootSequence","Ball Lightning"],"picked":"Defragment+1","floor":40},{"not_picked":["Compile Driver","Coolheaded"],"picked":"Ball Lightning+1","floor":41},{"not_picked":["Recycle","Cold Snap+1"],"picked":"Amplify","floor":42}],"player_experience":483120,"relics_obtained":[{"floor":8.0,"key":"Happy Flower"},{"floor":9.0,"key":"Bottled Tornado"},{"floor":10.0,"key":"Omamori"},{"floor":24,"key":"Whetstone"},{"floor":27,"key":"Dream Catcher"},{"floor":31,"key":"Vajra"},{"floor":41,"key":"PreservedInsect"},{"floor":43,"key":"Blue Candle"}],"event_choices":[{"damage_healed":0.0,"max_hp_gain":0.0,"max_hp_loss":0.0,"gold_gain":0.0,"event_name":"Big Fish","player_choice":"Box","floor":2.0,"gold_loss":0.0,"damage_taken":0.0,"relics_obtained":["Letter Opener"],"cards_obtained":["Regret"]},{"cards_removed":["Regret"],"damage_healed":0.0,"max_hp_gain":0.0,"max_hp_loss":0.0,"gold_gain":0.0,"event_name":"Living Wall","player_choice":"Forget","floor":5.0,"gold_loss":0.0,"damage_taken":0.0},{"damage_healed":0.0,"max_hp_gain":0.0,"max_hp_loss":0.0,"gold_gain":0.0,"event_name":"Scrap Ooze","player_choice":"Success","floor":11.0,"gold_loss":0.0,"damage_taken":7.0,"relics_obtained":["Pantograph"]},{"cards_removed":["Strike_B"],"damage_healed":0.0,"max_hp_gain":0.0,"max_hp_loss":0.0,"gold_gain":0.0,"event_name":"The Cleric","player_choice":"Card Removal","floor":14.0,"gold_loss":50.0,"damage_taken":0.0},{"damage_healed":0,"gold_gain":0,"player_choice":"Inject Mutagens","damage_taken":0,"relics_obtained":["MutagenicStrength"],"max_hp_gain":0,"max_hp_loss":0,"event_name":"Drug Dealer","floor":19,"gold_loss":0},{"damage_healed":0,"gold_gain":0,"player_choice":"Trade","damage_taken":0,"relics_obtained":["GremlinMask"],"max_hp_gain":0,"max_hp_loss":0,"event_name":"FaceTrader","floor":20,"gold_loss":0},{"damage_healed":0,"gold_gain":0,"player_choice":"Bought 0 Potions","damage_taken":0,"max_hp_gain":0,"max_hp_loss":0,"event_name":"The Woman in Blue","floor":37,"gold_loss":0}],"is_beta":false,"boss_relics":[{"not_picked":["Philosopher\u0027s Stone","Runic Dome"],"picked":"Empty Cage"},{"not_picked":["Velvet Choker","FrozenCore"],"picked":"Inserter"}],"items_purged_floors":[28],"is_endless":false,"potions_floor_spawned":[3,8,10,12,16,21,30,31,33,35,36],"killed_by":"Nemesis","ascension_level":0}