{"gold_per_floor":[119,294,304,304,315,346,357,371,371,384,384,396,427,407,407,508,558,570,570,552,579,595,595],"floor_reached":23,"playtime":1198,"items_purged":[],"score":267,"play_id":"3ecf0111-a777-4bd5-a1ed-115e46ed7611","local_time":"20190128161711","is_ascension_mode":true,"campfire_choices":[{"floor":11,"key":"REST"},{"data":"Survivor","floor":15,"key":"SMITH"}],"neow_cost":"NONE","seed_source_timestamp":613537287107431,"circlet_count":0,"master_deck":["Defend_G","Defend_G","Defend_G","Defend_G","Defend_G","Strike_G","Strike_G","Strike_G","Strike_G","Strike_G","Survivor+1","Neutralize+1","Venomology","Flying Knee","Heel Hook+1","Poisoned Stab","Bane","Bane","Outmaneuver","Dash","Terror","Poisoned Stab","After Image","Backflip","Noxious Fumes","Leg Sweep","Well Laid Plans+1","Escape Plan"],"special_seed":0,"relics":["Ring of the Snake","Vajra","Centennial Puzzle","Happy Flower","Tiny House","Red Mask"],"potions_floor_usage":[6,6,8,8,12,13,13,13,16,16,20,21,21,21,22,23],"damage_taken":[{"damage":1.0,"enemies":"Jaw Worm","floor":1.0,"turns":4.0},{"damage":0.0,"enemies":"Small Slimes","floor":3.0,"turns":4.0},{"damage":0.0,"enemies":"2 Louse","floor":5.0,"turns":3.0},{"damage":12,"enemies":"Gremlin Nob","floor":6,"turns":3},{"damage":7,"enemies":"2 Fungi Beasts","floor":7,"turns":4},{"damage":17,"enemies":"Exordium Thugs","floor":8,"turns":5},{"damage":4,"enemies":"3 Louse","floor":10,"turns":4},{"damage":0,"enemies":"Red Slaver","floor":12,"turns":3},{"damage":7,"enemies":"3 Sentries","floor":13,"turns":8},{"damage":13,"enemies":"Hexaghost","floor":16,"turns":12},{"damage":16,"enemies":"3 Byrds","floor":18,"turns":9},{"damage":18,"enemies":"2 Thieves","floor":20,"turns":4},{"damage":34,"enemies":"Masked Bandits","floor":21,"turns":6},{"damage":0,"enemies":"Chosen and Byrds","floor":22,"turns":7},{"damage":16,"enemies":"Slavers","floor":23,"turns":3}],"seed_played":"7230743602229942520","potions_obtained":[{"floor":3.0,"key":"SkillPotion"},{"floor":5.0,"key":"Strength Potion"},{"floor":12,"key":"Regen Potion"},{"floor":17,"key":"EssenceOfSteel"},{"floor":18,"key":"Regen Potion"},{"floor":22,"key":"Fire Potion"}],"is_trial":false,"path_per_floor":["M","?","M","?","M","E","M","M","T","M","R","M","E","?","R","B",null,"M","?","M","?","M","E"],"character_chosen":"THE_SILENT","items_purchased":[],"campfire_rested":1,"item_purchase_floors":[],"current_hp_per_floor":[62,62,62,62,62,50,43,26,26,22,43,43,51,51,51,38,67,51,51,47,13,13,0],"gold":595,"neow_bonus":"ONE_RANDOM_RARE_CARD","is_prod":false,"is_daily":false,"chose_seed":false,"campfire_upgraded":1,"win_rate":0,"timestamp":1548717431,"path_taken":["M","?","M","?","M","E","M","M","T","M","R","M","E","?","R","BOSS","M","?","M","?","M","E"],"build_version":"2019-01-23","purchased_purges":0,"victory":false,"max_hp_per_floor":[70,70,70,70,70,70,70,70,70,70,70,70,70,70,70,70,75,75,75,75,75,75,75],"card_choices":[{"not_picked":["Skewer","Prepared"],"picked":"Flying Knee","floor":1.0},{"not_picked":["Deadly Poison","Underhanded Strike"],"picked":"Heel Hook","floor":3.0},{"not_picked":["Prepared","Blade Dance"],"picked":"Poisoned Stab","floor":5.0},{"not_picked":["Dagger Spray","Die Die Die"],"picked":"Bane","floor":6},{"not_picked":["Skewer","Underhanded Strike"],"picked":"Bane","floor":7},{"not_picked":["Cloak And Dagger","Finisher"],"picked":"Outmaneuver","floor":8},{"not_picked":["Dagger Spray","Skewer"],"picked":"Dash","floor":10},{"not_picked":["Doppelganger","Prepared"],"picked":"Terror","floor":12},{"not_picked":["Slice","Deflect"],"picked":"Poisoned Stab","floor":13},{"not_picked":["Phantasmal Killer","Envenom"],"picked":"After Image","floor":16},{"not_picked":["Dagger Throw","Blade Dance"],"picked":"Backflip","floor":17},{"not_picked":["Dodge and Roll","Accuracy"],"picked":"Noxious Fumes","floor":18},{"not_picked":["Backflip","Choke"],"picked":"Leg Sweep","floor":20},{"not_picked":["Leg Sweep","Escape Plan"],"picked":"Well Laid Plans+1","floor":21},{"not_picked":["Quick Slash","Slice"],"picked":"Escape Plan","floor":22}],"player_experience":1319263,"relics_obtained":[{"floor":6,"key":"Vajra"},{"floor":9,"key":"Centennial Puzzle"},{"floor":13,"key":"Happy Flower"},{"floor":21,"key":"Red Mask"}],"event_choices":[{"damage_healed":0.0,"max_hp_gain":0.0,"max_hp_loss":0.0,"gold_gain":175.0,"event_name":"Liars Game","player_choice":"AGREE","floor":2.0,"gold_loss":0.0,"damage_taken":0.0,"cards_obtained":["Doubt"]},{"damage_healed":0.0,"max_hp_gain":0.0,"max_hp_loss":0.0,"gold_gain":0.0,"event_name":"Living Wall","player_choice":"Grow","floor":4.0,"gold_loss":0.0,"damage_taken":0.0,"cards_upgraded":["Neutralize"]},{"damage_healed":0,"gold_gain":0,"player_choice":"Left Gold","damage_taken":0,"max_hp_gain":0,"max_hp_loss":0,"event_name":"World of Goop","floor":14,"gold_loss":20},{"cards_removed":["Doubt"],"damage_healed":0,"gold_gain":0,"player_choice":"Elegance","damage_taken":0,"max_hp_gain":0,"max_hp_loss":0,"event_name":"Back to Basics","floor":19,"gold_loss":0},{"damage_healed":0,"gold_gain":0,"player_choice":"Fought Bandits","damage_taken":0,"max_hp_gain":0,"max_hp_loss":0,"event_name":"Masked Bandits","floor":21,"gold_loss":0}],"is_beta":false,"boss_relics":[{"not_picked":["Calling Bell","Black Star"],"picked":"Tiny House"}],"items_purged_floors":[],"is_endless":false,"potions_floor_spawned":[3,5,12,18,20,22],"killed_by":"Slavers","ascension_level":6}