{"gold_per_floor":[141,171,207,267,300,300,405,405,405,405,435,113,146,200,200,512,512,572,572,614,614,662,662],"floor_reached":23,"playtime":1097,"items_purged":["Thunderclap"],"score":197,"play_id":"5469ca5b-9726-4717-8e94-32d9da65e7e4","local_time":"20190325104747","daily_mods":["Specialized","Uncertain Future","Midas"],"is_ascension_mode":false,"campfire_choices":[{"floor":6,"key":"REST"},{"floor":8,"key":"REST"},{"floor":15,"key":"REST"}],"neow_cost":"","seed_source_timestamp":784101967908503,"circlet_count":0,"master_deck":["Bash","Thunderclap","Thunderclap","Thunderclap","Twin Strike","Iron Wave","Shrug It Off","Ghostly Armor","Twin Strike","Inflame","Heavy Blade","Demon Form","Blood for Blood","Wild Strike","Fire Breathing","Flame Barrier","Sentinel","Infernal Blade","Feel No Pain","Infernal Blade","Spot Weakness","Fire Breathing","True Grit"],"relics":["Burning Blood","Regal Pillow","Art of War","Kunai","Pandora\u0027s Box","Bottled Flame"],"potions_floor_usage":[23,23,23],"damage_taken":[{"damage":10,"enemies":"Cultist","floor":1,"turns":4},{"damage":0,"enemies":"2 Louse","floor":2,"turns":2},{"damage":10,"enemies":"Small Slimes","floor":3,"turns":2},{"damage":12,"enemies":"3 Louse","floor":4,"turns":2},{"damage":19,"enemies":"Large Slime","floor":5,"turns":5},{"damage":54,"enemies":"Lagavulin","floor":7,"turns":6},{"damage":3,"enemies":"Exordium Wildlife","floor":11,"turns":3},{"damage":13,"enemies":"Gremlin Gang","floor":13,"turns":3},{"damage":0,"enemies":"2 Fungi Beasts","floor":14,"turns":3},{"damage":70,"enemies":"Hexaghost","floor":16,"turns":11},{"damage":30,"enemies":"Shell Parasite","floor":18,"turns":7},{"damage":22,"enemies":"Spheric Guardian","floor":20,"turns":5},{"damage":16,"enemies":"Chosen and Byrds","floor":22,"turns":8},{"damage":18,"enemies":"Gremlin Leader","floor":23,"turns":2}],"seed_played":"1674869659737730916","potions_obtained":[{"floor":2,"key":"PowerPotion"},{"floor":4,"key":"FearPotion"},{"floor":5,"key":"Dexterity Potion"},{"floor":16,"key":"Block Potion"}],"is_trial":true,"path_per_floor":["M","?","M","?","T"],"character_chosen":"IRONCLAD","items_purchased":["Kunai"],"campfire_rested":3,"item_purchase_floors":[12],"current_hp_per_floor":[76,80,76,70,57,80,32,71,71,71,74,74,67,73,80,16,80,56,41,25,25,15,0],"gold":662,"neow_bonus":"","is_prod":false,"is_daily":false,"chose_seed":false,"campfire_upgraded":0,"win_rate":0,"timestamp":1553525267,"path_taken":["M","?","M","M","M","R","E","R","T","?","M","$","?","M","R","BOSS","M","?","M","?","M","E"],"build_version":"2019-01-23","purchased_purges":1,"victory":false,"max_hp_per_floor":[80,80,80,80,80,80,80,80,80,80,80,80,80,80,80,80,80,80,85,85,85,85,85],"card_choices":[{"not_picked":["Pommel Strike","Bloodletting","Thunderclap"],"picked":"SKIP","floor":1},{"not_picked":["Fire Breathing","Cleave"],"picked":"Twin Strike","floor":2},{"not_picked":["Seeing Red","True Grit"],"picked":"Iron Wave","floor":3},{"not_picked":["Pommel Strike","Perfected Strike"],"picked":"Shrug It Off","floor":4},{"not_picked":["Perfected Strike","Anger","Bloodletting"],"picked":"SKIP","floor":5},{"not_picked":["Rupture","Berserk"],"picked":"Ghostly Armor","floor":7},{"not_picked":["Clash","Warcry"],"picked":"Twin Strike","floor":11},{"not_picked":["Heavy Blade","Wild Strike"],"picked":"Inflame","floor":13},{"not_picked":["Rampage","Pommel Strike"],"picked":"Heavy Blade","floor":14},{"not_picked":["Limit Break","Berserk"],"picked":"Demon Form","floor":16},{"not_picked":["Intimidate","Sword Boomerang","Clothesline"],"picked":"SKIP","floor":18},{"not_picked":["Rupture","Anger"],"picked":"Fire Breathing","floor":20},{"not_picked":["Heavy Blade","Thunderclap"],"picked":"True Grit","floor":22}],"player_experience":983830,"relics_obtained":[{"floor":7,"key":"Regal Pillow"},{"floor":9,"key":"Art of War"},{"floor":21,"key":"Bottled Flame"}],"event_choices":[{"cards_removed":["Thunderclap"],"damage_healed":0,"gold_gain":0,"player_choice":"Purged","damage_taken":0,"max_hp_gain":0,"max_hp_loss":0,"event_name":"Purifier","floor":10,"gold_loss":0},{"damage_healed":0,"gold_gain":0,"player_choice":"Shed Blood","damage_taken":20,"max_hp_gain":5,"max_hp_loss":0,"event_name":"Forgotten Altar","floor":19,"gold_loss":0}],"is_beta":false,"boss_relics":[{"not_picked":["Astrolabe","Runic Dome"],"picked":"Pandora\u0027s Box"}],"items_purged_floors":[12],"is_endless":false,"potions_floor_spawned":[2,4,5,11,16,20],"killed_by":"Gremlin Leader","ascension_level":0}