{"gold_per_floor":[114,133,83,83,97,132,132,165,165,184,184,201,201,217,217,217],"floor_reached":16,"playtime":495,"items_purged":[],"score":134,"play_id":"8fcf831c-8245-42a5-9faa-72cfd8cf49a3","local_time":"20190117231026","is_ascension_mode":true,"campfire_choices":[{"floor":7,"key":"REST"},{"data":"Bash","floor":13,"key":"SMITH"},{"floor":15,"key":"REST"}],"neow_cost":"NONE","seed_source_timestamp":437921514114438,"circlet_count":0,"master_deck":["Strike_R","Strike_R","Strike_R","Strike_R","Defend_R","Defend_R","Defend_R","Defend_R","Bash+1","Thunderclap","Iron Wave","Battle Trance","Dropkick"],"relics":["Burning Blood","Anchor","Thread and Needle","Frozen Egg 2"],"potions_floor_usage":[8,16],"damage_taken":[{"damage":4,"enemies":"2 Louse","floor":1,"turns":3},{"damage":11,"enemies":"Cultist","floor":2,"turns":4},{"damage":0,"enemies":"Small Slimes","floor":5,"turns":4},{"damage":76,"enemies":"Lagavulin","floor":6,"turns":9},{"damage":35,"enemies":"3 Sentries","floor":8,"turns":8},{"damage":5,"enemies":"Red Slaver","floor":10,"turns":3},{"damage":0,"enemies":"3 Louse","floor":12,"turns":3},{"damage":2,"enemies":"Looter","floor":14,"turns":3},{"damage":55,"enemies":"Slime Boss","floor":16,"turns":7}],"seed_played":"7261395481011121720","potions_obtained":[{"floor":6,"key":"Regen Potion"},{"floor":12,"key":"Strength Potion"},{"floor":14,"key":"SkillPotion"}],"is_trial":false,"path_per_floor":["M","M","?","?","M","E","R","E","T","M","?","M","R","M","R","B"],"character_chosen":"IRONCLAD","items_purchased":[],"campfire_rested":2,"item_purchase_floors":[],"current_hp_per_floor":[88,83,83,75,81,11,37,22,22,23,28,34,34,38,65,10],"gold":217,"neow_bonus":"TEN_PERCENT_HP_BONUS","is_prod":false,"is_daily":false,"chose_seed":false,"campfire_upgraded":1,"win_rate":0,"timestamp":1547795426,"path_taken":["M","M","?","?","M","E","R","E","T","?","?","M","R","M","R","BOSS"],"build_version":"2019-01-17","purchased_purges":0,"victory":false,"max_hp_per_floor":[88,88,88,88,88,88,88,88,88,88,93,93,93,93,93,93],"card_choices":[{"not_picked":["Havoc","Body Slam","Anger"],"picked":"SKIP","floor":1},{"not_picked":["Sword Boomerang","Spot Weakness"],"picked":"Thunderclap","floor":2},{"not_picked":["Heavy Blade","Havoc","Shockwave"],"picked":"SKIP","floor":5},{"not_picked":["Sentinel","Evolve"],"picked":"Iron Wave","floor":6},{"not_picked":["Twin Strike","Dual Wield"],"picked":"Battle Trance","floor":8},{"not_picked":["Thunderclap","Second Wind","Searing Blow"],"picked":"SKIP","floor":10},{"not_picked":["Clash","Rage","Body Slam"],"picked":"SKIP","floor":12},{"not_picked":["Clothesline","Metallicize+1"],"picked":"Dropkick","floor":14}],"player_experience":248092,"relics_obtained":[{"floor":6,"key":"Anchor"},{"floor":8,"key":"Thread and Needle"},{"floor":9,"key":"Frozen Egg 2"}],"event_choices":[{"cards_removed":["Strike_R"],"damage_healed":0,"gold_gain":0,"player_choice":"Card Removal","damage_taken":0,"max_hp_gain":0,"max_hp_loss":0,"event_name":"The Cleric","floor":3,"gold_loss":50},{"damage_healed":0,"gold_gain":0,"player_choice":"Damaged","damage_taken":8,"max_hp_gain":0,"max_hp_loss":0,"event_name":"Wheel of Change","floor":4,"gold_loss":0},{"damage_healed":0,"gold_gain":0,"player_choice":"Donut","damage_taken":0,"max_hp_gain":5,"max_hp_loss":0,"event_name":"Big Fish","floor":11,"gold_loss":0}],"is_beta":false,"boss_relics":[],"items_purged_floors":[],"is_endless":false,"potions_floor_spawned":[6,12,14],"killed_by":"Slime Boss","ascension_level":4}