{"gold_per_floor":[117,117,127,77,77,77,111,129,154,109,109,138,150,173,185,299,311,339,37,37,54,65,92,7,7,61,61,73,93,109,120,120,120],"floor_reached":33,"playtime":1377,"items_purged":["Normality"],"score":468,"play_id":"e122b5b6-2b27-4f1a-9359-dce9449098a7","local_time":"20190213223249","is_ascension_mode":true,"campfire_choices":[{"data":"Footwork","floor":6.0,"key":"SMITH"},{"data":"Neutralize","floor":11.0,"key":"SMITH"},{"data":"Bouncing Flask","floor":15.0,"key":"SMITH"},{"data":"Envenom","floor":27.0,"key":"SMITH"},{"floor":32,"key":"REST"}],"neow_cost":"NONE","seed_source_timestamp":964416363817920,"circlet_count":0,"master_deck":["AscendersBane","Defend_G","Defend_G","Defend_G","Defend_G","Strike_G","Strike_G","Strike_G","Strike_G","Strike_G","Survivor","Neutralize+1","Dash","Footwork+1","Cloak And Dagger","Leg Sweep","Bouncing Flask+1","Envenom+1","Clumsy","Normality","Wraith Form v2","Dodge and Roll","Cloak And Dagger+1","Well Laid Plans","Cloak And Dagger+1"],"special_seed":0,"relics":["Ring of the Snake","NeowsBlessing","GremlinMask","Snake Skull","Pen Nib","MawBank","Calling Bell","Lantern","Ninja Scroll","Shovel","Bottled Tornado","Dream Catcher","Toxic Egg 2","Tiny Chest"],"potions_floor_usage":[31,33,33,33],"damage_taken":[{"damage":0.0,"enemies":"Cultist","floor":1.0,"turns":1.0},{"damage":0.0,"enemies":"Jaw Worm","floor":3.0,"turns":1.0},{"damage":0.0,"enemies":"3 Sentries","floor":7.0,"turns":1.0},{"damage":0.0,"enemies":"Small Slimes","floor":8.0,"turns":5.0},{"damage":0.0,"enemies":"Looter","floor":10.0,"turns":5.0},{"damage":27.0,"enemies":"Gremlin Nob","floor":12.0,"turns":7.0},{"damage":0.0,"enemies":"Red Slaver","floor":14.0,"turns":5.0},{"damage":29.0,"enemies":"The Guardian","floor":16.0,"turns":9.0},{"damage":1.0,"enemies":"Chosen","floor":18.0,"turns":7.0},{"damage":1.0,"enemies":"3 Byrds","floor":21.0,"turns":4.0},{"damage":1.0,"enemies":"Centurion and Healer","floor":22.0,"turns":7.0},{"damage":44.0,"enemies":"Slavers","floor":23.0,"turns":10.0},{"damage":13.0,"enemies":"Snecko","floor":28.0,"turns":3.0},{"damage":0.0,"enemies":"Cultist and Chosen","floor":29.0,"turns":7.0},{"damage":0.0,"enemies":"Chosen and Byrds","floor":30.0,"turns":6.0},{"damage":0,"enemies":"Snake Plant","floor":31,"turns":3},{"damage":53,"enemies":"Collector","floor":33,"turns":6}],"seed_played":"8673127716797692617","potions_obtained":[{"floor":1.0,"key":"EssenceOfSteel"},{"floor":5.0,"key":"Fruit Juice"},{"floor":5.0,"key":"GhostInAJar"},{"floor":5.0,"key":"EntropicBrew"},{"floor":18.0,"key":"Block Potion"},{"floor":29.0,"key":"SkillPotion"},{"floor":30.0,"key":"EntropicBrew"},{"floor":31,"key":"Dexterity Potion"}],"is_trial":false,"path_per_floor":["M","?","M","?","?","R","E","M","T","M","R","E","?","M","R","B",null,"M","$","?","M","M","E","?","$","T","R","M","M","M","M","R","B"],"character_chosen":"THE_SILENT","items_purchased":["Bottled Tornado"],"campfire_rested":1,"item_purchase_floors":[19],"current_hp_per_floor":[63,63,63,63,68,68,68,68,68,68,68,41,46,46,46,17,64,63,63,63,62,61,17,17,17,17,17,4,4,4,4,28,0],"gold":120,"neow_bonus":"THREE_ENEMY_KILL","is_prod":false,"is_daily":false,"chose_seed":false,"campfire_upgraded":4,"win_rate":0,"timestamp":1550125969,"path_taken":["M","?","?","?","?","R","E","M","T","?","R","E","?","M","R","BOSS","M","$","?","M","?","E","?","$","T","R","M","M","M","M","R","BOSS"],"build_version":"2019-01-23","purchased_purges":1,"victory":false,"max_hp_per_floor":[70,70,70,70,75,75,75,75,75,75,75,75,80,80,80,80,80,80,80,80,80,80,80,80,80,80,80,80,80,80,80,80,80],"card_choices":[{"not_picked":["Bane","Infinite Blades"],"picked":"Dash","floor":1.0},{"not_picked":["Cloak And Dagger","Dagger Spray"],"picked":"Footwork","floor":3.0},{"not_picked":["Calculated Gamble","Setup"],"picked":"Cloak And Dagger","floor":7.0},{"not_picked":["Slice","Underhanded Strike"],"picked":"Leg Sweep","floor":8.0},{"not_picked":["Deflect","Storm of Steel"],"picked":"Bouncing Flask","floor":10.0},{"not_picked":["Sucker Punch","Blade Dance","Prepared"],"picked":"SKIP","floor":12.0},{"not_picked":["Calculated Gamble","Blade Dance"],"picked":"Backstab","floor":14.0},{"not_picked":["Phantasmal Killer","Grand Finale"],"picked":"Envenom","floor":16.0},{"not_picked":["Underhanded Strike","Dagger Throw","Infinite Blades"],"picked":"SKIP","floor":18.0},{"not_picked":["Accuracy","Flying Knee","Deadly Poison"],"picked":"SKIP","floor":21.0},{"not_picked":["Flechettes+1","Dash"],"picked":"Dodge and Roll","floor":22.0},{"not_picked":["Quick Slash","All Out Attack","A Thousand Cuts"],"picked":"SKIP","floor":23.0},{"not_picked":["Poisoned Stab","Dagger Throw"],"picked":"Cloak And Dagger+1","floor":28.0},{"not_picked":["Underhanded Strike","Dagger Spray"],"picked":"Well Laid Plans","floor":29.0},{"not_picked":["Dash+1","Flying Knee"],"picked":"Cloak And Dagger+1","floor":30.0},{"not_picked":["Underhanded Strike","Concentrate+1","Reflex+1"],"picked":"SKIP","floor":31}],"player_experience":391260,"relics_obtained":[{"floor":7.0,"key":"Snake Skull"},{"floor":9.0,"key":"Pen Nib"},{"floor":12.0,"key":"MawBank"},{"floor":17.0,"key":"Lantern"},{"floor":17.0,"key":"Ninja Scroll"},{"floor":17.0,"key":"Shovel"},{"floor":23.0,"key":"Dream Catcher"},{"floor":26.0,"key":"Tiny Chest"}],"event_choices":[{"damage_healed":0.0,"max_hp_gain":0.0,"max_hp_loss":0.0,"gold_gain":0.0,"event_name":"FaceTrader","player_choice":"Trade","floor":2.0,"gold_loss":0.0,"damage_taken":0.0,"relics_obtained":["GremlinMask"]},{"cards_removed":["Defend_G"],"damage_healed":0.0,"max_hp_gain":0.0,"max_hp_loss":0.0,"gold_gain":0.0,"event_name":"The Cleric","player_choice":"Card Removal","floor":4.0,"gold_loss":50.0,"damage_taken":0.0},{"damage_healed":0.0,"max_hp_gain":0.0,"max_hp_loss":0.0,"gold_gain":0.0,"event_name":"Lab","player_choice":"Got Potions","floor":5.0,"gold_loss":0.0,"damage_taken":0.0},{"damage_healed":0.0,"max_hp_gain":5.0,"max_hp_loss":0.0,"gold_gain":0.0,"event_name":"Big Fish","player_choice":"Donut","floor":13.0,"gold_loss":0.0,"damage_taken":0.0},{"damage_healed":0.0,"max_hp_gain":0.0,"max_hp_loss":0.0,"gold_gain":0.0,"cards_transformed":["Backstab"],"event_name":"Transmorgrifier","player_choice":"Transformed","floor":20.0,"gold_loss":0.0,"damage_taken":0.0,"cards_obtained":["Wraith Form v2"]},{"damage_healed":0.0,"max_hp_gain":0.0,"max_hp_loss":0.0,"gold_gain":0.0,"event_name":"Addict","player_choice":"Obtained Relic","floor":24.0,"gold_loss":85.0,"damage_taken":0.0,"relics_obtained":["Toxic Egg 2"]}],"is_beta":false,"boss_relics":[{"not_picked":["Runic Dome","Fusion Hammer"],"picked":"Calling Bell"}],"items_purged_floors":[19],"is_endless":false,"potions_floor_spawned":[1,8,12,14,16,18,29,30,31],"killed_by":"Collector","ascension_level":11}