{"gold_per_floor":[118,137,150,162,181,207,207,225,271,302,314,326,276,276,276,375,375,386,161,178,198,198,198,63,63,63,80,111,111,128,138,138,242,242,261,281,295,170,185,185,197,197,197,197,208,58,71,90,90,90,90,90,90,90],"floor_reached":54,"playtime":9282,"items_purged":["Defend_R","Bash","Immolate","True Grit+1"],"score":729,"play_id":"598e0cf1-9d2b-4af7-a70c-f3a54711c216","local_time":"20190206191118","is_ascension_mode":false,"campfire_choices":[{"data":"Metallicize","floor":15,"key":"SMITH"},{"data":"Rampage","floor":23,"key":"SMITH"},{"data":"Metallicize","floor":25,"key":"SMITH"},{"data":"Feed","floor":32,"key":"SMITH"},{"data":"Barricade","floor":40,"key":"SMITH"},{"data":"Seeing Red","floor":44,"key":"SMITH"},{"floor":49,"key":"RECALL"},{"data":"Warcry","floor":52,"key":"SMITH"}],"neow_cost":"TEN_PERCENT_HP_LOSS","seed_source_timestamp":756095405998327,"circlet_count":0,"master_deck":["Strike_R+1","Metallicize+1","Iron Wave+1","Rampage+1","Feed+1","Shrug It Off+1","Seeing Red+1","Metallicize+1","Barricade+1","Seeing Red+1","Seeing Red+1","Warcry+1"],"relics":["Burning Blood","Bird Faced Urn","Anchor","Whetstone","Runic Pyramid","Oddly Smooth Stone","Charon\u0027s Ashes","Molten Egg 2","Orichalcum","Empty Cage"],"potions_floor_usage":[4,54],"damage_taken":[{"damage":1,"enemies":"Cultist","floor":1,"turns":4},{"damage":0,"enemies":"Small Slimes","floor":2,"turns":4},{"damage":5,"enemies":"Jaw Worm","floor":3,"turns":5},{"damage":19,"enemies":"Large Slime","floor":4,"turns":10},{"damage":22,"enemies":"Exordium Thugs","floor":5,"turns":14},{"damage":25,"enemies":"Gremlin Nob","floor":6,"turns":5},{"damage":2,"enemies":"2 Fungi Beasts","floor":8,"turns":6},{"damage":19,"enemies":"3 Sentries","floor":10,"turns":15},{"damage":0,"enemies":"Lots of Slimes","floor":11,"turns":5},{"damage":0,"enemies":"Blue Slaver","floor":12,"turns":4},{"damage":30,"enemies":"The Guardian","floor":16,"turns":10},{"damage":0,"enemies":"Chosen","floor":18,"turns":4},{"damage":4,"enemies":"2 Thieves","floor":20,"turns":5},{"damage":0,"enemies":"Shelled Parasite and Fungi","floor":21,"turns":5},{"damage":6,"enemies":"Centurion and Healer","floor":27,"turns":6},{"damage":23,"enemies":"Gremlin Leader","floor":28,"turns":6},{"damage":0,"enemies":"Sentry and Sphere","floor":30,"turns":5},{"damage":0,"enemies":"Snecko","floor":31,"turns":11},{"damage":2,"enemies":"Champ","floor":33,"turns":13},{"damage":0,"enemies":"Orb Walker","floor":35,"turns":5},{"damage":0,"enemies":"3 Shapes","floor":36,"turns":5},{"damage":1,"enemies":"Writhing Mass","floor":37,"turns":6},{"damage":15,"enemies":"4 Shapes","floor":39,"turns":5},{"damage":0,"enemies":"Maw","floor":41,"turns":6},{"damage":14,"enemies":"Jaw Worm Horde","floor":45,"turns":5},{"damage":0,"enemies":"4 Shapes","floor":47,"turns":4},{"damage":6,"enemies":"Maw","floor":48,"turns":8},{"damage":47,"enemies":"Awakened One","floor":50,"turns":11},{"damage":180,"enemies":"Shield and Spear","floor":54,"turns":10}],"seed_played":"3680804106719226844","potions_obtained":[{"floor":2,"key":"AttackPotion"},{"floor":3,"key":"Fruit Juice"},{"floor":4,"key":"FearPotion"},{"floor":5,"key":"SkillPotion"},{"floor":18,"key":"SmokeBomb"},{"floor":36,"key":"FairyPotion"}],"is_trial":false,"path_per_floor":["M","?","M","?","?","?","$","?","?"],"character_chosen":"IRONCLAD","items_purchased":["Oddly Smooth Stone","Metallicize"],"campfire_rested":0,"item_purchase_floors":[19,24],"current_hp_per_floor":[72,72,72,64,48,29,29,35,35,24,32,40,40,40,40,18,77,80,80,83,86,86,86,86,86,86,89,75,75,88,98,98,102,102,106,110,114,114,109,109,122,122,122,122,122,122,130,134,134,97,138,138,138,0],"gold":90,"neow_bonus":"REMOVE_TWO","is_prod":false,"is_daily":false,"chose_seed":false,"campfire_upgraded":7,"win_rate":0,"timestamp":1549498278,"path_taken":["M","M","?","M","M","E","?","?","T","E","M","M","?","?","R","BOSS","M","$","M","M","?","R","?","R","T","M","E","?","M","M","R","BOSS","M","M","M","$","M","R","M","?","T","R","M","$","M","M","R","BOSS","R","$","E"],"build_version":"2019-01-23","purchased_purges":4,"victory":false,"max_hp_per_floor":[72,72,72,77,77,77,77,77,77,77,77,77,77,77,77,77,77,80,80,83,86,86,86,86,86,86,89,92,92,95,98,98,102,102,106,110,114,114,118,118,122,122,122,122,126,126,130,134,134,138,138,138,138,138],"card_choices":[{"not_picked":["Flex","Hemokinesis","Sever Soul"],"picked":"SKIP","floor":1},{"not_picked":["Spot Weakness","Uppercut","Blood for Blood"],"picked":"SKIP","floor":2},{"not_picked":["Thunderclap","Warcry","Demon Form"],"picked":"SKIP","floor":3},{"not_picked":["Feel No Pain","Perfected Strike"],"picked":"Metallicize","floor":4},{"not_picked":["Perfected Strike","Blood for Blood","Pommel Strike"],"picked":"SKIP","floor":5},{"not_picked":["Perfected Strike","Impervious","Body Slam"],"picked":"SKIP","floor":6},{"not_picked":["Twin Strike","Armaments"],"picked":"Iron Wave","floor":8},{"not_picked":["Perfected Strike","Shockwave"],"picked":"Rampage","floor":10},{"not_picked":["Body Slam","Anger","Battle Trance"],"picked":"SKIP","floor":11},{"not_picked":["Berserk","Havoc","Reckless Charge"],"picked":"SKIP","floor":12},{"not_picked":["Barricade","Bludgeon"],"picked":"Feed","floor":16},{"not_picked":["Cleave","Wild Strike"],"picked":"Shrug It Off+1","floor":18},{"not_picked":["Wild Strike","Reckless Charge+1"],"picked":"Seeing Red","floor":20},{"not_picked":["Thunderclap+1","True Grit","Iron Wave"],"picked":"SKIP","floor":21},{"not_picked":["Warcry","Heavy Blade","Carnage"],"picked":"SKIP","floor":27},{"not_picked":["Offering","Shockwave"],"picked":"Barricade","floor":28},{"not_picked":["Rupture+1","Anger+1"],"picked":"True Grit+1","floor":30},{"not_picked":["Flex","True Grit"],"picked":"Seeing Red+1","floor":31},{"not_picked":["Bloodletting","Cleave+1"],"picked":"Seeing Red+1","floor":35},{"not_picked":["Infernal Blade+1","Body Slam+1","Searing Blow+1"],"picked":"SKIP","floor":36},{"not_picked":["Feel No Pain","Seeing Red","Body Slam+1"],"picked":"SKIP","floor":37},{"not_picked":["Body Slam+1","Warcry","Second Wind"],"picked":"SKIP","floor":39},{"not_picked":["Heavy Blade+1","Warcry","Infernal Blade+1"],"picked":"SKIP","floor":41},{"not_picked":["Armaments+1","Burning Pact","Flex"],"picked":"SKIP","floor":45},{"not_picked":["Clothesline+1","Cleave+1","Combust+1"],"picked":"SKIP","floor":47},{"not_picked":["Infernal Blade+1","Second Wind+1","Thunderclap+1"],"picked":"SKIP","floor":48}],"player_experience":323618,"relics_obtained":[{"floor":6,"key":"Bird Faced Urn"},{"floor":9,"key":"Anchor"},{"floor":10,"key":"Whetstone"},{"floor":26,"key":"Charon\u0027s Ashes"},{"floor":28,"key":"Molten Egg 2"}],"event_choices":[{"damage_healed":0,"gold_gain":0,"player_choice":"Bought 0 Potions","damage_taken":0,"max_hp_gain":0,"max_hp_loss":0,"event_name":"The Woman in Blue","floor":7,"gold_loss":0},{"cards_removed":["Strike_R"],"damage_healed":0,"gold_gain":0,"player_choice":"Card Removal","damage_taken":0,"max_hp_gain":0,"max_hp_loss":0,"event_name":"The Cleric","floor":13,"gold_loss":50},{"cards_removed":["Defend_R"],"damage_healed":0,"gold_gain":0,"player_choice":"Forget","damage_taken":0,"max_hp_gain":0,"max_hp_loss":0,"event_name":"Living Wall","floor":14,"gold_loss":0},{"damage_healed":0,"gold_gain":0,"cards_transformed":["Strike_R"],"player_choice":"Transformed","damage_taken":0,"max_hp_gain":0,"max_hp_loss":0,"event_name":"Transmorgrifier","floor":22,"gold_loss":0,"cards_obtained":["Immolate"]},{"damage_healed":0,"gold_gain":0,"player_choice":"Opened","damage_taken":0,"relics_obtained":["Orichalcum"],"max_hp_gain":0,"max_hp_loss":0,"event_name":"The Mausoleum","floor":29,"gold_loss":0,"cards_obtained":["Writhe"]},{"damage_healed":0,"gold_gain":0,"cards_transformed":["Defend_R"],"player_choice":"Transformed","damage_taken":0,"max_hp_gain":0,"max_hp_loss":0,"event_name":"Transmorgrifier","floor":42,"gold_loss":0,"cards_obtained":["Warcry"]}],"is_beta":false,"boss_relics":[{"not_picked":["Black Blood","Busted Crown"],"picked":"Runic Pyramid"},{"not_picked":["Tiny House","Orrery"],"picked":"Empty Cage"}],"items_purged_floors":[19,24,38,46],"is_endless":false,"potions_floor_spawned":[2,3,4,5,11,12,18,27,30,31,33,36,45,48],"killed_by":"Shield and Spear","ascension_level":0}