{"gold_per_floor":[115,115,190,206,226,269,269,282,334,334,2,45,45,59,59,182,182,205,16,16,34,52,88,88,88,88,4,4,24,24],"floor_reached":30,"playtime":900,"items_purged":[],"score":411,"play_id":"5bcc2fc2-091c-4eda-b708-d4a6f9e0d121","local_time":"20181030101404","is_ascension_mode":true,"campfire_choices":[{"floor":7,"key":"REST"},{"floor":15,"key":"REST"},{"floor":25,"key":"REST"},{"data":"Barricade","floor":28,"key":"SMITH"}],"neow_cost":"NONE","seed_source_timestamp":1700847942709557,"circlet_count":0,"master_deck":["Strike_R","Strike_R","Strike_R","Strike_R","Strike_R","Defend_R","Defend_R","Defend_R","Defend_R","Bash","Panacea","Shrug It Off","Injury","Cleave","Pommel Strike","Havoc","Wild Strike","Bash","Perfected Strike+1","Twin Strike","Warcry+1","Ghostly Armor+1","Pommel Strike","Barricade+1","Perfected Strike","Apotheosis+1","Flex+1","Shrug It Off+1","Flame Barrier+1","Intimidate+1","Ghostly+1","Ghostly+1","Ghostly+1","Ghostly+1","Ghostly+1","Twin Strike+1","Deep Breath+1","Shrug It Off+1"],"relics":["Burning Blood","Golden Idol","Sundial","Bronze Scales","Toxic Egg 2","Blood Vial","Black Star","Pen Nib","Dream Catcher","Matryoshka"],"potions_floor_usage":[12,16,23,23,23],"damage_taken":[{"damage":1,"enemies":"Cultist","floor":1,"turns":3},{"damage":2,"enemies":"Jaw Worm","floor":4,"turns":3},{"damage":2,"enemies":"Small Slimes","floor":5,"turns":5},{"damage":52,"enemies":"3 Sentries","floor":6,"turns":9},{"damage":16,"enemies":"Blue Slaver","floor":8,"turns":4},{"damage":20,"enemies":"Lagavulin","floor":12,"turns":5},{"damage":6,"enemies":"2 Fungi Beasts","floor":14,"turns":3},{"damage":41,"enemies":"Hexaghost","floor":16,"turns":9},{"damage":25,"enemies":"2 Thieves","floor":18,"turns":5},{"damage":6,"enemies":"Spheric Guardian","floor":21,"turns":3},{"damage":15,"enemies":"Snecko","floor":22,"turns":5},{"damage":59,"enemies":"Slavers","floor":23,"turns":7},{"damage":19,"enemies":"Chosen and Byrds","floor":29,"turns":6},{"damage":23,"enemies":"Gremlin Leader","floor":30,"turns":2}],"seed_played":"-8435048392249093435","potions_obtained":[{"floor":4,"key":"Weak Potion"},{"floor":5,"key":"FearPotion"},{"floor":6,"key":"SneckoOil"},{"floor":14,"key":"GamblersBrew"},{"floor":21,"key":"Explosive Potion"},{"floor":22,"key":"Poison Potion"}],"is_trial":false,"path_per_floor":["M","?","?","M","M","E","R","M","T","?","$","E","?","M","R","B",null,"M","$","?","M","M","E","?","R","T","$","R","M"],"character_chosen":"IRONCLAD","items_purchased":["Twin Strike","Toxic Egg 2","Warcry+1","Apotheosis+1","Flex+1","Deep Breath+1"],"campfire_rested":3,"item_purchase_floors":[11,11,11,19,19,27],"current_hp_per_floor":[77,77,66,70,74,28,52,42,42,42,42,28,28,30,54,21,65,48,48,80,80,71,20,20,32,32,32,32,21,0],"gold":24,"neow_bonus":"RANDOM_COLORLESS","is_prod":false,"is_daily":false,"chose_seed":false,"campfire_upgraded":1,"win_rate":0,"timestamp":1540916044,"path_taken":["M","?","?","M","?","E","R","M","T","?","$","E","?","M","R","BOSS","M","$","?","?","M","E","?","R","T","?","R","M","E"],"build_version":"2018-10-25v2","purchased_purges":0,"victory":false,"max_hp_per_floor":[80,80,80,80,80,80,80,80,80,80,80,80,80,80,80,80,80,80,80,80,80,80,80,40,40,40,40,40,40,40],"card_choices":[{"not_picked":["Bloodletting","Evolve"],"picked":"Shrug It Off","floor":1},{"not_picked":["Second Wind","Clothesline"],"picked":"Cleave","floor":4},{"not_picked":["Anger","Sword Boomerang"],"picked":"Pommel Strike","floor":5},{"not_picked":["Headbutt","Bloodletting"],"picked":"Havoc","floor":6},{"not_picked":["Corruption","Havoc"],"picked":"Wild Strike","floor":8},{"not_picked":["Warcry+1","Power Through+1"],"picked":"Ghostly Armor+1","floor":12},{"not_picked":["Dual Wield+1","Flex+1"],"picked":"Pommel Strike","floor":14},{"not_picked":["Juggernaut","Berserk"],"picked":"Barricade","floor":16},{"not_picked":["Wild Strike","Feel No Pain"],"picked":"Perfected Strike","floor":18},{"not_picked":["Warcry+1","Sword Boomerang+1"],"picked":"Shrug It Off+1","floor":21},{"not_picked":["Clothesline+1","Seeing Red+1"],"picked":"Flame Barrier+1","floor":22},{"not_picked":["Combust","Second Wind+1"],"picked":"Intimidate+1","floor":23},{"not_picked":["True Grit+1","Juggernaut"],"picked":"Twin Strike+1","floor":25},{"not_picked":["Clash","Thunderclap"],"picked":"Shrug It Off+1","floor":29}],"player_experience":969881,"relics_obtained":[{"floor":6,"key":"Sundial"},{"floor":9,"key":"Bronze Scales"},{"floor":12,"key":"Blood Vial"},{"floor":23,"key":"Pen Nib"},{"floor":23,"key":"Dream Catcher"},{"floor":26,"key":"Matryoshka"}],"event_choices":[{"damage_healed":0,"gold_gain":0,"player_choice":"Take Wound","damage_taken":0,"relics_obtained":["Golden Idol"],"max_hp_gain":0,"max_hp_loss":0,"event_name":"Golden Idol","floor":2,"gold_loss":0,"cards_obtained":["Injury"]},{"damage_healed":0,"gold_gain":75,"player_choice":"Gather Gold","damage_taken":11,"max_hp_gain":0,"max_hp_loss":0,"event_name":"World of Goop","floor":3,"gold_loss":0},{"damage_healed":0,"gold_gain":0,"player_choice":"3 cards matched","damage_taken":0,"max_hp_gain":0,"max_hp_loss":0,"event_name":"Match and Keep!","floor":10,"gold_loss":0,"cards_obtained":["Combust","Bash","Perfected Strike"]},{"damage_healed":0,"gold_gain":0,"player_choice":"Grow","damage_taken":0,"max_hp_gain":0,"max_hp_loss":0,"event_name":"Living Wall","floor":13,"gold_loss":0,"cards_upgraded":["Perfected Strike"]},{"cards_removed":["Combust"],"damage_healed":32,"gold_gain":0,"player_choice":"Offered Uncommon","damage_taken":0,"max_hp_gain":0,"max_hp_loss":0,"event_name":"Bonfire Elementals","floor":20,"gold_loss":0},{"damage_healed":0,"gold_gain":0,"player_choice":"Became a Ghost","damage_taken":0,"max_hp_gain":0,"max_hp_loss":40,"event_name":"Ghosts","floor":24,"gold_loss":0,"cards_obtained":["Ghostly","Ghostly","Ghostly","Ghostly","Ghostly"]}],"is_beta":false,"boss_relics":[{"not_picked":["Orrery","Astrolabe"],"picked":"Black Star"}],"items_purged_floors":[],"is_endless":false,"potions_floor_spawned":[4,5,6,14,21,22],"killed_by":"Gremlin Leader","ascension_level":8}