{"gold_per_floor":[117,42,58,58,58,58,58,86,111,121,146,146,176,189,189,289,289,299,22,292,312,332,332,194,213,236,251,284,89,101,101,101,198,198,209,222,145,145,160,189,206,132,157,157,172,172,183,194,194,194,194,194,3,32,32],"floor_reached":56,"playtime":4872,"items_purged":["Strike_B","Strike_B","Strike_B"],"score":1294,"play_id":"62cd38b6-17cb-4b55-91db-9e60be5085bc","local_time":"20190106123254","is_ascension_mode":true,"campfire_choices":[{"data":"Zap","floor":6,"key":"SMITH"},{"data":"Defragment","floor":12,"key":"SMITH"},{"data":"Electrodynamics","floor":15,"key":"SMITH"},{"data":"Coolheaded","floor":23,"key":"SMITH"},{"data":"Dualcast","floor":32,"key":"SMITH"},{"data":"Echo Form","floor":44,"key":"SMITH"},{"data":"Seek","floor":46,"key":"SMITH"},{"floor":49,"key":"RECALL"},{"data":"Buffer","floor":52,"key":"SMITH"}],"neow_cost":"NONE","seed_source_timestamp":413754278182221,"circlet_count":0,"master_deck":["Defend_B","Defend_B","Defend_B","Zap+1","Dualcast+1","Ball Lightning","Go for the Eyes","Steam","Defragment+1","Coolheaded+1","Electrodynamics+1","Seek+1","Leap","Static Discharge","Glacier","Skim","Heatsinks","Conserve Battery","Hologram+1","Darkness","Echo Form+1","Stack+1","Compile Driver","Defragment","Ball Lightning","Glacier+1","Turbo+1","Buffer+1","Loop","Double Energy","Blizzard+1"],"relics":["Cracked Core","NeowsBlessing","Centennial Puzzle","DataDisk","Unceasing Top","Regal Pillow","Eternal Feather","Runic Capacitor","Omamori","Kunai","Cursed Key","Bag of Preparation","Art of War","Torii"],"potions_floor_usage":[39,50,55],"damage_taken":[{"damage":0,"enemies":"Cultist","floor":1,"turns":1},{"damage":0,"enemies":"Jaw Worm","floor":3,"turns":1},{"damage":0,"enemies":"Lagavulin","floor":8,"turns":1},{"damage":0,"enemies":"2 Louse","floor":10,"turns":2},{"damage":11,"enemies":"3 Sentries","floor":11,"turns":5},{"damage":0,"enemies":"Lagavulin","floor":13,"turns":5},{"damage":0,"enemies":"Exordium Thugs","floor":14,"turns":2},{"damage":19,"enemies":"Hexaghost","floor":16,"turns":7},{"damage":0,"enemies":"Spheric Guardian","floor":18,"turns":3},{"damage":4,"enemies":"3 Byrds","floor":21,"turns":1},{"damage":0,"enemies":"Sentry and Sphere","floor":22,"turns":3},{"damage":8,"enemies":"Snake Plant","floor":25,"turns":3},{"damage":0,"enemies":"Cultist and Chosen","floor":27,"turns":4},{"damage":0,"enemies":"Book of Stabbing","floor":28,"turns":8},{"damage":7,"enemies":"Shelled Parasite and Fungi","floor":30,"turns":5},{"damage":24,"enemies":"Automaton","floor":33,"turns":10},{"damage":0,"enemies":"3 Shapes","floor":35,"turns":3},{"damage":9,"enemies":"3 Darklings","floor":36,"turns":4},{"damage":18,"enemies":"Jaw Worm Horde","floor":39,"turns":5},{"damage":0,"enemies":"Giant Head","floor":40,"turns":11},{"damage":0,"enemies":"Spire Growth","floor":41,"turns":5},{"damage":3,"enemies":"Sphere and 2 Shapes","floor":45,"turns":10},{"damage":0,"enemies":"Transient","floor":47,"turns":5},{"damage":7,"enemies":"Writhing Mass","floor":48,"turns":6},{"damage":4,"enemies":"Time Eater","floor":50,"turns":14},{"damage":20,"enemies":"Shield and Spear","floor":54,"turns":6},{"damage":28,"enemies":"The Heart","floor":55,"turns":15}],"seed_played":"-634534008276378751","potions_obtained":[{"floor":3,"key":"Poison Potion"},{"floor":13,"key":"Regen Potion"},{"floor":16,"key":"SpeedPotion"},{"floor":39,"key":"SteroidPotion"},{"floor":47,"key":"PowerPotion"}],"is_trial":false,"path_per_floor":["M","$","M","$","$","R","?","E","T","M","E","R","E","M","R","B",null,"M","$","?","M","M","R","$","M","T","M","E","$","M","?","R","B",null,"M","M","$","?","M","E","M","$","T","R","M","R","M","M","R","B",null,"R","$","E","B",null],"character_chosen":"DEFECT","items_purchased":["Runic Capacitor","Static Discharge","Skim","Darkness","Defragment","Loop","Art of War","PowerPotion"],"campfire_rested":0,"item_purchase_floors":[19,19,24,29,37,42,53,53],"current_hp_per_floor":[75,75,75,75,75,75,75,75,75,75,64,64,64,64,64,45,75,75,75,47,43,43,52,52,44,44,44,44,44,37,37,49,25,75,75,66,66,66,60,60,60,60,60,75,72,75,75,68,75,71,75,75,75,55,27],"gold":32,"neow_bonus":"THREE_ENEMY_KILL","is_prod":false,"is_daily":false,"chose_seed":false,"campfire_upgraded":8,"win_rate":0,"timestamp":1546806774,"path_taken":["M","$","M","?","$","R","?","E","T","M","E","R","E","?","R","BOSS","M","$","?","M","M","R","$","M","T","M","E","?","M","?","R","BOSS","M","M","$","?","?","E","M","$","T","R","M","R","M","M","R","BOSS","R","$","E","BOSS"],"build_version":"2019-01-03v4","purchased_purges":3,"victory":true,"max_hp_per_floor":[75,75,75,75,75,75,75,75,75,75,75,75,75,75,75,75,75,75,75,75,75,75,75,75,75,75,75,75,75,75,75,75,75,75,75,75,75,75,75,75,75,75,75,75,75,75,75,75,75,75,75,75,75,75,75],"card_choices":[{"not_picked":["Stack","Compile Driver"],"picked":"Ball Lightning","floor":1},{"not_picked":["Sweeping Beam","Aggregate"],"picked":"Go for the Eyes","floor":3},{"not_picked":["Lockon","Stack"],"picked":"Steam","floor":8},{"not_picked":["Reinforced Body","Conserve Battery"],"picked":"Defragment","floor":10},{"not_picked":["Redo","Static Discharge"],"picked":"Coolheaded","floor":11},{"not_picked":["Sweeping Beam","Tempest"],"picked":"Electrodynamics","floor":13},{"not_picked":["Stack","Barrage","Double Energy"],"picked":"SKIP","floor":14},{"not_picked":["Thunder Strike","Fission"],"picked":"Seek","floor":16},{"not_picked":["Beam Cell","Blizzard"],"picked":"Leap","floor":18},{"not_picked":["Gash","Barrage","Sweeping Beam"],"picked":"SKIP","floor":21},{"not_picked":["Sweeping Beam","Static Discharge"],"picked":"Glacier","floor":22},{"not_picked":["Compile Driver","Gash"],"picked":"Heatsinks","floor":25},{"not_picked":["Turbo","Double Energy"],"picked":"Conserve Battery","floor":27},{"not_picked":["Multi-Cast","Undo"],"picked":"Hologram+1","floor":28},{"not_picked":["Conserve Battery+1","Sweeping Beam","Glacier+1"],"picked":"SKIP","floor":30},{"not_picked":["Fission","Hyperbeam"],"picked":"Echo Form","floor":33},{"not_picked":["Chill+1","Darkness+1"],"picked":"Stack+1","floor":35},{"not_picked":["Go for the Eyes","Skim"],"picked":"Compile Driver","floor":36},{"not_picked":["Stack","Melter+1"],"picked":"Glacier+1","floor":39},{"not_picked":["Conserve Battery+1","Cold Snap"],"picked":"Turbo+1","floor":40},{"not_picked":["Leap","Hologram"],"picked":"Buffer","floor":41},{"not_picked":["Self Repair+1","Static Discharge+1"],"picked":"Double Energy","floor":45},{"not_picked":["Melter+1","Cold Snap+1","Steam"],"picked":"SKIP","floor":47},{"not_picked":["Hologram+1","Force Field"],"picked":"Blizzard+1","floor":48},{"not_picked":["Scrape+1","Heatsinks","Lockon+1"],"picked":"SKIP","floor":54}],"player_experience":133597,"relics_obtained":[{"floor":8,"key":"Centennial Puzzle"},{"floor":9,"key":"DataDisk"},{"floor":11,"key":"Unceasing Top"},{"floor":13,"key":"Regal Pillow"},{"floor":26,"key":"Omamori"},{"floor":28,"key":"Kunai"},{"floor":40,"key":"Bag of Preparation"},{"floor":54,"key":"Torii"}],"event_choices":[{"cards_removed":["Strike_B"],"damage_healed":0,"gold_gain":0,"player_choice":"Offered Basic","damage_taken":0,"max_hp_gain":0,"max_hp_loss":0,"event_name":"Bonfire Elementals","floor":7,"gold_loss":0},{"damage_healed":0,"gold_gain":270,"player_choice":"GOLD GOLD GOLD ","damage_taken":28,"max_hp_gain":0,"max_hp_loss":0,"event_name":"Knowing Skull","floor":20,"potions_obtained":[],"gold_loss":0,"cards_obtained":[]},{"damage_healed":0,"gold_gain":0,"player_choice":"Ignored","damage_taken":0,"max_hp_gain":0,"max_hp_loss":0,"event_name":"Ghosts","floor":31,"gold_loss":0},{"damage_healed":0,"gold_gain":0,"cards_transformed":["Defend_B"],"player_choice":"Transformed","damage_taken":0,"max_hp_gain":0,"max_hp_loss":0,"event_name":"Transmorgrifier","floor":38,"gold_loss":0,"cards_obtained":["Ball Lightning"]}],"is_beta":false,"boss_relics":[{"not_picked":["White Beast Statue","Fusion Hammer"],"picked":"Eternal Feather"},{"not_picked":["Orrery","Runic Pyramid"],"picked":"Cursed Key"}],"items_purged_floors":[2,24,29],"is_endless":false,"potions_floor_spawned":[3,13,16,21,22,33,39,40,47,54],"ascension_level":1}