{"gold_per_floor":[114,114,114,138,138,138,152,485,485,485,505,505,780,800,800,924,924,924],"floor_reached":18,"playtime":629,"items_purged":[],"score":225,"play_id":"dc001e80-f28c-4343-b9f7-e278ba4fb578","local_time":"20181022162701","is_ascension_mode":true,"campfire_choices":[{"data":"Dualcast","floor":6,"key":"SMITH"},{"floor":12,"key":"REST"},{"data":"1","floor":15,"key":"LIFT"}],"neow_cost":"NONE","seed_source_timestamp":1032276810750025,"circlet_count":0,"master_deck":["Strike_B","Strike_B","Strike_B","Strike_B","Defend_B","Defend_B","Defend_B","Defend_B","Zap","Dualcast+1","Coolheaded","Regret","Injury","Conserve Battery","Conserve Battery","Defragment","Reprogram","Hologram","Regret","Rip and Tear","Reboot"],"relics":["Cracked Core","NeowsBlessing","Darkstone Periapt","Golden Idol","Art of War","Old Coin","Girya","Eternal Feather"],"potions_floor_usage":[14,16,18],"damage_taken":[{"damage":0,"enemies":"Small Slimes","floor":1,"turns":1},{"damage":0,"enemies":"2 Louse","floor":4,"turns":1},{"damage":0,"enemies":"Jaw Worm","floor":7,"turns":1},{"damage":23,"enemies":"3 Sentries","floor":8,"turns":12},{"damage":7,"enemies":"Blue Slaver","floor":11,"turns":4},{"damage":23,"enemies":"2 Fungi Beasts","floor":14,"turns":4},{"damage":53,"enemies":"The Guardian","floor":16,"turns":14},{"damage":77,"enemies":"3 Byrds","floor":18,"turns":6}],"seed_played":"7484045879491863207","potions_obtained":[{"floor":1,"key":"PowerPotion"},{"floor":11,"key":"Regen Potion"},{"floor":16,"key":"AttackPotion"}],"is_trial":false,"path_per_floor":["M","?","?","M","?","R","M","E","T","?","M","R","?","M","R","B",null],"character_chosen":"DEFECT","items_purchased":[],"campfire_rested":1,"item_purchase_floors":[],"current_hp_per_floor":[75,81,87,87,69,69,69,46,46,46,39,65,71,60,60,7,72,0],"gold":924,"neow_bonus":"THREE_ENEMY_KILL","is_prod":false,"is_daily":false,"chose_seed":false,"campfire_upgraded":1,"win_rate":0,"timestamp":1540247221,"path_taken":["M","?","?","M","?","R","?","E","T","?","?","R","?","M","R","BOSS","M"],"build_version":"2018-10-18","purchased_purges":0,"victory":false,"max_hp_per_floor":[75,81,87,87,87,87,87,87,87,87,87,87,93,93,93,93,93,93],"card_choices":[{"not_picked":["Static Discharge","Sweeping Beam"],"picked":"Coolheaded","floor":1},{"not_picked":["Stack","Go for the Eyes"],"picked":"Conserve Battery","floor":4},{"not_picked":["Rebound","Steam Power"],"picked":"Conserve Battery","floor":7},{"not_picked":["Conserve Battery","Coolheaded"],"picked":"Defragment","floor":8},{"not_picked":["Fusion","Sweeping Beam"],"picked":"Hologram","floor":11},{"not_picked":["Leap","Scrape"],"picked":"Rip and Tear","floor":14},{"not_picked":["Meteor Strike","Biased Cognition"],"picked":"Reboot","floor":16}],"player_experience":760688,"relics_obtained":[{"floor":8,"key":"Old Coin"},{"floor":9,"key":"Girya"}],"event_choices":[{"damage_healed":0,"gold_gain":0,"player_choice":"Box","damage_taken":0,"relics_obtained":["Darkstone Periapt"],"max_hp_gain":0,"max_hp_loss":0,"event_name":"Big Fish","floor":2,"gold_loss":0,"cards_obtained":["Regret"]},{"damage_healed":0,"gold_gain":0,"player_choice":"Take Wound","damage_taken":0,"relics_obtained":["Golden Idol"],"max_hp_gain":0,"max_hp_loss":0,"event_name":"Golden Idol","floor":3,"gold_loss":0,"cards_obtained":["Injury"]},{"damage_healed":0,"gold_gain":0,"player_choice":"Success","damage_taken":18,"relics_obtained":["Art of War"],"max_hp_gain":0,"max_hp_loss":0,"event_name":"Scrap Ooze","floor":5,"gold_loss":0},{"damage_healed":0,"gold_gain":0,"player_choice":"1 cards matched","damage_taken":0,"max_hp_gain":0,"max_hp_loss":0,"event_name":"Match and Keep!","floor":10,"gold_loss":0,"cards_obtained":["Reprogram"]},{"damage_healed":0,"gold_gain":275,"player_choice":"Desecrate","damage_taken":0,"max_hp_gain":0,"max_hp_loss":0,"event_name":"Golden Shrine","floor":13,"gold_loss":0,"cards_obtained":["Regret"]}],"is_beta":false,"boss_relics":[{"not_picked":["Astrolabe","Runic Dome"],"picked":"Eternal Feather"}],"items_purged_floors":[],"is_endless":false,"potions_floor_spawned":[1,11,16],"killed_by":"3 Byrds","ascension_level":5}