{"gold_per_floor":[116,14,14,29,44,72,72,107,107,107,107,107],"floor_reached":12,"playtime":1040,"items_purged":[],"score":120,"play_id":"b1729ef7-cfab-4e40-8dcd-720962f0ff68","local_time":"20190323201819","is_ascension_mode":true,"campfire_choices":[{"floor":7,"key":"REST"},{"floor":10,"key":"REST"}],"neow_cost":"NONE","seed_source_timestamp":679573696970386,"circlet_count":0,"master_deck":["Strike_R","Strike_R+1","Strike_R","Strike_R","Strike_R","Defend_R","Defend_R","Defend_R+1","Defend_R","Bash","True Grit","Inflame","Pommel Strike","Shrug It Off","Limit Break","Inflame"],"relics":["Burning Blood","NeowsBlessing","Mummified Hand","Peace Pipe","Mango"],"potions_floor_usage":[12],"damage_taken":[{"damage":0,"enemies":"Small Slimes","floor":1,"turns":1},{"damage":0,"enemies":"Cultist","floor":4,"turns":1},{"damage":0,"enemies":"Jaw Worm","floor":5,"turns":1},{"damage":60,"enemies":"3 Sentries","floor":6,"turns":16},{"damage":45,"enemies":"Lagavulin","floor":8,"turns":8},{"damage":35,"enemies":"3 Sentries","floor":12,"turns":4}],"seed_played":"2076681501383256957","potions_obtained":[{"floor":1,"key":"SteroidPotion"},{"floor":4,"key":"FearPotion"},{"floor":6,"key":"Ancient Potion"}],"is_trial":false,"path_per_floor":["?","M","?"],"character_chosen":"IRONCLAD","items_purchased":["Inflame","Pommel Strike"],"campfire_rested":2,"item_purchase_floors":[2,2],"current_hp_per_floor":[78,78,80,80,80,26,50,11,25,53,34,0],"gold":107,"neow_bonus":"THREE_ENEMY_KILL","is_prod":false,"is_daily":false,"chose_seed":false,"campfire_upgraded":0,"win_rate":0,"timestamp":1553386699,"path_taken":["M","$","?","M","?","E","R","E","T","R","?","E"],"build_version":"2019-01-23","purchased_purges":0,"victory":false,"max_hp_per_floor":[80,80,80,80,80,80,80,80,94,94,94,94],"card_choices":[{"not_picked":["Hemokinesis","Heavy Blade"],"picked":"True Grit","floor":1},{"not_picked":["Infernal Blade","Searing Blow","Wild Strike"],"picked":"SKIP","floor":4},{"not_picked":["Iron Wave","Heavy Blade"],"picked":"Shrug It Off","floor":5},{"not_picked":["Battle Trance","Perfected Strike"],"picked":"Limit Break","floor":6},{"not_picked":["Second Wind","Double Tap"],"picked":"Inflame","floor":8}],"player_experience":952045,"relics_obtained":[{"floor":6,"key":"Mummified Hand"},{"floor":8,"key":"Peace Pipe"},{"floor":9,"key":"Mango"}],"event_choices":[{"damage_healed":2,"gold_gain":0,"player_choice":"Full Heal","damage_taken":0,"max_hp_gain":0,"max_hp_loss":0,"event_name":"Wheel of Change","floor":3,"gold_loss":0},{"damage_healed":0,"gold_gain":0,"player_choice":"Entered Light","damage_taken":19,"max_hp_gain":0,"max_hp_loss":0,"event_name":"Shining Light","floor":11,"gold_loss":0,"cards_upgraded":["Defend_R","Strike_R"]}],"is_beta":false,"boss_relics":[],"items_purged_floors":[],"is_endless":false,"potions_floor_spawned":[1,4,6,8],"killed_by":"3 Sentries","ascension_level":8}