{"gold_per_floor":[110,129,129,79,98,113,147,222,248,248,261,180,180,49,49,150,150,162,162,179,139,159,159,179,179,179,212,137,21,33,33,33,33],"floor_reached":33,"playtime":1113,"items_purged":[],"score":331,"play_id":"7eb1e981-bc08-4a35-95fc-2e48bf7fdf69","local_time":"20181020203702","is_ascension_mode":true,"campfire_choices":[{"floor":10,"key":"REST"},{"data":"Darkness","floor":15,"key":"SMITH"},{"floor":23,"key":"REST"},{"floor":25,"key":"REST"},{"floor":32,"key":"REST"}],"neow_cost":"NONE","seed_source_timestamp":873990732340058,"circlet_count":0,"master_deck":["Defend_B","Defend_B+1","Defend_B","Defend_B","Zap+1","Dualcast","Rainbow+1","Gash","Go for the Eyes+1","Ball Lightning","Glacier","Ball Lightning","Darkness+1","Lockon","Leap","Electrodynamics+1","Conserve Battery","Go for the Eyes+1","Ball Lightning","Leap","Hologram","Self Repair+1","Darkness","Lockon"],"relics":["Cracked Core","Anchor","War Paint","Frozen Egg 2","Sozu","Enchiridion","WingedGreaves","Orichalcum"],"potions_floor_usage":[6,16,16,33],"damage_taken":[{"damage":1,"enemies":"2 Louse","floor":1,"turns":2},{"damage":0,"enemies":"Cultist","floor":2,"turns":3},{"damage":7,"enemies":"Small Slimes","floor":5,"turns":3},{"damage":7,"enemies":"3 Louse","floor":6,"turns":3},{"damage":6,"enemies":"3 Sentries","floor":7,"turns":8},{"damage":8,"enemies":"Lots of Slimes","floor":11,"turns":4},{"damage":17,"enemies":"Hexaghost","floor":16,"turns":7},{"damage":0,"enemies":"Shell Parasite","floor":18,"turns":4},{"damage":20,"enemies":"3 Byrds","floor":20,"turns":3},{"damage":18,"enemies":"Centurion and Healer","floor":22,"turns":5},{"damage":1,"enemies":"Snecko","floor":24,"turns":4},{"damage":16,"enemies":"Book of Stabbing","floor":27,"turns":4},{"damage":0,"enemies":"Chosen and Byrds","floor":30,"turns":4},{"damage":13,"enemies":"Colosseum Slavers","floor":31,"turns":3},{"damage":72,"enemies":"Collector","floor":33,"turns":6}],"seed_played":"9012548772390361569","potions_obtained":[{"floor":5,"key":"AttackPotion"},{"floor":6,"key":"Swift Potion"},{"floor":11,"key":"Dexterity Potion"},{"floor":16,"key":"Ancient Potion"}],"is_trial":false,"path_per_floor":["M","M","?","?","M","M","E","?","T","R","M","$","T","$","R","B",null,"M","?","M","?","M","R","M","R","T","E","?","$","M","?","R"],"character_chosen":"DEFECT","items_purchased":["Darkness","Lockon","Leap","Self Repair+1","Darkness"],"campfire_rested":4,"item_purchase_floors":[12,14,14,29,29],"current_hp_per_floor":[74,74,74,74,67,60,54,43,43,65,57,57,57,57,57,40,66,66,50,30,30,12,34,33,55,55,39,39,39,39,36,58,0],"gold":33,"neow_bonus":"TRANSFORM_CARD","is_prod":false,"is_daily":false,"chose_seed":false,"campfire_upgraded":1,"win_rate":0,"timestamp":1540089422,"path_taken":["M","M","?","?","M","M","E","?","T","R","M","$","?","?","R","BOSS","M","?","M","?","M","R","M","R","T","E","?","?","?","?","R","BOSS"],"build_version":"2018-10-18","purchased_purges":0,"victory":false,"max_hp_per_floor":[75,75,75,75,75,75,75,75,75,75,75,75,75,75,75,75,75,75,75,75,75,75,75,75,75,75,75,75,75,75,75,75,75],"card_choices":[{"not_picked":["Lockon","Turbo"],"picked":"Gash","floor":1},{"not_picked":["Double Energy","Fusion"],"picked":"Go for the Eyes","floor":2},{"not_picked":["Steam Power","Streamline"],"picked":"Ball Lightning","floor":5},{"not_picked":["Compile Driver","Sweeping Beam"],"picked":"Glacier","floor":6},{"not_picked":["Compile Driver","Sunder","Fission"],"picked":"SKIP","floor":7},{"not_picked":["Hologram","Conserve Battery"],"picked":"Ball Lightning","floor":11},{"not_picked":["Reboot","Rainbow"],"picked":"Electrodynamics+1","floor":16},{"not_picked":["Streamline","Cold Snap"],"picked":"Conserve Battery","floor":18},{"not_picked":["Beam Cell","Leap"],"picked":"Go for the Eyes+1","floor":20},{"not_picked":["Auto Shields","Go for the Eyes"],"picked":"Ball Lightning","floor":22},{"not_picked":["Compile Driver","Barrage"],"picked":"Leap","floor":24},{"not_picked":["Compile Driver","Beam Cell"],"picked":"Hologram","floor":27},{"not_picked":["Barrage","Genetic Algorithm"],"picked":"Lockon","floor":30}],"player_experience":744605,"relics_obtained":[{"floor":7,"key":"Anchor"},{"floor":9,"key":"War Paint"},{"floor":13,"key":"Frozen Egg 2"},{"floor":19,"key":"Enchiridion"},{"floor":26,"key":"WingedGreaves"},{"floor":27,"key":"Orichalcum"}],"event_choices":[{"cards_removed":["Strike_B"],"damage_healed":0,"gold_gain":0,"player_choice":"Purged","damage_taken":0,"max_hp_gain":0,"max_hp_loss":0,"event_name":"Purifier","floor":3,"gold_loss":0},{"cards_removed":["Strike_B"],"damage_healed":0,"gold_gain":0,"player_choice":"Card Removal","damage_taken":0,"max_hp_gain":0,"max_hp_loss":0,"event_name":"The Cleric","floor":4,"gold_loss":50},{"damage_healed":0,"gold_gain":75,"player_choice":"Gather Gold","damage_taken":11,"max_hp_gain":0,"max_hp_loss":0,"event_name":"World of Goop","floor":8,"gold_loss":0},{"damage_healed":0,"gold_gain":0,"player_choice":"Obtained Book","damage_taken":16,"max_hp_gain":0,"max_hp_loss":0,"event_name":"Cursed Tome","floor":19,"gold_loss":0},{"damage_healed":0,"gold_gain":0,"player_choice":"Upgraded Two","damage_taken":0,"max_hp_gain":0,"max_hp_loss":0,"event_name":"Designer","floor":21,"gold_loss":40,"cards_upgraded":["Go for the Eyes","Defend_B"]},{"cards_removed":["Strike_B"],"damage_healed":0,"gold_gain":0,"player_choice":"Gave Gold","damage_taken":0,"max_hp_gain":0,"max_hp_loss":0,"event_name":"Beggar","floor":28,"gold_loss":75},{"damage_healed":0,"gold_gain":0,"player_choice":"Fight","damage_taken":0,"max_hp_gain":0,"max_hp_loss":0,"event_name":"Colosseum","floor":31,"gold_loss":0},{"damage_healed":0,"gold_gain":0,"player_choice":"Fled From Nobs","damage_taken":0,"max_hp_gain":0,"max_hp_loss":0,"event_name":"Colosseum","floor":31,"gold_loss":0}],"is_beta":false,"boss_relics":[{"not_picked":["Pandora\u0027s Box","Orrery"],"picked":"Sozu"}],"items_purged_floors":[],"is_endless":false,"potions_floor_spawned":[5,6,11,16,18,24,30,31],"killed_by":"Collector","ascension_level":5}