{"gold_per_floor":[114,130,147,157,12,41,41,41,41,73,88,98,130,141,141,236,236,246,260,270,78,88,88,116,116,116,151,171,171,201,218,218,317,317,329,349,76,94,94,94,120,120,120,120,120,145,52,152,152,152],"floor_reached":51,"playtime":4840,"items_purged":[],"score":904,"play_id":"ce90accf-6eb2-47e7-af5a-54caa90c8e60","local_time":"20190409171145","is_ascension_mode":true,"campfire_choices":[{"floor":8,"key":"REST"},{"floor":15,"key":"REST"},{"data":"Warcry","floor":25,"key":"SMITH"},{"floor":29,"key":"DIG"},{"floor":32,"key":"DIG"},{"floor":40,"key":"DIG"},{"floor":45,"key":"DIG"},{"floor":49,"key":"REST"}],"neow_cost":"NONE","seed_source_timestamp":333693017500039,"circlet_count":0,"master_deck":["Strike_R","Strike_R","Defend_R+1","Defend_R","Defend_R","Defend_R+1","Bash","Perfected Strike","Headbutt","Pommel Strike","Flex","Dark Embrace","Immolate","Double Tap","Pummel","Inflame","Inflame","Perfected Strike","Impervious","Warcry+1","Pommel Strike+1","Corruption","Shame","Intimidate","Shrug It Off","Shockwave","Whirlwind+1","Shockwave","Fiend Fire","Double Tap+1","Perfected Strike+1","Flame Barrier+1","Feel No Pain","Madness","Madness","Transmutation","Good Instincts","Master of Strategy","Fiend Fire","Forethought+1"],"relics":["Burning Blood","NeowsBlessing","Question Card","Gremlin Horn","Self Forming Clay","Dead Branch","Snecko Eye","Brimstone","Magic Flower","Ice Cream","Shovel","Vajra","Bag of Marbles","Bottled Lightning","War Paint","Astrolabe","HandDrill","PreservedInsect","Pocketwatch","Toxic Egg 2","Darkstone Periapt","Charon\u0027s Ashes"],"potions_floor_usage":[13,13,16,20,27,30,30,33,41,46,50],"damage_taken":[{"damage":0,"enemies":"Cultist","floor":1,"turns":1},{"damage":0,"enemies":"Jaw Worm","floor":2,"turns":1},{"damage":0,"enemies":"2 Louse","floor":3,"turns":1},{"damage":0,"enemies":"Exordium Wildlife","floor":4,"turns":2},{"damage":38,"enemies":"Gremlin Nob","floor":6,"turns":5},{"damage":9,"enemies":"3 Sentries","floor":10,"turns":3},{"damage":5,"enemies":"Looter","floor":11,"turns":3},{"damage":7,"enemies":"Blue Slaver","floor":12,"turns":2},{"damage":21,"enemies":"Lagavulin","floor":13,"turns":5},{"damage":20,"enemies":"Exordium Thugs","floor":14,"turns":2},{"damage":36,"enemies":"The Guardian","floor":16,"turns":7},{"damage":10,"enemies":"Shell Parasite","floor":18,"turns":3},{"damage":5,"enemies":"Chosen","floor":19,"turns":3},{"damage":0,"enemies":"Sentry and Sphere","floor":20,"turns":3},{"damage":0,"enemies":"Snecko","floor":22,"turns":2},{"damage":0,"enemies":"Book of Stabbing","floor":24,"turns":2},{"damage":7,"enemies":"Slavers","floor":27,"turns":2},{"damage":0,"enemies":"Centurion and Healer","floor":28,"turns":1},{"damage":0,"enemies":"Book of Stabbing","floor":30,"turns":2},{"damage":27,"enemies":"Snake Plant","floor":31,"turns":3},{"damage":13,"enemies":"Collector","floor":33,"turns":5},{"damage":7,"enemies":"Orb Walker","floor":35,"turns":3},{"damage":6,"enemies":"3 Shapes","floor":36,"turns":1},{"damage":0,"enemies":"3 Darklings","floor":38,"turns":2},{"damage":0,"enemies":"Reptomancer","floor":41,"turns":2},{"damage":5,"enemies":"Giant Head","floor":46,"turns":4},{"damage":54,"enemies":"Mind Bloom Boss Battle","floor":48,"turns":4},{"damage":10,"enemies":"Time Eater","floor":50,"turns":3}],"seed_played":"518193407428043472","potions_obtained":[{"floor":4,"key":"Strength Potion"},{"floor":6,"key":"Weak Potion"},{"floor":10,"key":"Dexterity Potion"},{"floor":11,"key":"Block Potion"},{"floor":14,"key":"GamblersBrew"},{"floor":20,"key":"Strength Potion"},{"floor":22,"key":"Swift Potion"},{"floor":24,"key":"LiquidBronze"},{"floor":27,"key":"Energy Potion"},{"floor":28,"key":"AttackPotion"},{"floor":36,"key":"AttackPotion"},{"floor":38,"key":"Poison Potion"},{"floor":41,"key":"EssenceOfSteel"}],"is_trial":false,"path_per_floor":["M","M","M","M","$","E","$","R","T","E","M","M","E","M","R","B",null,"M","M","M","$","M","?","E","R","T","E","M","R","E","M","R","B",null,"M","M","$","M","?","R","E","?","T","$","R","E","$","?","R","B",null],"character_chosen":"IRONCLAD","items_purchased":["Dark Embrace","Brimstone","Feel No Pain","HandDrill","Forethought+1"],"campfire_rested":3,"item_purchase_floors":[5,21,37,37,47],"current_hp_per_floor":[80,80,80,80,80,48,48,72,72,69,70,69,54,40,64,34,80,76,77,80,80,80,80,80,80,80,80,80,80,80,62,62,58,80,80,80,80,80,70,70,79,69,69,69,69,73,73,28,52,51],"gold":152,"neow_bonus":"THREE_ENEMY_KILL","is_prod":false,"is_daily":false,"chose_seed":false,"campfire_upgraded":1,"win_rate":0,"timestamp":1554826305,"path_taken":["M","M","M","?","$","E","$","R","T","E","M","M","E","M","R","BOSS","M","M","M","$","M","?","E","R","T","E","M","R","E","M","R","BOSS","M","M","$","M","?","R","E","?","T","?","R","E","$","?","R","BOSS"],"build_version":"2019-01-23","purchased_purges":0,"victory":true,"max_hp_per_floor":[80,80,80,80,80,80,80,80,80,80,80,80,80,80,80,80,80,80,80,80,80,80,80,80,80,80,80,80,80,80,80,80,80,80,80,80,80,80,80,80,80,80,80,80,80,80,80,80,80,80],"card_choices":[{"not_picked":["Sword Boomerang","Clothesline"],"picked":"Perfected Strike","floor":1},{"not_picked":["Sever Soul","Searing Blow"],"picked":"Headbutt","floor":2},{"not_picked":["Clash","Reckless Charge"],"picked":"Pommel Strike","floor":3},{"not_picked":["Body Slam","Warcry"],"picked":"Flex","floor":4},{"not_picked":["Headbutt","True Grit"],"picked":"Immolate","floor":6},{"not_picked":["Warcry","Inflame","Battle Trance"],"picked":"Double Tap","floor":10},{"not_picked":["Cleave","Heavy Blade","Sentinel"],"picked":"Pummel","floor":11},{"not_picked":["True Grit","Wild Strike","Carnage"],"picked":"Inflame","floor":12},{"not_picked":["Dual Wield","Bloodletting","Headbutt"],"picked":"Inflame","floor":13},{"not_picked":["Inflame","Anger","Sword Boomerang"],"picked":"Perfected Strike","floor":14},{"not_picked":["Brutality","Double Tap","Immolate"],"picked":"Impervious","floor":16},{"not_picked":["Clash","Anger","Cleave"],"picked":"Warcry","floor":18},{"not_picked":["Warcry","Rupture","Thunderclap"],"picked":"Pommel Strike+1","floor":19},{"not_picked":["Pommel Strike","Headbutt","Cleave"],"picked":"Corruption","floor":20},{"not_picked":["Body Slam+1","Anger","Pommel Strike","Wild Strike"],"picked":"SKIP","floor":22},{"not_picked":["Entrench","Shrug It Off","Blood for Blood"],"picked":"Intimidate","floor":24},{"not_picked":["Cleave","Thunderclap","Uppercut"],"picked":"Shrug It Off","floor":27},{"not_picked":["Pommel Strike+1","Sentinel","Flex"],"picked":"Shockwave","floor":28},{"not_picked":["Brutality","Clothesline","Anger"],"picked":"Whirlwind+1","floor":30},{"not_picked":["Intimidate","Clash+1","Wild Strike"],"picked":"Shockwave","floor":31},{"not_picked":["Impervious","Reaper","Demon Form"],"picked":"Fiend Fire","floor":33},{"not_picked":["Clash","Warcry+1","Whirlwind","Hemokinesis"],"picked":"SKIP","floor":35},{"not_picked":["Body Slam+1","Flex","Blood for Blood","Iron Wave"],"picked":"SKIP","floor":36},{"not_picked":["Perfected Strike","Iron Wave","Shrug It Off+1","Inflame"],"picked":"SKIP","floor":38},{"not_picked":["Shockwave+1","Cleave","Sword Boomerang","Headbutt+1"],"picked":"SKIP","floor":41},{"not_picked":["Jack Of All Trades","Blind","Madness"],"picked":"Transmutation","floor":42},{"not_picked":["Swift Strike","Violence","Flash of Steel"],"picked":"Good Instincts","floor":42},{"not_picked":["Thinking Ahead","Good Instincts","Mind Blast"],"picked":"Master of Strategy","floor":42},{"not_picked":["Havoc+1","Ghostly Armor+1","Clothesline"],"picked":"Fiend Fire","floor":46}],"player_experience":373291,"relics_obtained":[{"floor":6,"key":"Question Card"},{"floor":9,"key":"Gremlin Horn"},{"floor":10,"key":"Self Forming Clay"},{"floor":13,"key":"Dead Branch"},{"floor":24,"key":"Ice Cream"},{"floor":26,"key":"Shovel"},{"floor":27,"key":"Vajra"},{"floor":29,"key":"Bag of Marbles"},{"floor":30,"key":"Bottled Lightning"},{"floor":32,"key":"War Paint"},{"floor":40,"key":"PreservedInsect"},{"floor":41,"key":"Pocketwatch"},{"floor":45,"key":"Toxic Egg 2"},{"floor":46,"key":"Darkstone Periapt"},{"floor":48,"key":"Charon\u0027s Ashes"}],"event_choices":[{"damage_healed":0,"gold_gain":0,"player_choice":"Stole Relic","damage_taken":0,"relics_obtained":["Magic Flower"],"max_hp_gain":0,"max_hp_loss":0,"event_name":"Addict","floor":23,"gold_loss":0,"cards_obtained":["Shame"]},{"damage_healed":0,"gold_gain":0,"player_choice":"Embrace Madness","damage_taken":10,"max_hp_gain":0,"max_hp_loss":0,"event_name":"Winding Halls","floor":39,"gold_loss":0,"cards_obtained":["Madness","Madness"]},{"damage_healed":0,"gold_gain":0,"player_choice":"Memory 3","damage_taken":10,"max_hp_gain":0,"max_hp_loss":0,"event_name":"SensoryStone","floor":42,"gold_loss":0},{"damage_healed":0,"gold_gain":0,"player_choice":"Fight","damage_taken":0,"max_hp_gain":0,"max_hp_loss":0,"event_name":"MindBloom","floor":48,"gold_loss":0}],"is_beta":false,"boss_relics":[{"not_picked":["Orrery","Calling Bell"],"picked":"Snecko Eye"},{"not_picked":["Black Blood","Lizard Tail"],"picked":"Astrolabe"}],"items_purged_floors":[],"is_endless":false,"potions_floor_spawned":[4,6,10,11,12,14,20,22,24,27,28,36,38,41],"ascension_level":1}