{"gold_per_floor":[114,125,139,139,64,64,96,96,96,108,138,169,181,209,221,233],"floor_reached":16,"playtime":667,"items_purged":["Defend_B"],"score":102,"play_id":"9e727f6e-a8c3-49e2-9910-ab7b27bb7ae0","local_time":"20190219101046","is_ascension_mode":false,"campfire_choices":[{"data":"Defend_B","floor":6,"key":"SMITH"},{"data":"Defend_B","floor":8,"key":"SMITH"},{"floor":15,"key":"REST"}],"neow_cost":"PERCENT_DAMAGE","seed_source_timestamp":467557952705323,"circlet_count":0,"master_deck":["Strike_B","Strike_B","Strike_B","Defend_B+1","Defend_B+1","Defend_B","Zap+1","Capacitor","Conserve Battery"],"relics":["Cracked Core","Kunai","MawBank","Strawberry"],"potions_floor_usage":[14,14,16],"damage_taken":[{"damage":0,"enemies":"Cultist","floor":1,"turns":4},{"damage":0,"enemies":"Small Slimes","floor":2,"turns":4},{"damage":1,"enemies":"Jaw Worm","floor":3,"turns":5},{"damage":29,"enemies":"Gremlin Nob","floor":7,"turns":5},{"damage":0,"enemies":"2 Fungi Beasts","floor":11,"turns":4},{"damage":0,"enemies":"Exordium Wildlife","floor":12,"turns":4},{"damage":0,"enemies":"Lots of Slimes","floor":14,"turns":3},{"damage":41,"enemies":"Hexaghost","floor":16,"turns":10}],"seed_played":"8909474715355290934","potions_obtained":[{"floor":7,"key":"SteroidPotion"},{"floor":11,"key":"AttackPotion"},{"floor":12,"key":"FearPotion"}],"is_trial":false,"path_per_floor":["?","$","M","?"],"character_chosen":"DEFECT","items_purchased":[],"campfire_rested":1,"item_purchase_floors":[],"current_hp_per_floor":[54,54,53,53,53,53,24,24,24,24,24,24,13,13,37,0],"gold":233,"neow_bonus":"REMOVE_TWO","is_prod":false,"is_daily":false,"chose_seed":false,"campfire_upgraded":2,"win_rate":0,"timestamp":1550589046,"path_taken":["M","M","M","?","$","R","E","R","T","?","M","?","?","M","R","BOSS"],"build_version":"2019-01-23","purchased_purges":1,"victory":false,"max_hp_per_floor":[75,75,75,75,75,75,75,75,75,75,75,75,82,82,82,82],"card_choices":[{"not_picked":["Barrage","Gash","Sunder"],"picked":"SKIP","floor":1},{"not_picked":["Steam Power","Defragment","Conserve Battery"],"picked":"SKIP","floor":2},{"not_picked":["Sweeping Beam","Turbo","Go for the Eyes"],"picked":"SKIP","floor":3},{"not_picked":["Stack","Barrage"],"picked":"Capacitor","floor":7},{"not_picked":["FTL","Rebound"],"picked":"Conserve Battery","floor":11},{"not_picked":["Beam Cell","Streamline","Tempest"],"picked":"SKIP","floor":12},{"not_picked":["Go for the Eyes","Steam Power","Gash"],"picked":"SKIP","floor":14}],"player_experience":541117,"relics_obtained":[{"floor":7,"key":"Kunai"},{"floor":9,"key":"MawBank"}],"event_choices":[{"damage_healed":0,"gold_gain":0,"player_choice":"Upgraded","damage_taken":0,"max_hp_gain":0,"max_hp_loss":0,"event_name":"Upgrade Shrine","floor":4,"gold_loss":0,"cards_upgraded":["Zap"]},{"damage_healed":0,"gold_gain":0,"player_choice":"Success","damage_taken":18,"relics_obtained":["Strawberry"],"max_hp_gain":0,"max_hp_loss":0,"event_name":"Scrap Ooze","floor":13,"gold_loss":0}],"is_beta":false,"boss_relics":[],"items_purged_floors":[5],"is_endless":false,"potions_floor_spawned":[7,11,12],"killed_by":"Hexaghost","ascension_level":0}