{"gold_per_floor":[113,125,125,140,153,180,158,169,193,209,234,234,266,278,278,374,374,389,389,404,419,419,419,448,448,448,448,67,86,101,101,101,101],"floor_reached":33,"playtime":2139,"items_purged":[],"score":455,"play_id":"180c1a49-90e4-45f3-b02c-3c47e95c0cc4","local_time":"20181030104953","is_ascension_mode":true,"campfire_choices":[{"floor":12,"key":"REST"},{"floor":15,"key":"REST"},{"floor":23,"key":"REST"},{"floor":25,"key":"REST"},{"data":"Armaments","floor":27,"key":"SMITH"},{"floor":32,"key":"REST"}],"neow_cost":"CURSE","seed_source_timestamp":1701758075233977,"circlet_count":0,"master_deck":["Strike_R","Strike_R","Strike_R","Strike_R","Strike_R","Defend_R","Defend_R","Defend_R","Defend_R","Bash","Injury","Disarm","Perfected Strike","Twin Strike","Warcry","Flex","Perfected Strike","Flex","Intimidate","Spot Weakness","Limit Break","Flex","Twin Strike","Wild Strike","Pommel Strike","Heavy Blade","Fire Breathing+1","Armaments+1","Pommel Strike+1","Shrug It Off","Perfected Strike","Limit Break","Exhume","Fire Breathing+1"],"relics":["Burning Blood","Torii","Omamori","Ancient Tea Set","Anchor","Letter Opener","Orrery","Mango","Meat on the Bone","Oddly Smooth Stone"],"potions_floor_usage":[11,13,13,16,21,24,29],"damage_taken":[{"damage":1,"enemies":"2 Louse","floor":1,"turns":3},{"damage":2,"enemies":"Small Slimes","floor":2,"turns":4},{"damage":3,"enemies":"Cultist","floor":4,"turns":5},{"damage":7,"enemies":"Gremlin Gang","floor":5,"turns":6},{"damage":28,"enemies":"Gremlin Nob","floor":6,"turns":4},{"damage":15,"enemies":"Red Slaver","floor":8,"turns":4},{"damage":3,"enemies":"3 Louse","floor":10,"turns":4},{"damage":26,"enemies":"Lagavulin","floor":11,"turns":5},{"damage":21,"enemies":"3 Sentries","floor":13,"turns":7},{"damage":7,"enemies":"Gremlin Gang","floor":14,"turns":6},{"damage":20,"enemies":"Hexaghost","floor":16,"turns":11},{"damage":0,"enemies":"Chosen","floor":18,"turns":4},{"damage":18,"enemies":"2 Thieves","floor":20,"turns":4},{"damage":57,"enemies":"Snecko","floor":21,"turns":5},{"damage":39,"enemies":"Slavers","floor":24,"turns":7},{"damage":3,"enemies":"Centurion and Healer","floor":29,"turns":4},{"damage":37,"enemies":"Chosen and Byrds","floor":30,"turns":7},{"damage":80,"enemies":"Automaton","floor":33,"turns":6}],"seed_played":"-7616789233814546131","potions_obtained":[{"floor":1,"key":"Swift Potion"},{"floor":8,"key":"Energy Potion"},{"floor":10,"key":"Explosive Potion"},{"floor":13,"key":"Block Potion"},{"floor":16,"key":"Swift Potion"},{"floor":21,"key":"Weak Potion"},{"floor":24,"key":"Weak Potion"},{"floor":30,"key":"Poison Potion"}],"is_trial":false,"path_per_floor":["M","M","?","M","M","E","$","M","T","M","E","R","E","M","R","B",null,"M","?","M","M","?","R","E","R","T","R","$","M","M","?","R"],"character_chosen":"IRONCLAD","items_purchased":["Flex","Shrug It Off","Oddly Smooth Stone","Perfected Strike","Limit Break"],"campfire_rested":5,"item_purchase_floors":[7,28,28,28,28],"current_hp_per_floor":[93,96,89,92,91,69,69,60,60,63,43,71,56,55,83,69,89,95,96,84,33,33,61,42,75,75,75,75,78,59,36,70,0],"gold":101,"neow_bonus":"TWENTY_PERCENT_HP_BONUS","is_prod":false,"is_daily":false,"chose_seed":false,"campfire_upgraded":1,"win_rate":0,"timestamp":1540918193,"path_taken":["M","M","?","?","?","E","?","M","T","M","E","R","E","M","R","BOSS","M","?","?","M","?","R","E","R","T","R","$","M","M","?","R","BOSS"],"build_version":"2018-10-25v2","purchased_purges":0,"victory":false,"max_hp_per_floor":[96,96,96,96,96,96,96,96,96,96,96,96,96,96,96,96,96,96,96,96,96,96,96,110,110,110,110,110,110,110,115,115,115],"card_choices":[{"not_picked":["Havoc","Heavy Blade"],"picked":"Disarm","floor":1},{"not_picked":["Fire Breathing","Havoc"],"picked":"Perfected Strike","floor":2},{"not_picked":["Armaments","Clash"],"picked":"Twin Strike","floor":4},{"not_picked":["Hemokinesis","Rampage","Immolate"],"picked":"SKIP","floor":5},{"not_picked":["Cleave","Carnage"],"picked":"Warcry","floor":6},{"not_picked":["Body Slam","Sever Soul"],"picked":"Perfected Strike","floor":8},{"not_picked":["Corruption","Dropkick","Warcry"],"picked":"SKIP","floor":10},{"not_picked":["Sentinel","Rage"],"picked":"Flex","floor":11},{"not_picked":["Sever Soul","Heavy Blade"],"picked":"Intimidate","floor":13},{"not_picked":["Searing Blow","Metallicize"],"picked":"Spot Weakness","floor":14},{"not_picked":["Reaper","Immolate"],"picked":"Limit Break","floor":16},{"not_picked":["Searing Blow","Headbutt"],"picked":"Flex","floor":17},{"not_picked":["Armaments","Cleave"],"picked":"Twin Strike","floor":17},{"not_picked":["Spot Weakness","Uppercut"],"picked":"Wild Strike","floor":17},{"not_picked":["Cleave","Thunderclap"],"picked":"Uppercut","floor":17},{"not_picked":["Cleave","True Grit"],"picked":"Pommel Strike","floor":17},{"not_picked":["Anger+1","Havoc+1"],"picked":"Heavy Blade","floor":18},{"not_picked":["Infernal Blade","Rampage"],"picked":"Fire Breathing+1","floor":20},{"not_picked":["Flex","Headbutt"],"picked":"Armaments","floor":21},{"not_picked":["Iron Wave","Hemokinesis"],"picked":"Pommel Strike+1","floor":24},{"not_picked":["Clash","Bloodletting"],"picked":"Exhume","floor":29},{"not_picked":["True Grit","Havoc"],"picked":"Fire Breathing+1","floor":30}],"player_experience":970781,"relics_obtained":[{"floor":6,"key":"Omamori"},{"floor":9,"key":"Ancient Tea Set"},{"floor":11,"key":"Anchor"},{"floor":13,"key":"Letter Opener"},{"floor":24,"key":"Mango"},{"floor":26,"key":"Meat on the Bone"}],"event_choices":[{"damage_healed":0,"gold_gain":0,"player_choice":"Success","damage_taken":7,"relics_obtained":["Torii"],"max_hp_gain":0,"max_hp_loss":0,"event_name":"Scrap Ooze","floor":3,"gold_loss":0},{"cards_removed":["Uppercut"],"damage_healed":1,"gold_gain":0,"player_choice":"Offered Uncommon","damage_taken":0,"max_hp_gain":0,"max_hp_loss":0,"event_name":"Bonfire Elementals","floor":19,"gold_loss":0},{"damage_healed":0,"gold_gain":0,"player_choice":"Ignored","damage_taken":0,"max_hp_gain":0,"max_hp_loss":0,"event_name":"Ghosts","floor":22,"gold_loss":0},{"damage_healed":0,"gold_gain":0,"player_choice":"Shed Blood","damage_taken":28,"max_hp_gain":5,"max_hp_loss":0,"event_name":"Forgotten Altar","floor":31,"gold_loss":0}],"is_beta":false,"boss_relics":[{"not_picked":["Pandora\u0027s Box","Runic Pyramid"],"picked":"Orrery"}],"items_purged_floors":[],"is_endless":false,"potions_floor_spawned":[1,8,10,13,16,21,24,30],"killed_by":"Automaton","ascension_level":8}