{"gold_per_floor":[112,2,14,14,28,62,62,88,88,100,112,112,129,142,142,214,214,227,127,144,66,66,66,101,116,173,184,203,221,221],"floor_reached":30,"playtime":1459,"items_purged":["Strike_G","Strike_G"],"score":477,"play_id":"5c62c2bd-c040-403c-b7a4-babdd219f4c6","local_time":"20190404105345","is_ascension_mode":true,"campfire_choices":[{"data":"Neutralize","floor":12,"key":"SMITH"},{"data":"Neutralize","floor":15,"key":"SMITH"},{"data":"Footwork","floor":23,"key":"SMITH"}],"neow_cost":"NONE","seed_source_timestamp":1682078297671091,"circlet_count":0,"master_deck":["AscendersBane","Defend_G","Defend_G","Defend_G","Defend_G","Defend_G","Strike_G","Strike_G","Strike_G","Survivor","Neutralize+1","Dodge and Roll","Predator","Dash","Poisoned Stab","Quick Slash","Neutralize+1","Adrenaline","Dodge and Roll","Dodge and Roll","PiercingWail","Malaise","Dodge and Roll","Dagger Spray","Footwork+1","Backflip","Escape Plan+1","Predator","Infinite Blades","Envenom","Endless Agony+1","Dodge and Roll","Dodge and Roll"],"relics":["Coffee Dripper","Orichalcum","Du-Vu Doll","Pen Nib","Mercury Hourglass","Black Star","Prayer Wheel","Ginger","Tiny Chest"],"potions_floor_usage":[16,16,28,28,30],"damage_taken":[{"damage":0,"enemies":"Cultist","floor":1,"turns":4},{"damage":2,"enemies":"Jaw Worm","floor":3,"turns":4},{"damage":5,"enemies":"2 Louse","floor":5,"turns":3},{"damage":12,"enemies":"Gremlin Nob","floor":6,"turns":5},{"damage":17,"enemies":"Lagavulin","floor":8,"turns":7},{"damage":0,"enemies":"2 Fungi Beasts","floor":10,"turns":3},{"damage":0,"enemies":"Lots of Slimes","floor":11,"turns":2},{"damage":0,"enemies":"Blue Slaver","floor":13,"turns":3},{"damage":0,"enemies":"Looter","floor":14,"turns":2},{"damage":15,"enemies":"Slime Boss","floor":16,"turns":5},{"damage":0,"enemies":"Chosen","floor":18,"turns":6},{"damage":0,"enemies":"Spheric Guardian","floor":20,"turns":3},{"damage":17,"enemies":"Slavers","floor":24,"turns":8},{"damage":3,"enemies":"Shelled Parasite and Fungi","floor":25,"turns":8},{"damage":17,"enemies":"Chosen and Byrds","floor":27,"turns":7},{"damage":7,"enemies":"Centurion and Healer","floor":28,"turns":5},{"damage":3,"enemies":"Cultist and Chosen","floor":29,"turns":8},{"damage":5,"enemies":"Snake Plant","floor":30,"turns":1}],"seed_played":"-9030357162035992624","potions_obtained":[{"floor":5,"key":"Strength Potion"},{"floor":6,"key":"Strength Potion"},{"floor":11,"key":"Dexterity Potion"},{"floor":16,"key":"SteroidPotion"},{"floor":24,"key":"EssenceOfSteel"},{"floor":25,"key":"Weak Potion"},{"floor":28,"key":"Energy Potion"}],"is_trial":false,"path_per_floor":["?","?","M","$","?"],"character_chosen":"THE_SILENT","items_purchased":["Predator","Footwork"],"campfire_rested":0,"item_purchase_floors":[2,21],"current_hp_per_floor":[59,59,57,50,45,33,33,16,16,16,16,16,16,16,16,1,50,50,50,50,50,50,50,33,30,30,13,6,3,0],"gold":221,"neow_bonus":"BOSS_RELIC","is_prod":false,"is_daily":false,"chose_seed":false,"campfire_upgraded":3,"win_rate":0,"timestamp":1554389625,"path_taken":["M","$","M","?","M","E","?","E","T","M","M","R","M","?","R","BOSS","M","$","M","?","?","R","E","M","T","M","M","M","M"],"build_version":"2019-01-23","purchased_purges":2,"victory":false,"max_hp_per_floor":[66,66,66,66,66,66,66,66,66,66,66,66,66,66,66,66,66,66,66,66,66,66,66,66,66,66,66,66,66,66],"card_choices":[{"not_picked":["Prepared","Flechettes"],"picked":"Dodge and Roll","floor":1},{"not_picked":["Bouncing Flask","Dagger Spray"],"picked":"Dash","floor":3},{"not_picked":["Leg Sweep","PiercingWail"],"picked":"Poisoned Stab","floor":5},{"not_picked":["Masterful Stab","Deflect"],"picked":"Quick Slash","floor":6},{"not_picked":["Cloak And Dagger","Bane","Sucker Punch"],"picked":"SKIP","floor":8},{"not_picked":["Flying Knee","Acrobatics"],"picked":"Adrenaline","floor":10},{"not_picked":["Deadly Poison","Blade Dance"],"picked":"Dodge and Roll","floor":11},{"not_picked":["Catalyst","Endless Agony"],"picked":"Dodge and Roll","floor":13},{"not_picked":["Prepared","Slice"],"picked":"PiercingWail","floor":14},{"not_picked":["Die Die Die","Adrenaline"],"picked":"Malaise","floor":16},{"not_picked":["Underhanded Strike+1","Tactician"],"picked":"Dodge and Roll","floor":18},{"not_picked":["Blade Dance","Leg Sweep"],"picked":"Dagger Spray","floor":20},{"not_picked":["Poisoned Stab","Quick Slash"],"picked":"Escape Plan+1","floor":24},{"not_picked":["Endless Agony","Underhanded Strike"],"picked":"Predator","floor":25},{"not_picked":["Dagger Throw+1","Prepared","Cloak And Dagger"],"picked":"SKIP","floor":25},{"not_picked":["Endless Agony","Flying Knee"],"picked":"Infinite Blades","floor":27},{"not_picked":["Deflect","Finisher"],"picked":"Envenom","floor":27},{"not_picked":["Outmaneuver","Finisher"],"picked":"Endless Agony+1","floor":28},{"not_picked":["Poisoned Stab+1","Slice","Tactician"],"picked":"SKIP","floor":28},{"not_picked":["Backstab","Acrobatics"],"picked":"Dodge and Roll","floor":29},{"not_picked":["Flying Knee","Deadly Poison"],"picked":"Dodge and Roll","floor":29}],"player_experience":1467182,"relics_obtained":[{"floor":6,"key":"Du-Vu Doll"},{"floor":8,"key":"Pen Nib"},{"floor":9,"key":"Mercury Hourglass"},{"floor":24,"key":"Prayer Wheel"},{"floor":24,"key":"Ginger"},{"floor":26,"key":"Tiny Chest"}],"event_choices":[{"damage_healed":0,"gold_gain":0,"player_choice":"Success","damage_taken":7,"relics_obtained":["Orichalcum"],"max_hp_gain":0,"max_hp_loss":0,"event_name":"Scrap Ooze","floor":4,"gold_loss":0},{"damage_healed":0,"gold_gain":0,"player_choice":"1 cards matched","damage_taken":0,"max_hp_gain":0,"max_hp_loss":0,"event_name":"Match and Keep!","floor":7,"gold_loss":0,"cards_obtained":["Neutralize"]},{"damage_healed":0,"gold_gain":0,"player_choice":"Read","damage_taken":0,"max_hp_gain":0,"max_hp_loss":0,"event_name":"The Library","floor":22,"gold_loss":0,"cards_obtained":["Backflip"]}],"is_beta":false,"boss_relics":[{"not_picked":["Philosopher\u0027s Stone","WristBlade"],"picked":"Black Star"}],"items_purged_floors":[2,19],"is_endless":false,"potions_floor_spawned":[5,6,11,13,16,24,25,28],"killed_by":"Snake Plant","ascension_level":14}