{"gold_per_floor":[119,133,150,150,150,175,192,192,192,192,142,142,195,223,223,321,321,334,334,23,37,37,67,17,17],"floor_reached":25,"playtime":1099,"items_purged":[],"score":238,"play_id":"51d83d76-f69a-4841-b8e1-e41013c2dda2","local_time":"20180818164739","is_ascension_mode":true,"campfire_choices":[{"floor":8,"key":"REST"},{"data":"Zap","floor":12,"key":"SMITH"},{"data":"Dualcast","floor":15,"key":"SMITH"}],"neow_cost":"NONE","seed_source_timestamp":141544070161144,"circlet_count":0,"master_deck":["Strike_B+1","Strike_B+1","Defend_B+1","Defend_B+1","Zap+1","Dualcast+1","Steam","Ball Lightning","Static Discharge+1","Tempest","Conserve Battery+1","Force Field","Leap+1","Electrodynamics","Fission+1","Static Discharge+1","Amplify+1","Redo","Loop","Ball Lightning","Turbo","Leap+1","Defragment","Beam Cell"],"relics":["Cracked Core","Singing Bowl","Darkstone Periapt","Whetstone","Bag of Marbles","Astrolabe","Cables","War Paint","The Courier","Happy Flower"],"potions_floor_usage":[14,23],"damage_taken":[{"damage":0,"enemies":"Small Slimes","floor":1,"turns":3},{"damage":1,"enemies":"2 Louse","floor":2,"turns":2},{"damage":0,"enemies":"Cultist","floor":3,"turns":3},{"damage":16,"enemies":"Gremlin Nob","floor":6,"turns":4},{"damage":10,"enemies":"Large Slime","floor":7,"turns":4},{"damage":7,"enemies":"3 Sentries","floor":14,"turns":4},{"damage":22,"enemies":"Slime Boss","floor":16,"turns":8},{"damage":14,"enemies":"Chosen","floor":18,"turns":4},{"damage":6,"enemies":"Shell Parasite","floor":21,"turns":4},{"damage":12,"enemies":"Gremlin Leader","floor":23,"turns":5},{"damage":52,"enemies":"Slavers","floor":25,"turns":3}],"seed_played":"8918136812107265492","potions_obtained":[{"floor":1,"key":"PowerPotion"},{"floor":6,"key":"Fire Potion"}],"is_trial":false,"path_per_floor":["M","M","M","?","?","E","M","R","T","?","?","R","T","E","R","B",null,"M","T","$","M","?","E","?"],"character_chosen":"DEFECT","items_purchased":["Loop","Ball Lightning","Turbo","War Paint"],"campfire_rested":1,"item_purchase_floors":[20,20,20,20],"current_hp_per_floor":[82,81,81,65,65,49,39,63,63,63,63,63,63,56,56,34,82,68,68,68,62,62,50,50,0],"gold":17,"neow_bonus":"TEN_PERCENT_HP_BONUS","is_prod":false,"is_daily":false,"chose_seed":false,"campfire_upgraded":2,"win_rate":0,"timestamp":1534632459,"path_taken":["M","M","M","?","?","E","M","R","T","?","?","R","?","E","R","BOSS","M","?","$","M","?","E","?","E"],"build_version":"2018-08-16","purchased_purges":0,"victory":false,"max_hp_per_floor":[82,82,82,82,82,82,82,82,82,82,82,82,82,82,82,82,82,82,82,82,82,82,82,82,82],"card_choices":[{"not_picked":["Recycle","Compile Driver"],"picked":"Steam","floor":1},{"not_picked":["Recycle","Stack"],"picked":"Ball Lightning","floor":2},{"not_picked":["Beam Cell","Turbo"],"picked":"Static Discharge","floor":3},{"not_picked":["Amplify","Sunder"],"picked":"Tempest","floor":6},{"not_picked":["Stack","Turbo"],"picked":"Conserve Battery","floor":7},{"not_picked":["Gash","Barrage"],"picked":"Leap","floor":14},{"not_picked":["Seek","Biased Cognition"],"picked":"Electrodynamics","floor":16},{"not_picked":["Beam Cell","Go for the Eyes"],"picked":"Redo","floor":18},{"not_picked":["Doom and Gloom","Beam Cell"],"picked":"Leap+1","floor":21},{"not_picked":["Hologram","Barrage"],"picked":"Beam Cell","floor":23}],"player_experience":250035,"relics_obtained":[{"floor":6,"key":"Singing Bowl"},{"floor":9,"key":"Darkstone Periapt"},{"floor":13,"key":"Whetstone"},{"floor":14,"key":"Bag of Marbles"},{"floor":19,"key":"Cables"},{"floor":23,"key":"The Courier"}],"event_choices":[{"event_name":"Shining Light","player_choice":"Entered Light","floor":4,"damage_taken":0},{"event_name":"Living Wall","player_choice":"Grow","floor":5,"damage_taken":0},{"event_name":"Match and Keep!","player_choice":"1 cards matched","floor":10,"damage_taken":0},{"event_name":"The Cleric","player_choice":"Card Removal","floor":11,"damage_taken":0},{"event_name":"The Library","player_choice":"Read","floor":22,"damage_taken":0},{"event_name":"WeMeetAgain","player_choice":"Gold","floor":24,"damage_taken":0}],"is_beta":false,"boss_relics":[{"not_picked":["FrozenCore","Pandora\u0027s Box"],"picked":"Astrolabe"}],"items_purged_floors":[],"is_endless":false,"potions_floor_spawned":[1,6],"killed_by":"Slavers","ascension_level":1}