{"gold_per_floor":[113,113,113,24,40,83,83,117,117,117,155,155,180,198,198,322,322,343,343,268,283,283,283],"floor_reached":23,"playtime":988,"items_purged":[],"score":248,"play_id":"2757d62d-ae11-4122-93f1-e3525d0f4349","local_time":"20180913153512","is_ascension_mode":true,"campfire_choices":[{"floor":7,"key":"REST"},{"floor":10,"key":"REST"},{"floor":12,"key":"REST"},{"floor":15,"key":"REST"}],"neow_cost":"NONE","seed_source_timestamp":677679916772183,"circlet_count":0,"master_deck":["Bash","Demon Form","Thunderclap","Burning Pact","Intimidate","Shrug It Off","Flex","Anger","Ghostly Armor","Iron Wave","Bludgeon","Armaments","Bludgeon","Havoc","Perfected Strike","Thunderclap","Clothesline","Entrench","Warcry","Twin Strike","Iron Wave","Anger+1"],"relics":["Burning Blood","Golden Idol","Meat on the Bone","Mummified Hand","Frozen Egg 2","Self Forming Clay","Pandora\u0027s Box"],"potions_floor_usage":[11,18,23],"damage_taken":[{"damage":14,"enemies":"2 Louse","floor":1,"turns":3},{"damage":8,"enemies":"Small Slimes","floor":5,"turns":5},{"damage":41,"enemies":"3 Sentries","floor":6,"turns":7},{"damage":43,"enemies":"Gremlin Nob","floor":8,"turns":5},{"damage":47,"enemies":"Lagavulin","floor":11,"turns":8},{"damage":0,"enemies":"Cultist","floor":13,"turns":4},{"damage":21,"enemies":"Exordium Wildlife","floor":14,"turns":6},{"damage":34,"enemies":"Slime Boss","floor":16,"turns":12},{"damage":37,"enemies":"3 Byrds","floor":18,"turns":7},{"damage":23,"enemies":"Shell Parasite","floor":21,"turns":6},{"damage":47,"enemies":"Book of Stabbing","floor":23,"turns":5}],"seed_played":"9056171814021668153","potions_obtained":[{"floor":8,"key":"BloodPotion"},{"floor":13,"key":"Swift Potion"},{"floor":18,"key":"Dexterity Potion"}],"is_trial":false,"path_per_floor":["M","?","?","$","M","E","R","E","T","R","E","R","M","M","R","B",null,"M","?","?","M","?"],"character_chosen":"IRONCLAD","items_purchased":["Intimidate","Shrug It Off"],"campfire_rested":4,"item_purchase_floors":[4,4],"current_hp_per_floor":[72,72,72,72,70,35,59,34,34,58,37,61,67,52,76,48,80,49,49,49,44,44,0],"gold":283,"neow_bonus":"ONE_RANDOM_RARE_CARD","is_prod":false,"is_daily":false,"chose_seed":false,"campfire_upgraded":0,"win_rate":0,"timestamp":1536874512,"path_taken":["M","?","?","?","M","E","R","E","T","R","E","R","M","?","R","BOSS","M","?","?","M","?","E"],"build_version":"2018-09-06","purchased_purges":0,"victory":false,"max_hp_per_floor":[80,80,80,80,80,80,80,80,80,80,80,80,80,80,80,80,80,80,80,80,80,80,80],"card_choices":[{"not_picked":["Headbutt","Pommel Strike"],"picked":"Thunderclap","floor":1},{"not_picked":["Sentinel","Heavy Blade"],"picked":"Flex","floor":5},{"not_picked":["Warcry","Shockwave"],"picked":"Anger","floor":6},{"not_picked":["Burning Pact","Intimidate"],"picked":"Ghostly Armor","floor":8},{"not_picked":["Warcry","Shockwave"],"picked":"Iron Wave","floor":11},{"not_picked":["Entrench","Second Wind"],"picked":"Bludgeon","floor":13},{"not_picked":["Disarm","Heavy Blade"],"picked":"Armaments","floor":14},{"not_picked":["Immolate","Demon Form+1"],"picked":"Bludgeon","floor":16},{"not_picked":["Pommel Strike+1","True Grit"],"picked":"Iron Wave","floor":18},{"not_picked":["True Grit","Warcry+1"],"picked":"Anger+1","floor":21}],"player_experience":517156,"relics_obtained":[{"floor":6,"key":"Meat on the Bone"},{"floor":8,"key":"Mummified Hand"},{"floor":9,"key":"Frozen Egg 2"},{"floor":11,"key":"Self Forming Clay"}],"event_choices":[{"event_name":"Golden Idol","player_choice":"Take Wound","floor":2,"damage_taken":0},{"event_name":"Transmorgrifier","player_choice":"Transform","floor":3,"damage_taken":0},{"event_name":"Transmorgrifier","player_choice":"Transform","floor":19,"damage_taken":0},{"event_name":"Beggar","player_choice":"Gave Gold","floor":20,"damage_taken":0},{"event_name":"Purifier","player_choice":"One Purge","floor":22,"damage_taken":0}],"is_beta":false,"boss_relics":[{"not_picked":["Ectoplasm","Fusion Hammer"],"picked":"Pandora\u0027s Box"}],"items_purged_floors":[],"is_endless":false,"potions_floor_spawned":[8,13,18],"killed_by":"Book of Stabbing","ascension_level":4}