{"gold_per_floor":[114,114,134,134,151,179,179,211,211,211,9,22,37,51,51,146,146,165,175,175,2,2,2,34,34,102,130,147,147,44,55,55,152,152,165,183,26,38,38,88,98,98,98,98,98,98,14,44,56,68],"floor_reached":51,"playtime":2818,"items_purged":["Defend_R","Strike_R","Pain"],"score":798,"play_id":"a60fca5b-d87c-4981-8310-6c8c33b6e6b6","local_time":"20190410101139","is_ascension_mode":false,"campfire_choices":[{"data":"Rage","floor":7,"key":"SMITH"},{"data":"Feed","floor":10,"key":"SMITH"},{"data":"Shockwave","floor":15,"key":"SMITH"},{"data":"Corruption","floor":23,"key":"SMITH"},{"data":"Carnage","floor":25,"key":"SMITH"},{"data":"Armaments","floor":29,"key":"SMITH"},{"data":"Immolate","floor":32,"key":"SMITH"},{"floor":42,"key":"REST"},{"data":"Limit Break","floor":46,"key":"SMITH"},{"data":"Demon Form","floor":49,"key":"SMITH"}],"neow_cost":"NONE","seed_source_timestamp":416160103097400,"circlet_count":0,"master_deck":["Strike_R","Strike_R","Strike_R","Strike_R","Defend_R","Defend_R","Defend_R","Bash+1","Pommel Strike","Flame Barrier","Reaper","Rage+1","Feed+1","Dark Shackles","Shockwave+1","Inflame","Exhume","Armaments+1","Headbutt","Battle Trance","Corruption+1","Shrug It Off","Uppercut","Battle Trance","Immolate+1","Armaments","Limit Break+1","Decay","Heavy Blade+1","Demon Form+1","Impervious","Carnage+1","True Grit+1","Parasite","Shockwave","Injury","Blind","Battle Trance"],"relics":["Burning Blood","Bronze Scales","StoneCalendar","The Courier","Membership Card","Cursed Key","PreservedInsect","Omamori","Question Card","Letter Opener","Potion Belt","Calling Bell","Pen Nib","Self Forming Clay","Torii","Ice Cream","Sundial","MawBank"],"potions_floor_usage":[8,16,18,27,36,40],"damage_taken":[{"damage":1,"enemies":"Jaw Worm","floor":1,"turns":3},{"damage":1,"enemies":"Cultist","floor":3,"turns":4},{"damage":0,"enemies":"Small Slimes","floor":5,"turns":4},{"damage":40,"enemies":"Lagavulin","floor":6,"turns":7},{"damage":15,"enemies":"3 Sentries","floor":8,"turns":9},{"damage":13,"enemies":"Exordium Thugs","floor":12,"turns":5},{"damage":0,"enemies":"2 Fungi Beasts","floor":13,"turns":3},{"damage":2,"enemies":"Blue Slaver","floor":14,"turns":4},{"damage":16,"enemies":"The Guardian","floor":16,"turns":9},{"damage":15,"enemies":"Spheric Guardian","floor":18,"turns":5},{"damage":13,"enemies":"Shell Parasite","floor":19,"turns":5},{"damage":15,"enemies":"Book of Stabbing","floor":24,"turns":4},{"damage":10,"enemies":"Gremlin Leader","floor":27,"turns":4},{"damage":7,"enemies":"Cultist and Chosen","floor":28,"turns":5},{"damage":7,"enemies":"Centurion and Healer","floor":31,"turns":5},{"damage":55,"enemies":"Automaton","floor":33,"turns":9},{"damage":9,"enemies":"Orb Walker","floor":35,"turns":3},{"damage":20,"enemies":"3 Darklings","floor":36,"turns":4},{"damage":28,"enemies":"Sphere and 2 Shapes","floor":38,"turns":5},{"damage":37,"enemies":"2 Orb Walkers","floor":40,"turns":5},{"damage":3,"enemies":"Writhing Mass","floor":41,"turns":5},{"damage":22,"enemies":"Giant Head","floor":48,"turns":6},{"damage":13,"enemies":"Awakened One","floor":50,"turns":10}],"seed_played":"-4564772912045559991","potions_obtained":[{"floor":1,"key":"Block Potion"},{"floor":6,"key":"Ancient Potion"},{"floor":8,"key":"PowerPotion"},{"floor":12,"key":"Fire Potion"},{"floor":13,"key":"Explosive Potion"},{"floor":19,"key":"Explosive Potion"},{"floor":31,"key":"EssenceOfSteel"},{"floor":33,"key":"Weak Potion"},{"floor":35,"key":"FearPotion"},{"floor":48,"key":"Explosive Potion"}],"is_trial":false,"path_per_floor":["M","?","M","?","M","E","R","E","T","R","$","M","M","M","R","B",null,"M","M","?","$","?","R","E","R","T","E","M","R","$","M","R","B",null,"M","M","$","M","?","?","M","R","T","?","?","R","$","E","R","B",null],"character_chosen":"IRONCLAD","items_purchased":["Membership Card","Dark Shackles","PreservedInsect","Omamori","Corruption","Uppercut","Battle Trance","Immolate","Demon Form","Impervious","SpeedPotion","FearPotion"],"campfire_rested":1,"item_purchase_floors":[11,11,21,21,21,30,30,30,37,37,37,47],"current_hp_per_floor":[80,80,80,80,80,46,46,49,49,49,49,46,66,74,74,64,88,79,81,81,81,81,81,78,78,78,78,77,77,77,100,100,51,100,97,87,87,69,69,42,45,78,78,78,112,112,112,108,108,120],"gold":80,"neow_bonus":"UPGRADE_CARD","is_prod":false,"is_daily":false,"chose_seed":false,"campfire_upgraded":9,"win_rate":1,"timestamp":1554916299,"path_taken":["M","?","M","?","M","E","R","E","T","R","$","?","M","M","R","BOSS","M","M","?","$","?","R","E","R","T","E","M","R","$","?","R","BOSS","M","M","$","M","?","?","M","R","T","?","?","R","$","E","R","BOSS"],"build_version":"2019-01-23","purchased_purges":3,"victory":true,"max_hp_per_floor":[80,80,80,80,80,80,80,80,80,80,80,80,84,88,88,88,88,88,88,88,88,88,88,88,88,88,92,92,92,92,100,100,100,100,100,104,104,108,108,112,112,112,112,112,112,112,112,116,116,120],"card_choices":[{"not_picked":["Clash","Twin Strike"],"picked":"Pommel Strike","floor":1},{"not_picked":["Heavy Blade","True Grit"],"picked":"Flame Barrier","floor":3},{"not_picked":["Infernal Blade","Blood for Blood"],"picked":"Reaper","floor":5},{"not_picked":["Thunderclap","Warcry"],"picked":"Rage","floor":6},{"not_picked":["Seeing Red","Shockwave"],"picked":"Feed","floor":8},{"not_picked":["Sword Boomerang","Battle Trance"],"picked":"Shockwave","floor":12},{"not_picked":["Entrench","Anger"],"picked":"Inflame","floor":13},{"not_picked":["Burning Pact","Body Slam","Wild Strike"],"picked":"SKIP","floor":14},{"not_picked":["Impervious","Offering"],"picked":"Exhume","floor":16},{"not_picked":["Clothesline","Rampage"],"picked":"Armaments","floor":18},{"not_picked":["Perfected Strike","Sword Boomerang"],"picked":"Headbutt","floor":19},{"not_picked":["Seeing Red","Body Slam"],"picked":"Carnage","floor":24},{"not_picked":["Brutality","Twin Strike","Reaper"],"picked":"Inflame","floor":27},{"not_picked":["Ghostly Armor","Havoc","Wild Strike"],"picked":"Shrug It Off","floor":28},{"not_picked":["True Grit","Thunderclap","Clothesline"],"picked":"Armaments","floor":31},{"not_picked":["Brutality","Double Tap","Demon Form"],"picked":"Limit Break","floor":33},{"not_picked":["Dual Wield+1","Clash+1","Armaments","Iron Wave"],"picked":"SKIP","floor":35},{"not_picked":["Clash+1","Inflame+1","Clothesline"],"picked":"Heavy Blade+1","floor":36},{"not_picked":["Perfected Strike+1","Dropkick+1","Wild Strike"],"picked":"Carnage+1","floor":38},{"not_picked":["Metallicize","Intimidate+1","Burning Pact"],"picked":"True Grit+1","floor":40},{"not_picked":["Clash+1","Anger","Dual Wield+1"],"picked":"Shockwave","floor":41},{"not_picked":["Dramatic Entrance","Madness","Metamorphosis"],"picked":"Blind","floor":44},{"not_picked":["Metallicize","Searing Blow+1","Cleave"],"picked":"Battle Trance","floor":48}],"player_experience":263215,"relics_obtained":[{"floor":6,"key":"Bronze Scales"},{"floor":8,"key":"StoneCalendar"},{"floor":9,"key":"The Courier"},{"floor":24,"key":"Question Card"},{"floor":26,"key":"Letter Opener"},{"floor":27,"key":"Potion Belt"},{"floor":34,"key":"Pen Nib"},{"floor":34,"key":"Self Forming Clay"},{"floor":34,"key":"Torii"},{"floor":40,"key":"Ice Cream"},{"floor":43,"key":"Sundial"},{"floor":48,"key":"MawBank"}],"event_choices":[{"damage_healed":0,"gold_gain":0,"player_choice":"Ignored","damage_taken":0,"max_hp_gain":0,"max_hp_loss":0,"event_name":"Liars Game","floor":2,"gold_loss":0},{"damage_healed":0,"gold_gain":0,"player_choice":"Ignored","damage_taken":0,"max_hp_gain":0,"max_hp_loss":0,"event_name":"NoteForYourself","floor":4,"gold_loss":0},{"damage_healed":0,"gold_gain":0,"player_choice":"Read","damage_taken":0,"max_hp_gain":0,"max_hp_loss":0,"event_name":"The Library","floor":20,"gold_loss":0,"cards_obtained":["Battle Trance"]},{"damage_healed":0,"gold_gain":0,"player_choice":"0 cards matched","damage_taken":0,"max_hp_gain":0,"max_hp_loss":0,"event_name":"Match and Keep!","floor":22,"gold_loss":0,"cards_obtained":[]},{"cards_removed":["Carnage"],"damage_healed":0,"gold_gain":0,"player_choice":"Removed Attack","damage_taken":0,"max_hp_gain":0,"max_hp_loss":0,"event_name":"Falling","floor":39,"gold_loss":0},{"damage_healed":0,"gold_gain":0,"player_choice":"Fight","damage_taken":0,"max_hp_gain":0,"max_hp_loss":0,"event_name":"Mysterious Sphere","floor":40,"gold_loss":0},{"damage_healed":0,"gold_gain":0,"player_choice":"Memory 1","damage_taken":0,"max_hp_gain":0,"max_hp_loss":0,"event_name":"SensoryStone","floor":44,"gold_loss":0},{"cards_removed":["Inflame"],"damage_healed":34,"gold_gain":0,"player_choice":"Offered Uncommon","damage_taken":0,"max_hp_gain":0,"max_hp_loss":0,"event_name":"Bonfire Elementals","floor":45,"gold_loss":0}],"is_beta":false,"boss_relics":[{"not_picked":["Pandora\u0027s Box","Empty Cage"],"picked":"Cursed Key"},{"not_picked":["Orrery","Runic Pyramid"],"picked":"Calling Bell"}],"items_purged_floors":[21,37,47],"is_endless":false,"potions_floor_spawned":[1,6,8,12,13,19,31,33,35,48],"ascension_level":0}