{"gold_per_floor":[118,133,144,160,43,73,73,85,85,99,115,115,85,115,115,215,215,125,145,158,158,158,187,187,187],"floor_reached":25,"playtime":2215,"items_purged":[],"score":400,"play_id":"00469e02-8c26-48c0-a7e4-dd17ca91455a","local_time":"20190331113615","is_ascension_mode":true,"campfire_choices":[{"data":"Defragment","floor":7,"key":"SMITH"},{"data":"Consume","floor":12,"key":"SMITH"},{"data":"Capacitor","floor":15,"key":"SMITH"},{"data":"Defragment","floor":24,"key":"SMITH"}],"neow_cost":"NONE","seed_source_timestamp":1338267163139310,"circlet_count":0,"master_deck":["AscendersBane","Strike_B","Strike_B","Strike_B","Strike_B","Defend_B","Defend_B","Defend_B","Defend_B","Zap","Dualcast+1","Leap","Leap","Self Repair","Steam","Capacitor+1","Chill+1","Defragment+1","Consume+1","Cold Snap","Stack","Conserve Battery","Go for the Eyes","Echo Form","Cold Snap+1","Redo+1","Sunder","Defragment+1"],"relics":["Cracked Core","Dream Catcher","Anchor","War Paint","Inserter","Nilry\u0027s Codex","Pantograph"],"potions_floor_usage":[8,23],"damage_taken":[{"damage":10,"enemies":"Small Slimes","floor":1,"turns":3},{"damage":0,"enemies":"Jaw Worm","floor":2,"turns":5},{"damage":4,"enemies":"2 Louse","floor":3,"turns":4},{"damage":20,"enemies":"Exordium Thugs","floor":4,"turns":6},{"damage":19,"enemies":"3 Sentries","floor":6,"turns":12},{"damage":11,"enemies":"Large Slime","floor":8,"turns":6},{"damage":2,"enemies":"Blue Slaver","floor":10,"turns":5},{"damage":0,"enemies":"2 Fungi Beasts","floor":11,"turns":5},{"damage":0,"enemies":"Looter","floor":13,"turns":4},{"damage":0,"enemies":"Lagavulin","floor":14,"turns":9},{"damage":8,"enemies":"Hexaghost","floor":16,"turns":11},{"damage":10,"enemies":"2 Thieves","floor":18,"turns":5},{"damage":5,"enemies":"Spheric Guardian","floor":19,"turns":7},{"damage":16,"enemies":"Snake Plant","floor":20,"turns":10},{"damage":48,"enemies":"Gremlin Leader","floor":23,"turns":19},{"damage":36,"enemies":"Slavers","floor":25,"turns":5}],"seed_played":"-5411417470558606389","potions_obtained":[{"floor":3,"key":"Ancient Potion"},{"floor":4,"key":"EssenceOfSteel"},{"floor":8,"key":"Energy Potion"},{"floor":11,"key":"LiquidBronze"}],"is_trial":false,"path_per_floor":["?","?"],"character_chosen":"DEFECT","items_purchased":["Capacitor","Chill"],"campfire_rested":0,"item_purchase_floors":[5,5],"current_hp_per_floor":[65,65,61,48,48,36,36,32,32,30,37,37,44,51,51,50,74,71,80,78,62,62,28,28,0],"gold":187,"neow_bonus":"TEN_PERCENT_HP_BONUS","is_prod":false,"is_daily":false,"chose_seed":false,"campfire_upgraded":4,"win_rate":0,"timestamp":1554046575,"path_taken":["M","M","M","M","$","E","R","M","T","M","M","R","M","E","R","BOSS","M","M","M","?","?","E","R","E"],"build_version":"2019-01-23","purchased_purges":0,"victory":false,"max_hp_per_floor":[82,82,82,82,82,82,82,82,82,82,82,82,82,82,82,82,82,82,82,82,82,82,82,82,82],"card_choices":[{"not_picked":["Blizzard","Reprogram"],"picked":"Leap","floor":1},{"not_picked":["Barrage","Streamline"],"picked":"Leap","floor":2},{"not_picked":["Sweeping Beam","Barrage"],"picked":"Self Repair","floor":3},{"not_picked":["Double Energy","Conserve Battery"],"picked":"Steam","floor":4},{"not_picked":["Turbo","Electrodynamics"],"picked":"Defragment","floor":6},{"not_picked":["Cold Snap","Compile Driver"],"picked":"Consume","floor":8},{"not_picked":["Static Discharge","Force Field"],"picked":"Cold Snap","floor":10},{"not_picked":["Rebound","Doom and Gloom"],"picked":"Stack","floor":11},{"not_picked":["Chaos","Rebound"],"picked":"Conserve Battery","floor":13},{"not_picked":["Stack","Heatsinks"],"picked":"Go for the Eyes","floor":14},{"not_picked":["Amplify","Core Surge"],"picked":"Echo Form","floor":16},{"not_picked":["Tempest","Auto Shields"],"picked":"Cold Snap+1","floor":18},{"not_picked":["Conserve Battery","Hello World"],"picked":"Redo+1","floor":19},{"not_picked":["Conserve Battery","Stack"],"picked":"Sunder","floor":20},{"not_picked":["Lockon","Compile Driver","Leap"],"picked":"SKIP","floor":23}],"player_experience":1318696,"relics_obtained":[{"floor":6,"key":"Dream Catcher"},{"floor":9,"key":"Anchor"},{"floor":14,"key":"War Paint"},{"floor":21,"key":"Nilry\u0027s Codex"},{"floor":23,"key":"Pantograph"}],"event_choices":[{"damage_healed":0,"gold_gain":0,"player_choice":"Obtained Book","damage_taken":16,"max_hp_gain":0,"max_hp_loss":0,"event_name":"Cursed Tome","floor":21,"gold_loss":0},{"damage_healed":0,"gold_gain":0,"player_choice":"Read","damage_taken":0,"max_hp_gain":0,"max_hp_loss":0,"event_name":"The Library","floor":22,"gold_loss":0,"cards_obtained":["Defragment"]}],"is_beta":false,"boss_relics":[{"not_picked":["Snecko Eye","Fusion Hammer"],"picked":"Inserter"}],"items_purged_floors":[],"is_endless":false,"potions_floor_spawned":[3,4,8,10,11,16,20],"killed_by":"Slavers","ascension_level":11}