{"gold_per_floor":[18,18,30,50,63,63,89,89,389,389,415,415,430,446,446,446],"floor_reached":16,"playtime":802,"items_purged":[],"score":190,"play_id":"320ac48c-5c47-4282-b190-cc78f702ccd8","local_time":"20190331164115","is_ascension_mode":true,"campfire_choices":[{"data":"Bash","floor":6,"key":"SMITH"},{"data":"Iron Wave","floor":8,"key":"SMITH"},{"data":"Pommel Strike","floor":10,"key":"SMITH"},{"floor":12,"key":"REST"},{"data":"Carnage","floor":15,"key":"SMITH"}],"neow_cost":"NO_GOLD","seed_source_timestamp":1357985820841872,"circlet_count":0,"master_deck":["AscendersBane","Strike_R","Strike_R","Strike_R","Strike_R","Strike_R","Defend_R","Defend_R","Defend_R","Defend_R","Bash+1","Twin Strike","Iron Wave+1","Reckless Charge","Headbutt","Pommel Strike+1","Exhume","Carnage+1"],"relics":["Burning Blood","Champion Belt","Pocketwatch","Old Coin","Gambling Chip"],"potions_floor_usage":[],"damage_taken":[{"damage":3,"enemies":"2 Louse","floor":1,"turns":3},{"damage":3,"enemies":"Small Slimes","floor":3,"turns":4},{"damage":4,"enemies":"Jaw Worm","floor":4,"turns":4},{"damage":5,"enemies":"Gremlin Gang","floor":5,"turns":7},{"damage":40,"enemies":"3 Sentries","floor":7,"turns":9},{"damage":28,"enemies":"Lagavulin","floor":11,"turns":5},{"damage":2,"enemies":"Blue Slaver","floor":13,"turns":3},{"damage":0,"enemies":"2 Fungi Beasts","floor":14,"turns":3},{"damage":52,"enemies":"The Guardian","floor":16,"turns":12}],"seed_played":"1944786128394218799","potions_obtained":[{"floor":3,"key":"SkillPotion"},{"floor":4,"key":"PowerPotion"}],"is_trial":false,"path_per_floor":[],"character_chosen":"IRONCLAD","items_purchased":[],"campfire_rested":1,"item_purchase_floors":[],"current_hp_per_floor":[71,71,74,75,75,75,41,41,41,41,19,41,45,51,51,0],"gold":446,"neow_bonus":"ONE_RARE_RELIC","is_prod":false,"is_daily":false,"chose_seed":false,"campfire_upgraded":4,"win_rate":0,"timestamp":1554064875,"path_taken":["M","$","M","M","M","R","E","R","T","R","E","R","M","M","R","BOSS"],"build_version":"2019-01-23","purchased_purges":0,"victory":false,"max_hp_per_floor":[75,75,75,75,75,75,75,75,75,75,75,75,75,75,75,75],"card_choices":[{"not_picked":["Heavy Blade","Armaments"],"picked":"Twin Strike","floor":1},{"not_picked":["Anger","Sever Soul"],"picked":"Iron Wave","floor":3},{"not_picked":["Headbutt","Perfected Strike"],"picked":"Reckless Charge","floor":4},{"not_picked":["Body Slam","Clash"],"picked":"Headbutt","floor":5},{"not_picked":["Rampage","Shrug It Off"],"picked":"Pommel Strike","floor":7},{"not_picked":["Pommel Strike","Entrench","Blood for Blood"],"picked":"SKIP","floor":11},{"not_picked":["Clothesline","Flex"],"picked":"Exhume","floor":13},{"not_picked":["Heavy Blade","Clothesline"],"picked":"Carnage","floor":14}],"player_experience":1338166,"relics_obtained":[{"floor":7,"key":"Pocketwatch"},{"floor":9,"key":"Old Coin"},{"floor":11,"key":"Gambling Chip"}],"event_choices":[],"is_beta":false,"boss_relics":[],"items_purged_floors":[],"is_endless":false,"potions_floor_spawned":[3,4,5,11,14],"killed_by":"The Guardian","ascension_level":14}