{"gold_per_floor":[117,117,135,145,145,145,160,160,241,260,280,280,280,300,300,402,402,412,195,195,205,218,218,218,237,315,331,145,145,162,179,179,179],"floor_reached":33,"playtime":1671,"items_purged":[],"score":270,"play_id":"0b68fb73-edd8-49a8-8cb3-c6e5e7325050","local_time":"20190212215458","is_ascension_mode":false,"campfire_choices":[{"data":"Zap","floor":6,"key":"SMITH"},{"data":"Dualcast","floor":8,"key":"SMITH"},{"data":"Consume","floor":13,"key":"SMITH"},{"data":"Chaos","floor":15,"key":"SMITH"},{"data":"Redo","floor":23,"key":"SMITH"},{"floor":29,"key":"REST"},{"floor":32,"key":"REST"}],"neow_cost":"NONE","seed_source_timestamp":8126414489645,"circlet_count":0,"master_deck":["Defend_B","Defend_B","Defend_B","Defend_B","Zap+1","Dualcast+1","Glacier+1","Hologram","Chill","Stack","Rip and Tear","Consume+1","Rip and Tear","Chaos+1","Reboot","Turbo+1","Reboot","Lockon","Bite","Bite","Bite","Bite","Bite","Coolheaded","Redo+1","Loop+1","Tempest+1","Capacitor","White Noise","Jack Of All Trades","Turbo","Stack+1"],"relics":["Cracked Core"],"potions_floor_usage":[11,24,24,27],"damage_taken":[{"damage":1,"enemies":"Small Slimes","floor":1,"turns":4},{"damage":0,"enemies":"Cultist","floor":3,"turns":5},{"damage":0,"enemies":"Jaw Worm","floor":4,"turns":4},{"damage":0,"enemies":"3 Louse","floor":7,"turns":4},{"damage":3,"enemies":"Red Slaver","floor":10,"turns":4},{"damage":0,"enemies":"Looter","floor":11,"turns":3},{"damage":0,"enemies":"2 Fungi Beasts","floor":14,"turns":3},{"damage":20,"enemies":"Slime Boss","floor":16,"turns":15},{"damage":30,"enemies":"2 Thieves","floor":18,"turns":4},{"damage":15,"enemies":"3 Byrds","floor":21,"turns":7},{"damage":14,"enemies":"Cultist and Chosen","floor":22,"turns":5},{"damage":0,"enemies":"Snake Plant","floor":24,"turns":1},{"damage":51,"enemies":"3 Cultists","floor":25,"turns":8},{"damage":0,"enemies":"Snecko","floor":27,"turns":5},{"damage":8,"enemies":"Snake Plant","floor":30,"turns":5},{"damage":39,"enemies":"3 Cultists","floor":31,"turns":6},{"damage":42,"enemies":"Automaton","floor":33,"turns":10}],"seed_played":"5284417376981733687","potions_obtained":[{"floor":3,"key":"Ancient Potion"},{"floor":4,"key":"Energy Potion"},{"floor":7,"key":"Block Potion"},{"floor":21,"key":"Poison Potion"},{"floor":22,"key":"SmokeBomb"},{"floor":27,"key":"FearPotion"}],"is_trial":false,"path_per_floor":["M","?","M","M","?","R","M","R","T","M","M","?","R","M","R","B",null,"M","$","?","M","M","R","M","M","T","M","$","R","M","M","R","B"],"character_chosen":"DEFECT","items_purchased":["Reboot","Lockon","Capacitor","White Noise","Jack Of All Trades"],"campfire_rested":2,"item_purchase_floors":[19,19,28,28,28],"current_hp_per_floor":[74,74,74,74,79,79,79,79,79,76,76,68,68,68,68,48,80,50,50,50,47,46,46,52,11,11,19,19,35,35,4,20,0],"gold":179,"neow_bonus":"THREE_CARDS","is_prod":false,"is_daily":false,"chose_seed":false,"campfire_upgraded":5,"win_rate":0,"timestamp":1550033698,"path_taken":["M","?","M","M","?","R","M","R","T","M","M","?","R","?","R","BOSS","M","$","?","M","M","R","M","M","T","M","$","R","M","M","R","BOSS"],"build_version":"2019-01-23","purchased_purges":0,"victory":false,"max_hp_per_floor":[75,75,75,75,80,80,80,80,80,80,80,80,80,80,80,80,80,80,80,56,56,56,56,56,56,56,56,56,56,56,56,56,56],"card_choices":[{"not_picked":["Static Discharge","Rip and Tear"],"picked":"Glacier","floor":0},{"not_picked":["Stack","Cold Snap"],"picked":"Hologram","floor":1},{"not_picked":["Compile Driver","Leap"],"picked":"Chill","floor":3},{"not_picked":["Steam","Go for the Eyes"],"picked":"Stack","floor":4},{"not_picked":["Compile Driver","Hologram"],"picked":"Rip and Tear","floor":7},{"not_picked":["Leap","Rebound"],"picked":"Consume","floor":10},{"not_picked":["Tempest","Coolheaded"],"picked":"Rip and Tear","floor":11},{"not_picked":["Melter","Gash"],"picked":"Chaos","floor":14},{"not_picked":["Hyperbeam","Creative AI"],"picked":"Reboot","floor":16},{"not_picked":["Compile Driver+1","Hologram"],"picked":"Turbo+1","floor":18},{"not_picked":["Reprogram+1","Amplify"],"picked":"Coolheaded","floor":21},{"not_picked":["Beam Cell","Gash"],"picked":"Redo","floor":22},{"not_picked":["Force Field","Streamline"],"picked":"Loop+1","floor":25},{"not_picked":["Chaos","Echo Form"],"picked":"Tempest+1","floor":27},{"not_picked":["Barrage","Go for the Eyes"],"picked":"Turbo","floor":30},{"not_picked":["Conserve Battery","Redo"],"picked":"Stack+1","floor":31}],"player_experience":1449732,"relics_obtained":[],"event_choices":[{"damage_healed":0,"gold_gain":0,"player_choice":"Grow","damage_taken":0,"max_hp_gain":0,"max_hp_loss":0,"event_name":"Living Wall","floor":2,"gold_loss":0,"cards_upgraded":["Glacier"]},{"damage_healed":0,"gold_gain":0,"player_choice":"Donut","damage_taken":0,"max_hp_gain":5,"max_hp_loss":0,"event_name":"Big Fish","floor":5,"gold_loss":0},{"damage_healed":0,"gold_gain":0,"player_choice":"Damaged","damage_taken":8,"max_hp_gain":0,"max_hp_loss":0,"event_name":"Wheel of Change","floor":12,"gold_loss":0},{"damage_healed":0,"gold_gain":0,"player_choice":"Became a vampire","damage_taken":0,"max_hp_gain":0,"max_hp_loss":24,"event_name":"Vampires","floor":20,"gold_loss":0,"cards_obtained":["Bite","Bite","Bite","Bite","Bite"]}],"is_beta":false,"boss_relics":[{"not_picked":["Sozu","Cursed Key","Astrolabe"]}],"items_purged_floors":[],"is_endless":false,"potions_floor_spawned":[3,4,7,21,22,27],"killed_by":"Automaton","ascension_level":0}