{"gold_per_floor":[109,121,121,196,215,244,145,145,145,145,159,192,214,244,244,339,389,409,202,202,222,222,257,275,275,301,301,321,5,31,44,44,44],"floor_reached":33,"playtime":1928,"items_purged":["Defend_R","Defend_R"],"score":303,"play_id":"f3ac4729-9e56-471b-9ef0-e86f84815e1b","local_time":"20190315124030","is_ascension_mode":false,"campfire_choices":[{"floor":8,"key":"REST"},{"floor":10,"key":"REST"},{"data":"Fire Breathing","floor":15,"key":"SMITH"},{"floor":25,"key":"REST"},{"data":"Rage","floor":27,"key":"SMITH"},{"floor":32,"key":"REST"}],"neow_cost":"NONE","seed_source_timestamp":173711667617462,"circlet_count":0,"master_deck":["Strike_R+1","Strike_R","Strike_R","Strike_R","Strike_R+1","Defend_R+1","Defend_R+1","Bash+1","Shrug It Off+1","Fire Breathing+1","Cleave","Anger","Sword Boomerang","Twin Strike","Rage+1","Anger+1","Fire Breathing"],"relics":["Burning Blood","Meat on the Bone","Smiling Mask","War Paint","Odd Mushroom","Omamori","Tiny House","Oddly Smooth Stone","MutagenicStrength","Lantern","Ornamental Fan","Sundial"],"potions_floor_usage":[13,16,23,24,33],"damage_taken":[{"damage":1,"enemies":"Cultist","floor":1,"turns":3},{"damage":0,"enemies":"Jaw Worm","floor":2,"turns":4},{"damage":0,"enemies":"2 Louse","floor":5,"turns":3},{"damage":50,"enemies":"Lagavulin","floor":6,"turns":8},{"damage":0,"enemies":"Large Slime","floor":11,"turns":4},{"damage":28,"enemies":"Gremlin Nob","floor":12,"turns":4},{"damage":9,"enemies":"The Mushroom Lair","floor":13,"turns":4},{"damage":25,"enemies":"Lagavulin","floor":14,"turns":5},{"damage":43,"enemies":"The Guardian","floor":16,"turns":11},{"damage":18,"enemies":"Shell Parasite","floor":18,"turns":5},{"damage":12,"enemies":"Spheric Guardian","floor":21,"turns":4},{"damage":63,"enemies":"Gremlin Leader","floor":23,"turns":8},{"damage":10,"enemies":"Centurion and Healer","floor":24,"turns":4},{"damage":14,"enemies":"Shelled Parasite and Fungi","floor":28,"turns":4},{"damage":48,"enemies":"Book of Stabbing","floor":30,"turns":6},{"damage":14,"enemies":"Snecko","floor":31,"turns":6},{"damage":65,"enemies":"Automaton","floor":33,"turns":8}],"seed_played":"2897809002711409449","potions_obtained":[{"floor":2,"key":"Dexterity Potion"},{"floor":6,"key":"SpeedPotion"},{"floor":13,"key":"AttackPotion"},{"floor":16,"key":"Poison Potion"},{"floor":17,"key":"AttackPotion"},{"floor":23,"key":"Ancient Potion"},{"floor":30,"key":"Ancient Potion"}],"is_trial":false,"path_per_floor":["?","?","$","?","?","?","M"],"character_chosen":"IRONCLAD","items_purchased":["Anger","Oddly Smooth Stone","Ornamental Fan","Fire Breathing"],"campfire_rested":4,"item_purchase_floors":[7,19,29,29],"current_hp_per_floor":[80,80,64,53,59,15,15,39,39,63,69,47,56,49,49,24,85,73,73,73,67,67,22,30,55,55,55,59,59,29,33,58,0],"gold":44,"neow_bonus":"UPGRADE_CARD","is_prod":false,"is_daily":false,"chose_seed":false,"campfire_upgraded":2,"win_rate":0,"timestamp":1552668030,"path_taken":["M","M","?","?","M","E","?","R","T","R","M","E","?","E","R","BOSS","M","$","?","M","?","E","M","R","T","R","?","$","E","M","R","BOSS"],"build_version":"2019-01-23","purchased_purges":2,"victory":false,"max_hp_per_floor":[80,80,80,80,80,80,80,80,80,80,80,80,80,80,80,80,85,85,85,85,85,85,85,85,85,85,85,85,85,85,85,85,85],"card_choices":[{"not_picked":["Infernal Blade","Battle Trance"],"picked":"Shrug It Off","floor":1},{"not_picked":["Heavy Blade","Warcry"],"picked":"Fire Breathing","floor":2},{"not_picked":["Thunderclap","Body Slam","Hemokinesis"],"picked":"SKIP","floor":5},{"not_picked":["Juggernaut","Heavy Blade"],"picked":"Cleave","floor":6},{"not_picked":["Shrug It Off","Twin Strike"],"picked":"Sword Boomerang","floor":11},{"not_picked":["Armaments","Blood for Blood","Juggernaut"],"picked":"SKIP","floor":12},{"not_picked":["Heavy Blade","Perfected Strike"],"picked":"Twin Strike","floor":14},{"not_picked":["Corruption+1","Heavy Blade","Clash"],"picked":"SKIP","floor":18},{"not_picked":["Infernal Blade","Heavy Blade"],"picked":"Rage","floor":21},{"not_picked":["Rupture","True Grit+1"],"picked":"Anger+1","floor":23},{"not_picked":["Havoc","Disarm","Clothesline"],"picked":"SKIP","floor":24},{"not_picked":["Feel No Pain","Havoc","Spot Weakness"],"picked":"SKIP","floor":28},{"not_picked":["Dual Wield","True Grit","Barricade"],"picked":"SKIP","floor":30},{"not_picked":["Flex","Whirlwind","Corruption"],"picked":"SKIP","floor":31}],"player_experience":639245,"relics_obtained":[{"floor":6,"key":"Meat on the Bone"},{"floor":9,"key":"Smiling Mask"},{"floor":12,"key":"War Paint"},{"floor":13,"key":"Odd Mushroom"},{"floor":14,"key":"Omamori"},{"floor":23,"key":"Lantern"},{"floor":30,"key":"Sundial"}],"event_choices":[{"damage_healed":0,"gold_gain":0,"player_choice":"Entered Light","damage_taken":16,"max_hp_gain":0,"max_hp_loss":0,"event_name":"Shining Light","floor":3,"gold_loss":0,"cards_upgraded":["Strike_R","Defend_R"]},{"damage_healed":0,"gold_gain":75,"player_choice":"Gather Gold","damage_taken":11,"max_hp_gain":0,"max_hp_loss":0,"event_name":"World of Goop","floor":4,"gold_loss":0},{"damage_healed":0,"gold_gain":0,"player_choice":"Fought Mushrooms","damage_taken":0,"max_hp_gain":0,"max_hp_loss":0,"event_name":"Mushrooms","floor":13,"gold_loss":0},{"damage_healed":0,"gold_gain":0,"player_choice":"Inject Mutagens","damage_taken":0,"relics_obtained":["MutagenicStrength"],"max_hp_gain":0,"max_hp_loss":0,"event_name":"Drug Dealer","floor":20,"gold_loss":0},{"damage_healed":0,"gold_gain":0,"player_choice":"Cursed","damage_taken":0,"max_hp_gain":0,"max_hp_loss":0,"event_name":"Wheel of Change","floor":22,"gold_loss":0,"cards_obtained":["Decay"]}],"is_beta":false,"boss_relics":[{"not_picked":["Cursed Key","Pandora\u0027s Box"],"picked":"Tiny House"}],"items_purged_floors":[7,19],"is_endless":false,"potions_floor_spawned":[2,6,13,16,23,30],"killed_by":"Automaton","ascension_level":0}