{"gold_per_floor":[117,91,141,156,173,173,202,202,202,202,234,234,249,249,249,325,325,342,342,354,354,372,372,398,398,423,443,459,459],"floor_reached":29,"playtime":1229,"items_purged":[],"score":468,"play_id":"3a8b4be9-491f-499c-9027-5813789b5465","local_time":"20190405231447","is_ascension_mode":true,"campfire_choices":[{"data":"Glass Knife","floor":6.0,"key":"SMITH"},{"floor":8.0,"key":"REST"},{"data":"Bouncing Flask","floor":10.0,"key":"SMITH"},{"data":"Well Laid Plans","floor":12.0,"key":"SMITH"},{"floor":15.0,"key":"REST"},{"data":"Footwork","floor":23.0,"key":"SMITH"},{"data":"Cloak And Dagger","floor":25.0,"key":"SMITH"}],"neow_cost":"NONE","seed_source_timestamp":588095661703600,"circlet_count":0,"master_deck":["AscendersBane","Defend_G","Defend_G","Defend_G","Defend_G","Defend_G","Strike_G","Strike_G","Survivor","Neutralize","Glass Knife+1","Well Laid Plans+1","Backflip","PiercingWail","Bouncing Flask+1","Venomology","Catalyst+1","Cloak And Dagger+1","Footwork+1","Dodge and Roll"],"special_seed":0,"relics":["Ring of the Snake","StoneCalendar","Mercury Hourglass","Empty Cage","Mummified Hand","Dream Catcher"],"potions_floor_usage":[29,29],"damage_taken":[{"damage":3.0,"enemies":"Small Slimes","floor":1.0,"turns":3.0},{"damage":1.0,"enemies":"Cultist","floor":4.0,"turns":4.0},{"damage":0.0,"enemies":"Jaw Worm","floor":5.0,"turns":5.0},{"damage":48.0,"enemies":"Gremlin Nob","floor":7.0,"turns":6.0},{"damage":21.0,"enemies":"Lagavulin","floor":11.0,"turns":5.0},{"damage":0.0,"enemies":"3 Louse","floor":13.0,"turns":3.0},{"damage":9.0,"enemies":"The Guardian","floor":16.0,"turns":7.0},{"damage":0.0,"enemies":"Chosen","floor":18.0,"turns":4.0},{"damage":0.0,"enemies":"Spheric Guardian","floor":20.0,"turns":2.0},{"damage":9.0,"enemies":"3 Cultists","floor":22.0,"turns":5.0},{"damage":21.0,"enemies":"Book of Stabbing","floor":24.0,"turns":6.0},{"damage":0.0,"enemies":"Cultist and Chosen","floor":27.0,"turns":7.0},{"damage":14.0,"enemies":"Shelled Parasite and Fungi","floor":28.0,"turns":5.0},{"damage":18,"enemies":"Chosen and Byrds","floor":29,"turns":4}],"seed_played":"-1115453585805326351","potions_obtained":[{"floor":1.0,"key":"EssenceOfSteel"},{"floor":4.0,"key":"Regen Potion"},{"floor":11.0,"key":"Ancient Potion"}],"is_trial":false,"path_per_floor":["M","$","?","M","M","R","E","R","T","R","E","R","M","?","R","B",null,"M","?","M","?","M","R","E","R","T","M","M","M"],"character_chosen":"THE_SILENT","items_purchased":["Backflip"],"campfire_rested":2,"item_purchase_floors":[2],"current_hp_per_floor":[56,56,56,55,55,55,7,26,26,26,20,20,20,13,32,23,55,55,55,55,55,46,46,25,25,25,25,11,0],"gold":459,"neow_bonus":"ONE_RANDOM_RARE_CARD","is_prod":false,"is_daily":false,"chose_seed":false,"campfire_upgraded":5,"win_rate":0,"timestamp":1554531287,"path_taken":["M","$","?","?","M","R","E","R","T","R","E","R","M","?","R","BOSS","M","?","M","?","M","R","E","R","T","M","M","?"],"build_version":"2019-01-23","purchased_purges":0,"victory":false,"max_hp_per_floor":[66,66,66,66,66,66,66,66,66,66,66,66,66,66,66,66,66,66,66,66,66,66,66,66,66,66,66,66,66],"card_choices":[{"not_picked":["Terror","Deadly Poison"],"picked":"Well Laid Plans","floor":1.0},{"not_picked":["Dagger Spray","Outmaneuver","Flying Knee"],"picked":"SKIP","floor":4.0},{"not_picked":["Cloak And Dagger","Dagger Spray"],"picked":"PiercingWail","floor":5.0},{"not_picked":["Leg Sweep","Cloak And Dagger"],"picked":"Bouncing Flask","floor":7.0},{"not_picked":["Slice","Bullet Time","Finisher"],"picked":"SKIP","floor":11.0},{"not_picked":["Distraction","Blade Dance","Well Laid Plans"],"picked":"SKIP","floor":13.0},{"not_picked":["Tools of the Trade","Night Terror"],"picked":"Venomology","floor":16.0},{"not_picked":["Quick Slash","Blade Dance"],"picked":"Catalyst","floor":18.0},{"not_picked":["Dodge and Roll","Deflect"],"picked":"Cloak And Dagger","floor":20.0},{"not_picked":["Deflect","Die Die Die"],"picked":"Footwork","floor":22.0},{"not_picked":["Flying Knee","Sucker Punch","Outmaneuver"],"picked":"SKIP","floor":24.0},{"not_picked":["Quick Slash","Poisoned Stab+1","Bane"],"picked":"SKIP","floor":27.0},{"not_picked":["Deadly Poison+1","Caltrops"],"picked":"Dodge and Roll","floor":28.0}],"player_experience":479900,"relics_obtained":[{"floor":9.0,"key":"StoneCalendar"},{"floor":11.0,"key":"Mercury Hourglass"},{"floor":24.0,"key":"Mummified Hand"},{"floor":26.0,"key":"Dream Catcher"}],"event_choices":[{"damage_healed":0.0,"max_hp_gain":0.0,"max_hp_loss":0.0,"gold_gain":50.0,"event_name":"Golden Shrine","player_choice":"Pray","floor":3.0,"gold_loss":0.0,"damage_taken":0.0},{"cards_removed":["Strike_G"],"damage_healed":0.0,"max_hp_gain":0.0,"max_hp_loss":0.0,"gold_gain":0.0,"event_name":"Golden Wing","player_choice":"Card Removal","floor":14.0,"gold_loss":0.0,"damage_taken":7.0},{"damage_healed":0.0,"max_hp_gain":0.0,"max_hp_loss":0.0,"gold_gain":0.0,"event_name":"Vampires","player_choice":"Ignored","floor":19.0,"gold_loss":0.0,"damage_taken":0.0},{"damage_healed":0.0,"max_hp_gain":0.0,"max_hp_loss":0.0,"gold_gain":0.0,"event_name":"Upgrade Shrine","player_choice":"Upgraded","floor":21.0,"gold_loss":0.0,"damage_taken":0.0,"cards_upgraded":["Catalyst"]}],"is_beta":false,"boss_relics":[{"not_picked":["HoveringKite","Busted Crown"],"picked":"Empty Cage"}],"items_purged_floors":[],"is_endless":false,"potions_floor_spawned":[1,4,11,16,18,20,27],"killed_by":"Chosen and Byrds","ascension_level":17}