{"gold_per_floor":[114,131,131,131,8,8,23,33,33,51,4,37,54,54,54,54],"floor_reached":16,"playtime":444,"items_purged":[],"score":163,"play_id":"55253417-0988-4808-9877-c85c60287c10","local_time":"20181111094920","is_ascension_mode":true,"campfire_choices":[{"data":"Armaments","floor":6,"key":"SMITH"},{"data":"Shrug It Off","floor":15,"key":"SMITH"}],"neow_cost":"NONE","seed_source_timestamp":2740244553161988,"circlet_count":0,"master_deck":["AscendersBane","Strike_R","Strike_R","Strike_R+1","Strike_R+1","Strike_R","Defend_R","Defend_R","Defend_R","Defend_R","Bash","Fiend Fire","Armaments+1","Wild Strike","Anger","Flex","Twin Strike","Pommel Strike","Shrug It Off+1","Inflame","Pommel Strike","Evolve","Injury"],"relics":["Burning Blood","Singing Bowl","Calipers","Golden Idol"],"potions_floor_usage":[10,16],"damage_taken":[{"damage":0,"enemies":"Small Slimes","floor":1,"turns":3},{"damage":7,"enemies":"Jaw Worm","floor":2,"turns":2},{"damage":0,"enemies":"2 Louse","floor":7,"turns":2},{"damage":1,"enemies":"Looter","floor":8,"turns":3},{"damage":1,"enemies":"Lots of Slimes","floor":10,"turns":3},{"damage":22,"enemies":"3 Sentries","floor":12,"turns":6},{"damage":8,"enemies":"Exordium Wildlife","floor":13,"turns":4},{"damage":69,"enemies":"Hexaghost","floor":16,"turns":9}],"seed_played":"3100536324900282697","potions_obtained":[{"floor":2,"key":"SpeedPotion"},{"floor":8,"key":"Explosive Potion"},{"floor":13,"key":"BloodPotion"}],"is_trial":false,"path_per_floor":["M","M","?","?","$","R","M","M","T","M","$","E","M","?","R","B"],"character_chosen":"IRONCLAD","items_purchased":["Anger","Flex","Twin Strike","Pommel Strike"],"campfire_rested":0,"item_purchase_floors":[5,5,5,11],"current_hp_per_floor":[78,77,77,61,61,61,67,72,72,77,77,61,61,61,61,0],"gold":54,"neow_bonus":"ONE_RANDOM_RARE_CARD","is_prod":false,"is_daily":false,"chose_seed":false,"campfire_upgraded":2,"win_rate":0,"timestamp":1541954960,"path_taken":["M","M","?","?","$","R","M","M","T","M","?","E","?","?","R","BOSS"],"build_version":"2018-11-08","purchased_purges":0,"victory":false,"max_hp_per_floor":[80,80,80,80,80,80,80,80,80,80,80,80,82,82,82,82],"card_choices":[{"not_picked":["Dual Wield","Bloodletting"],"picked":"Armaments","floor":1},{"not_picked":["Warcry","Metallicize"],"picked":"Wild Strike","floor":2},{"not_picked":["Pummel","Rampage"],"picked":"Pommel Strike","floor":7},{"not_picked":["Infernal Blade","Flex"],"picked":"Shrug It Off","floor":8},{"not_picked":["Offering","Flex"],"picked":"Inflame","floor":10},{"not_picked":["Clash","True Grit"],"picked":"Evolve","floor":12},{"not_picked":["Hemokinesis","Headbutt","True Grit"],"picked":"Singing Bowl","floor":13}],"player_experience":1050234,"relics_obtained":[{"floor":9,"key":"Singing Bowl"},{"floor":12,"key":"Calipers"}],"event_choices":[{"damage_healed":0,"gold_gain":0,"player_choice":"Leave","damage_taken":0,"max_hp_gain":0,"max_hp_loss":0,"event_name":"The Cleric","floor":3,"gold_loss":0},{"damage_healed":0,"gold_gain":0,"player_choice":"Entered Light","damage_taken":16,"max_hp_gain":0,"max_hp_loss":0,"event_name":"Shining Light","floor":4,"gold_loss":0,"cards_upgraded":["Strike_R","Strike_R"]},{"damage_healed":0,"gold_gain":0,"player_choice":"Take Wound","damage_taken":0,"relics_obtained":["Golden Idol"],"max_hp_gain":0,"max_hp_loss":0,"event_name":"Golden Idol","floor":14,"gold_loss":0,"cards_obtained":["Injury"]}],"is_beta":false,"boss_relics":[],"items_purged_floors":[],"is_endless":false,"potions_floor_spawned":[2,8,13],"killed_by":"Hexaghost","ascension_level":12}