{"gold_per_floor":[118,131,149,65,240,270,130,157,157,157,174,192,192,192,192,192],"floor_reached":16,"playtime":567,"items_purged":[],"score":182,"play_id":"5c71198f-7ca3-4b2d-92c0-b6e7421b0b55","local_time":"20190131094806","is_ascension_mode":true,"campfire_choices":[{"floor":10,"key":"REST"},{"floor":15,"key":"REST"}],"neow_cost":"NONE","seed_source_timestamp":163957974952907,"circlet_count":0,"master_deck":["AscendersBane","Strike_R","Strike_R","Strike_R","Strike_R","Strike_R","Defend_R","Defend_R","Defend_R","Defend_R","Bash","Perfected Strike","Uppercut","Good Instincts","Doubt","Perfected Strike","Feed","Reckless Charge"],"relics":["Burning Blood","Toxic Egg 2","Champion Belt","Red Skull","Gambling Chip","Bag of Marbles"],"potions_floor_usage":[6,11,14,16,16],"damage_taken":[{"damage":3,"enemies":"2 Louse","floor":1,"turns":4},{"damage":1,"enemies":"Cultist","floor":2,"turns":3},{"damage":9,"enemies":"Jaw Worm","floor":3,"turns":3},{"damage":45,"enemies":"3 Sentries","floor":6,"turns":10},{"damage":45,"enemies":"Gremlin Nob","floor":8,"turns":6},{"damage":6,"enemies":"2 Fungi Beasts","floor":11,"turns":3},{"damage":10,"enemies":"Red Slaver","floor":12,"turns":4},{"damage":79,"enemies":"Slime Boss","floor":16,"turns":10}],"seed_played":"-7492412715369477420","potions_obtained":[{"floor":2,"key":"Regen Potion"},{"floor":8,"key":"BloodPotion"},{"floor":11,"key":"SpeedPotion"},{"floor":14,"key":"Fruit Juice"},{"floor":14,"key":"BloodPotion"}],"is_trial":false,"path_per_floor":["M","M","M","$","?","E","?","E","T","R","M","M","?","?","R","B"],"character_chosen":"IRONCLAD","items_purchased":["Good Instincts"],"campfire_rested":2,"item_purchase_floors":[4],"current_hp_per_floor":[83,88,85,85,85,61,61,22,22,48,56,52,27,32,59,0],"gold":192,"neow_bonus":"TEN_PERCENT_HP_BONUS","is_prod":false,"is_daily":false,"chose_seed":false,"campfire_upgraded":0,"win_rate":0,"timestamp":1548953286,"path_taken":["M","M","M","$","?","E","?","E","T","R","?","M","?","?","R","BOSS"],"build_version":"2019-01-23","purchased_purges":0,"victory":false,"max_hp_per_floor":[88,88,88,88,88,88,88,88,88,88,88,88,88,93,93,93],"card_choices":[{"not_picked":["Shrug It Off","Infernal Blade"],"picked":"Perfected Strike","floor":1},{"not_picked":["Havoc","Heavy Blade","Pummel"],"picked":"SKIP","floor":2},{"not_picked":["Flex","Intimidate"],"picked":"Uppercut","floor":3},{"not_picked":["Infernal Blade","Shockwave"],"picked":"Perfected Strike","floor":6},{"not_picked":["Cleave","Thunderclap"],"picked":"Feed","floor":8},{"not_picked":["Searing Blow","Clash","Rampage"],"picked":"SKIP","floor":11},{"not_picked":["Blood for Blood","Uppercut"],"picked":"Reckless Charge","floor":12}],"player_experience":1345614,"relics_obtained":[{"floor":6,"key":"Toxic Egg 2"},{"floor":8,"key":"Red Skull"},{"floor":9,"key":"Gambling Chip"}],"event_choices":[{"damage_healed":0,"gold_gain":175,"player_choice":"AGREE","damage_taken":0,"max_hp_gain":0,"max_hp_loss":0,"event_name":"Liars Game","floor":5,"gold_loss":0,"cards_obtained":["Doubt"]},{"damage_healed":0,"gold_gain":0,"player_choice":"Paid Gold","damage_taken":0,"relics_obtained":["Champion Belt"],"max_hp_gain":0,"max_hp_loss":0,"event_name":"WeMeetAgain","floor":7,"gold_loss":140},{"damage_healed":0,"gold_gain":0,"player_choice":"Success","damage_taken":25,"relics_obtained":["Bag of Marbles"],"max_hp_gain":0,"max_hp_loss":0,"event_name":"Scrap Ooze","floor":13,"gold_loss":0},{"damage_healed":0,"gold_gain":0,"player_choice":"Got Potions","damage_taken":0,"max_hp_gain":0,"max_hp_loss":0,"event_name":"Lab","floor":14,"gold_loss":0}],"is_beta":false,"boss_relics":[],"items_purged_floors":[],"is_endless":false,"potions_floor_spawned":[2,8,11],"killed_by":"Slime Boss","ascension_level":13}