{"gold_per_floor":[215,215,233,67,86,86,118,118,165,240,4,4,15,32,32,104,104,119,79,4,4,4,34,34,51,78,97,128,144,144,191,191,265,265,277,291,301,320,110,110,130,130],"floor_reached":42,"playtime":3456,"items_purged":["Strike_G"],"score":857,"play_id":"689f00d0-5b03-49df-a2ba-d7f935b18962","local_time":"20190405224819","is_ascension_mode":true,"campfire_choices":[{"data":"Corpse Explosion","floor":6.0,"key":"SMITH"},{"floor":8.0,"key":"REST"},{"data":"Acrobatics","floor":15.0,"key":"SMITH"},{"data":"Calculated Gamble","floor":24.0,"key":"SMITH"},{"data":"Concentrate","floor":32.0,"key":"SMITH"},{"data":"Tactician","floor":40.0,"key":"SMITH"}],"neow_cost":"NONE","seed_source_timestamp":0,"circlet_count":0,"master_deck":["AscendersBane","Defend_G","Defend_G","Defend_G+1","Defend_G+1","Defend_G","Strike_G","Survivor","Neutralize","Backflip","Backflip","Corpse Explosion+1","Tactician","Dagger Throw","Concentrate+1","Caltrops","Acrobatics+1","After Image","Grand Finale","Calculated Gamble+1","Footwork","Blur+1","Acrobatics","Grand Finale","Tactician+1"],"special_seed":0,"relics":["Ring of the Snake","Orichalcum","Lantern","Eternal Feather","Ancient Tea Set","Strawberry","Oddly Smooth Stone","Black Star","Membership Card"],"potions_floor_usage":[42],"damage_taken":[{"damage":0.0,"enemies":"Cultist","floor":1.0,"turns":4.0},{"damage":0.0,"enemies":"2 Louse","floor":3.0,"turns":5.0},{"damage":7.0,"enemies":"Jaw Worm","floor":5.0,"turns":7.0},{"damage":29.0,"enemies":"Lagavulin","floor":7.0,"turns":9.0},{"damage":7.0,"enemies":"Exordium Thugs","floor":13.0,"turns":3.0},{"damage":0.0,"enemies":"Exordium Wildlife","floor":14.0,"turns":5.0},{"damage":9.0,"enemies":"Hexaghost","floor":16.0,"turns":14.0},{"damage":16.0,"enemies":"Shell Parasite","floor":18.0,"turns":9.0},{"damage":6.0,"enemies":"Gremlin Leader","floor":23.0,"turns":5.0},{"damage":3.0,"enemies":"2 Thieves","floor":25.0,"turns":3.0},{"damage":16.0,"enemies":"Centurion and Healer","floor":27.0,"turns":6.0},{"damage":7.0,"enemies":"Book of Stabbing","floor":28.0,"turns":7.0},{"damage":0.0,"enemies":"Snake Plant","floor":29.0,"turns":4.0},{"damage":21.0,"enemies":"Collector","floor":33.0,"turns":10.0},{"damage":4.0,"enemies":"Orb Walker","floor":35.0,"turns":4.0},{"damage":19.0,"enemies":"3 Shapes","floor":36.0,"turns":3.0},{"damage":3.0,"enemies":"Maw","floor":37.0,"turns":8.0},{"damage":16.0,"enemies":"4 Shapes","floor":38.0,"turns":3.0},{"damage":17.0,"enemies":"Spire Growth","floor":41.0,"turns":7.0},{"damage":26,"enemies":"Transient","floor":42,"turns":2}],"seed_played":"-5922759014439243419","potions_obtained":[{"floor":3.0,"key":"Fire Potion"},{"floor":7.0,"key":"FairyPotion"},{"floor":14.0,"key":"Weak Potion"},{"floor":18.0,"key":"Block Potion"},{"floor":28.0,"key":"Fire Potion"},{"floor":29.0,"key":"Strength Potion"},{"floor":33.0,"key":"SkillPotion"},{"floor":37.0,"key":"Energy Potion"},{"floor":41.0,"key":"EssenceOfSteel"}],"is_trial":false,"path_per_floor":["M","?","M","$","M","R","E","R","T","?","$","?","M","M","R","B",null,"M","$","?","$","?","E","R","M","T","M","E","M","?","T","R","B",null,"M","M","M","M","$","R","M","M"],"character_chosen":"THE_SILENT","items_purchased":["Corpse Explosion","Concentrate","Caltrops","Footwork","Membership Card"],"campfire_rested":1,"item_purchase_floors":[4,11,11,19,39],"current_hp_per_floor":[59,39,39,39,32,32,3,22,22,11,11,11,4,4,4,6,51,35,35,35,35,35,29,41,38,38,22,22,22,22,22,34,13,58,54,35,32,16,16,31,14,0],"gold":130,"neow_bonus":"HUNDRED_GOLD","is_prod":false,"is_daily":false,"chose_seed":false,"campfire_upgraded":5,"win_rate":0,"timestamp":1554529699,"path_taken":["M","?","M","$","M","R","E","R","T","?","$","?","M","?","R","BOSS","M","$","?","$","?","E","R","M","T","?","E","M","?","?","R","BOSS","M","M","M","M","$","R","M","?"],"build_version":"2019-01-23","purchased_purges":1,"victory":false,"max_hp_per_floor":[66,66,66,66,66,66,66,66,66,66,66,66,66,66,66,66,66,66,66,66,66,66,66,66,66,66,66,73,73,73,73,73,73,73,73,73,73,73,73,73,73,73],"card_choices":[{"not_picked":["Bane","Cloak And Dagger"],"picked":"Backflip","floor":1.0},{"not_picked":["Dodge and Roll","Deflect"],"picked":"Backflip","floor":3.0},{"not_picked":["Distraction","Setup"],"picked":"Tactician","floor":5.0},{"not_picked":["Masterful Stab","Wraith Form v2"],"picked":"Dagger Throw","floor":7.0},{"not_picked":["Dagger Spray","Poisoned Stab"],"picked":"Acrobatics","floor":13.0},{"not_picked":["Noxious Fumes","Cloak And Dagger"],"picked":"After Image","floor":14.0},{"not_picked":["Doppelganger","Storm of Steel"],"picked":"Grand Finale","floor":16.0},{"not_picked":["Sucker Punch+1","Outmaneuver"],"picked":"Calculated Gamble","floor":18.0},{"not_picked":["Deflect","Bullet Time","Corpse Explosion"],"picked":"SKIP","floor":23.0},{"not_picked":["Crippling Poison","Backflip","Finisher"],"picked":"SKIP","floor":25.0},{"not_picked":["Deflect","Underhanded Strike","Deadly Poison"],"picked":"SKIP","floor":27.0},{"not_picked":["PiercingWail","Dagger Spray"],"picked":"Blur+1","floor":28.0},{"not_picked":["Setup+1","Deadly Poison"],"picked":"Acrobatics","floor":29.0},{"not_picked":["Die Die Die","Envenom"],"picked":"Grand Finale","floor":33.0},{"not_picked":["Quick Slash","Outmaneuver+1","Dash"],"picked":"SKIP","floor":35.0},{"not_picked":["Backflip","Eviscerate+1"],"picked":"Tactician","floor":36.0},{"not_picked":["Quick Slash","Outmaneuver+1","Dagger Throw"],"picked":"SKIP","floor":37.0},{"not_picked":["Dagger Spray","Deflect","Dagger Throw"],"picked":"SKIP","floor":38.0},{"not_picked":["Backstab","All Out Attack","Deadly Poison"],"picked":"SKIP","floor":41.0}],"player_experience":476444,"relics_obtained":[{"floor":7.0,"key":"Orichalcum"},{"floor":9.0,"key":"Lantern"},{"floor":23.0,"key":"Ancient Tea Set"},{"floor":28.0,"key":"Strawberry"},{"floor":31.0,"key":"Oddly Smooth Stone"}],"event_choices":[{"damage_healed":0.0,"max_hp_gain":0.0,"max_hp_loss":0.0,"gold_gain":0.0,"event_name":"Shining Light","player_choice":"Entered Light","floor":2.0,"gold_loss":0.0,"damage_taken":20.0,"cards_upgraded":["Defend_G","Defend_G"]},{"damage_healed":0.0,"max_hp_gain":0.0,"max_hp_loss":0.0,"gold_gain":75.0,"event_name":"World of Goop","player_choice":"Gather Gold","floor":10.0,"gold_loss":0.0,"damage_taken":11.0},{"cards_removed":["Strike_G"],"damage_healed":0.0,"max_hp_gain":0.0,"max_hp_loss":0.0,"gold_gain":0.0,"event_name":"Purifier","player_choice":"Purged","floor":12.0,"gold_loss":0.0,"damage_taken":0.0},{"cards_removed":["Strike_G"],"damage_healed":0.0,"max_hp_gain":0.0,"max_hp_loss":0.0,"gold_gain":0.0,"event_name":"Beggar","player_choice":"Gave Gold","floor":20.0,"gold_loss":75.0,"damage_taken":0.0},{"damage_healed":0.0,"max_hp_gain":0.0,"max_hp_loss":0.0,"gold_gain":0.0,"event_name":"FaceTrader","player_choice":"Leave","floor":22.0,"gold_loss":0.0,"damage_taken":0.0},{"cards_removed":["Strike_G"],"damage_healed":0.0,"max_hp_gain":0.0,"max_hp_loss":0.0,"gold_gain":0.0,"event_name":"Back to Basics","player_choice":"Elegance","floor":30.0,"gold_loss":0.0,"damage_taken":0.0}],"is_beta":false,"boss_relics":[{"not_picked":["Runic Dome","Snecko Eye"],"picked":"Eternal Feather"},{"not_picked":["HoveringKite","WristBlade"],"picked":"Black Star"}],"items_purged_floors":[11],"is_endless":false,"potions_floor_spawned":[3,7,14,18,28,29,33,37,41],"killed_by":"Transient","ascension_level":17}