{"gold_per_floor":[114,131,148,166,40,40,57,57,84,84,94,114,129,79,79,176,176,189,114,24,0,12,12,12,12,62,62,79,89,89,103,103,103],"floor_reached":33,"playtime":3822,"items_purged":["Strike_G"],"score":241,"play_id":"94f91f24-f117-46a1-8919-e6b137820fe5","local_time":"20190330201056","is_ascension_mode":false,"campfire_choices":[{"data":"Terror","floor":6.0,"key":"SMITH"},{"data":"Dash","floor":10.0,"key":"SMITH"},{"floor":15,"key":"REST"},{"floor":23,"key":"REST"},{"floor":32,"key":"REST"}],"neow_cost":"NONE","seed_source_timestamp":0,"circlet_count":0,"master_deck":["Defend_G+1","Defend_G","Defend_G","Defend_G","Defend_G","Survivor","Neutralize","Impatience","Terror+1","Flying Knee","Quick Slash","Dash+1","Poisoned Stab","Dagger Spray","Prepared","Tools of the Trade","Quick Slash+1","Dagger Throw","Poisoned Stab","Blur","Cloak And Dagger","Sucker Punch+1"],"special_seed":0,"relics":["Ring of the Snake","Juzu Bracelet","Lizard Tail","PreservedInsect"],"potions_floor_usage":[16,16,16,18,33,33],"damage_taken":[{"damage":5.0,"enemies":"2 Louse","floor":1.0,"turns":3.0},{"damage":0.0,"enemies":"Jaw Worm","floor":2.0,"turns":4.0},{"damage":0.0,"enemies":"Small Slimes","floor":3.0,"turns":3.0},{"damage":0.0,"enemies":"Looter","floor":4.0,"turns":3.0},{"damage":8.0,"enemies":"Lots of Slimes","floor":7.0,"turns":4.0},{"damage":2.0,"enemies":"Large Slime","floor":11.0,"turns":4.0},{"damage":2.0,"enemies":"3 Louse","floor":12.0,"turns":3.0},{"damage":0,"enemies":"Blue Slaver","floor":13,"turns":2},{"damage":27,"enemies":"Slime Boss","floor":16,"turns":16},{"damage":19,"enemies":"Spheric Guardian","floor":18,"turns":6},{"damage":0,"enemies":"Chosen","floor":22,"turns":3},{"damage":1,"enemies":"Centurion and Healer","floor":28,"turns":5},{"damage":2,"enemies":"Snake Plant","floor":29,"turns":4},{"damage":16,"enemies":"Shelled Parasite and Fungi","floor":31,"turns":10},{"damage":151,"enemies":"Collector","floor":33,"turns":13}],"seed_played":"1598337164051137348","potions_obtained":[{"floor":3.0,"key":"SpeedPotion"},{"floor":4.0,"key":"Energy Potion"},{"floor":11.0,"key":"AttackPotion"},{"floor":13,"key":"Fire Potion"},{"floor":16,"key":"SpeedPotion"},{"floor":18,"key":"AttackPotion"},{"floor":31,"key":"Poison Potion"}],"is_trial":false,"path_per_floor":["M","M","M","M","$","R","M","?","T","R","M","M","M","?","R","B",null,"M","?","?","?","M","R","$","?","T","?","M","M","?","M","R","B"],"character_chosen":"THE_SILENT","items_purchased":["Poisoned Stab"],"campfire_rested":3,"item_purchase_floors":[5],"current_hp_per_floor":[65,65,65,65,65,65,57,57,57,57,55,53,53,53,70,43,70,51,51,51,51,51,70,70,70,70,70,69,67,67,51,70,0],"gold":103,"neow_bonus":"RANDOM_COLORLESS","is_prod":false,"is_daily":false,"chose_seed":false,"campfire_upgraded":2,"win_rate":0.0,"timestamp":1553991056,"path_taken":["M","M","M","M","$","R","M","?","T","R","M","M","M","?","R","BOSS","M","?","?","?","M","R","$","?","T","?","M","M","?","M","R","BOSS"],"build_version":"2019-01-23","purchased_purges":1,"victory":false,"max_hp_per_floor":[70,70,70,70,70,70,70,70,70,70,70,70,70,70,70,70,70,70,70,70,70,70,70,70,70,70,70,70,70,70,70,70,70],"card_choices":[{"not_picked":["Acrobatics","Dodge and Roll"],"picked":"Terror","floor":1.0},{"not_picked":["Prepared","Heel Hook"],"picked":"Flying Knee","floor":2.0},{"not_picked":["Poisoned Stab","Deflect"],"picked":"Quick Slash","floor":3.0},{"not_picked":["Quick Slash","Expertise"],"picked":"Dash","floor":4.0},{"not_picked":["Dodge and Roll","Underhanded Strike","Endless Agony"],"picked":"SKIP","floor":7.0},{"not_picked":["Glass Knife","Heel Hook","Dagger Spray"],"picked":"SKIP","floor":11.0},{"not_picked":["Bane","Sucker Punch"],"picked":"Dagger Spray","floor":12},{"not_picked":["Slice","Dagger Spray"],"picked":"Prepared","floor":13},{"not_picked":["Corpse Explosion","Phantasmal Killer"],"picked":"Tools of the Trade","floor":16},{"not_picked":["Catalyst+1","Bane"],"picked":"Quick Slash+1","floor":18},{"not_picked":["Endless Agony","Riddle With Holes"],"picked":"Dagger Throw","floor":22},{"not_picked":["Endless Agony+1","PiercingWail+1"],"picked":"Poisoned Stab","floor":28},{"not_picked":["Slice","Acrobatics"],"picked":"Blur","floor":29},{"not_picked":["Bane","Unload"],"picked":"Sucker Punch+1","floor":31}],"player_experience":31081,"relics_obtained":[{"floor":9.0,"key":"Juzu Bracelet"},{"floor":26,"key":"PreservedInsect"}],"event_choices":[{"cards_removed":["Strike_G"],"damage_healed":0.0,"max_hp_gain":0.0,"max_hp_loss":0.0,"gold_gain":0.0,"event_name":"Living Wall","player_choice":"Forget","floor":8.0,"gold_loss":0.0,"damage_taken":0.0},{"cards_removed":["Strike_G"],"damage_healed":0,"gold_gain":0,"player_choice":"Card Removal","damage_taken":0,"max_hp_gain":0,"max_hp_loss":0,"event_name":"The Cleric","floor":14,"gold_loss":50},{"cards_removed":["Strike_G"],"damage_healed":0,"gold_gain":0,"player_choice":"Gave Gold","damage_taken":0,"max_hp_gain":0,"max_hp_loss":0,"event_name":"Beggar","floor":19,"gold_loss":75},{"cards_removed":["Strike_G"],"damage_healed":0,"gold_gain":0,"player_choice":"Upgrade and Remove","damage_taken":0,"max_hp_gain":0,"max_hp_loss":0,"event_name":"Designer","floor":20,"gold_loss":90,"cards_upgraded":["Defend_G"]},{"damage_healed":0,"gold_gain":0,"player_choice":"Paid Fearfully","damage_taken":0,"max_hp_gain":0,"max_hp_loss":0,"event_name":"Masked Bandits","floor":21,"gold_loss":24},{"damage_healed":0,"gold_gain":0,"player_choice":"Ignored","damage_taken":0,"max_hp_gain":0,"max_hp_loss":0,"event_name":"Cursed Tome","floor":25,"gold_loss":0},{"damage_healed":0,"gold_gain":0,"player_choice":"Ignored","damage_taken":0,"max_hp_gain":0,"max_hp_loss":0,"event_name":"Ghosts","floor":27,"gold_loss":0},{"damage_healed":0,"gold_gain":0,"player_choice":"Read","damage_taken":0,"max_hp_gain":0,"max_hp_loss":0,"event_name":"The Library","floor":30,"gold_loss":0,"cards_obtained":["Cloak And Dagger"]}],"is_beta":false,"boss_relics":[{"not_picked":["Coffee Dripper","White Beast Statue"],"picked":"Lizard Tail"}],"items_purged_floors":[5],"is_endless":false,"potions_floor_spawned":[3,4,11,13,16,18,31],"killed_by":"Collector","ascension_level":0}