{"gold_per_floor":[115,135,60,71,84,112,112,153,153,166,166,166,179,198,198,327,327,342,267,23,43,86,86,110,126,153,176,176,192,192,192],"floor_reached":31,"playtime":3768,"items_purged":["Pain"],"score":251,"play_id":"33d089f1-34f1-4ca0-9ffa-a33022773681","local_time":"20180729203229","is_ascension_mode":false,"campfire_choices":[{"data":"Armaments","floor":12,"key":"SMITH"},{"data":"Armaments","floor":15,"key":"SMITH"},{"data":"Feed","floor":23,"key":"SMITH"},{"data":"Perfected Strike","floor":28,"key":"SMITH"}],"neow_cost":"CURSE","seed_source_timestamp":5953380788053,"circlet_count":0,"master_deck":["Strike_R","Strike_R","Strike_R","Strike_R","Strike_R","Defend_R","Defend_R","Defend_R","Bash","Flex","Armaments+1","Inflame","Pommel Strike","Perfected Strike+1","Warcry","Pommel Strike","Armaments+1","Feed+1","Body Slam+1","Perfected Strike","Power Through+1","Ghostly Armor","Clash+1"],"relics":["Burning Blood","Nunchaku","Paper Frog","Golden Idol","Omamori","Anchor","Coffee Dripper","Pantograph","Red Mask","Blood Vial","NlothsMask"],"potions_floor_usage":[4,6,6,10,13,24,29],"damage_taken":[{"damage":6,"enemies":"Cultist","floor":1,"turns":4},{"damage":13,"enemies":"Jaw Worm","floor":2,"turns":3},{"damage":5,"enemies":"Small Slimes","floor":4,"turns":3},{"damage":4,"enemies":"Blue Slaver","floor":5,"turns":5},{"damage":30,"enemies":"Lagavulin","floor":6,"turns":7},{"damage":26,"enemies":"Gremlin Nob","floor":8,"turns":4},{"damage":0,"enemies":"Looter","floor":10,"turns":3},{"damage":0,"enemies":"Exordium Wildlife","floor":13,"turns":2},{"damage":2,"enemies":"Blue Slaver","floor":14,"turns":3},{"damage":51,"enemies":"The Guardian","floor":16,"turns":10},{"damage":0,"enemies":"Chosen","floor":18,"turns":3},{"damage":13,"enemies":"3 Byrds","floor":21,"turns":5},{"damage":20,"floor":22,"turns":5},{"damage":16,"enemies":"Centurion and Healer","floor":24,"turns":5},{"damage":20,"enemies":"Cultist and Chosen","floor":25,"turns":5},{"damage":38,"enemies":"Sentry and Sphere","floor":27,"turns":6},{"damage":9,"enemies":"Centurion and Healer","floor":29,"turns":4},{"damage":0,"enemies":"Snecko","floor":31,"turns":3}],"seed_played":"645609502552899184","potions_obtained":[{"floor":1,"key":"Swift Potion"},{"floor":4,"key":"SkillPotion"},{"floor":5,"key":"SkillPotion"},{"floor":8,"key":"Block Potion"},{"floor":10,"key":"Explosive Potion"},{"floor":18,"key":"Poison Potion"},{"floor":27,"key":"AttackPotion"}],"is_trial":false,"path_per_floor":["M","M","$","M","M","E","?","E","T","M","?","R","M","M","R","B",null,"M","?","$","M","?","R","M","M","T","M","R","M","?"],"character_chosen":"IRONCLAD","items_purchased":["Pantograph"],"campfire_rested":0,"item_purchase_floors":[20],"current_hp_per_floor":[80,73,73,74,76,52,52,32,32,38,62,62,68,72,72,27,74,74,74,74,67,56,56,50,36,36,10,10,9,9,11],"gold":192,"neow_bonus":"ONE_RARE_RELIC","is_prod":false,"is_daily":false,"chose_seed":false,"campfire_upgraded":4,"win_rate":0,"timestamp":1532910749,"path_taken":["M","?","$","M","M","E","?","E","T","M","?","R","M","M","R","BOSS","M","?","$","M","?","R","M","M","T","?","R","M","?","M"],"build_version":"2018-07-26","purchased_purges":1,"victory":false,"max_hp_per_floor":[80,80,80,80,80,80,74,74,74,74,74,74,74,74,74,74,74,74,74,74,74,77,77,81,81,81,85,85,85,85,85],"card_choices":[{"not_picked":["Searing Blow","Entrench"],"picked":"Flex","floor":1},{"not_picked":["Battle Trance","Whirlwind"],"picked":"Armaments","floor":2},{"not_picked":["Burning Pact","Disarm"],"picked":"Inflame","floor":4},{"not_picked":["Evolve","Clothesline"],"picked":"Pommel Strike","floor":5},{"not_picked":["Corruption","Havoc"],"picked":"Perfected Strike","floor":6},{"not_picked":["Thunderclap","Rampage"],"picked":"Warcry","floor":8},{"not_picked":["Second Wind","Spot Weakness"],"picked":"Pommel Strike","floor":10},{"not_picked":["Burning Pact","Body Slam"],"picked":"Armaments","floor":13},{"not_picked":["Dark Embrace","Rupture","Battle Trance"],"picked":"SKIP","floor":14},{"not_picked":["Immolate","Exhume"],"picked":"Feed","floor":16},{"not_picked":["True Grit","Havoc","Reckless Charge"],"picked":"SKIP","floor":18},{"not_picked":["Iron Wave","Cleave","Uppercut"],"picked":"SKIP","floor":21},{"not_picked":["Flex","Heavy Blade+1"],"picked":"Body Slam+1","floor":22},{"not_picked":["Warcry","Berserk"],"picked":"Perfected Strike","floor":24},{"not_picked":["Burning Pact+1","Corruption+1"],"picked":"Power Through+1","floor":25},{"not_picked":["Warcry","Twin Strike"],"picked":"Ghostly Armor","floor":27},{"not_picked":["Sword Boomerang","True Grit"],"picked":"Clash+1","floor":29}],"player_experience":140615,"relics_obtained":[{"floor":6,"key":"Paper Frog"},{"floor":8,"key":"Omamori"},{"floor":9,"key":"Anchor"},{"floor":22,"key":"Red Mask"},{"floor":26,"key":"Blood Vial"}],"event_choices":[{"event_name":"Golden Idol","player_choice":"Lose Max HP","floor":7,"damage_taken":0},{"event_name":"Big Fish","player_choice":"Banana","floor":11,"damage_taken":0},{"event_name":"Beggar","player_choice":"Gave Gold","floor":19,"damage_taken":0},{"event_name":"Masked Bandits","player_choice":"Fought over 43 gold","floor":22,"damage_taken":0},{"event_name":"FaceTrader","player_choice":"Trade","floor":30,"damage_taken":0}],"is_beta":true,"boss_relics":[{"not_picked":["Fusion Hammer","Runic Pyramid"],"picked":"Coffee Dripper"}],"items_purged_floors":[3],"is_endless":false,"potions_floor_spawned":[1,4,5,8,10,18,27],"killed_by":"Snecko","ascension_level":0}