{"gold_per_floor":[112,112,124,23,98,131,131,146,173,203,193,368,396,415,415,415],"floor_reached":16,"playtime":572,"items_purged":[],"score":181,"play_id":"7ce345ef-560e-4105-b158-56402f4dae0b","local_time":"20181020143419","is_ascension_mode":true,"campfire_choices":[{"data":"Chill","floor":7,"key":"SMITH"},{"floor":15,"key":"REST"}],"neow_cost":"NONE","seed_source_timestamp":852769228291828,"circlet_count":0,"master_deck":["Strike_B","Strike_B","Strike_B","Strike_B","Defend_B","Defend_B","Defend_B","Defend_B","Zap","Dualcast","Redo+1","Storm","Conserve Battery","Scrape","Chill+1","Conserve Battery","FTL","Capacitor","Doubt","Fission","Leap","Stack"],"relics":["Cracked Core","NeowsBlessing","Ancient Tea Set","Potion Belt","Symbiotic Virus","Dream Catcher"],"potions_floor_usage":[10,14,16],"damage_taken":[{"damage":0,"enemies":"Small Slimes","floor":1,"turns":1},{"damage":0,"enemies":"Jaw Worm","floor":3,"turns":1},{"damage":0,"enemies":"Lagavulin","floor":6,"turns":1},{"damage":0,"enemies":"Cultist","floor":8,"turns":3},{"damage":28,"enemies":"Gremlin Nob","floor":10,"turns":5},{"damage":7,"enemies":"Exordium Thugs","floor":11,"turns":4},{"damage":23,"enemies":"3 Sentries","floor":13,"turns":11},{"damage":0,"enemies":"2 Fungi Beasts","floor":14,"turns":3},{"damage":30,"enemies":"The Guardian","floor":16,"turns":10}],"seed_played":"-6483040089368862147","potions_obtained":[{"floor":1,"key":"Ancient Potion"},{"floor":6,"key":"Dexterity Potion"},{"floor":10,"key":"Poison Potion"},{"floor":11,"key":"SteroidPotion"}],"is_trial":false,"path_per_floor":["M","?","M","$","?","E","R","M","T","E","M","?","E","M","R"],"character_chosen":"DEFECT","items_purchased":["Conserve Battery","Scrape"],"campfire_rested":1,"item_purchase_floors":[4,4],"current_hp_per_floor":[75,75,75,75,64,64,64,64,64,36,29,29,6,6,28,0],"gold":415,"neow_bonus":"THREE_ENEMY_KILL","is_prod":false,"is_daily":false,"chose_seed":false,"campfire_upgraded":1,"win_rate":0,"timestamp":1540067659,"path_taken":["M","?","M","?","?","E","R","M","T","E","M","?","E","?","R","BOSS"],"build_version":"2018-10-18","purchased_purges":0,"victory":false,"max_hp_per_floor":[75,75,75,75,75,75,75,75,75,75,75,75,75,75,75,75],"card_choices":[{"not_picked":["Heatsinks","Coolheaded"],"picked":"Redo","floor":1},{"not_picked":["Barrage","Go for the Eyes"],"picked":"Storm","floor":3},{"not_picked":["Force Field","Go for the Eyes"],"picked":"Chill","floor":6},{"not_picked":["Tempest","Blizzard"],"picked":"Conserve Battery","floor":8},{"not_picked":["Beam Cell","Fission"],"picked":"FTL","floor":10},{"not_picked":["White Noise","Genetic Algorithm"],"picked":"Capacitor","floor":11},{"not_picked":["Fusion","Rebound"],"picked":"Fission","floor":13},{"not_picked":["Force Field","Steam"],"picked":"Leap","floor":14},{"not_picked":["Undo","Barrage"],"picked":"Stack","floor":15}],"player_experience":732984,"relics_obtained":[{"floor":6,"key":"Ancient Tea Set"},{"floor":9,"key":"Potion Belt"},{"floor":10,"key":"Symbiotic Virus"},{"floor":13,"key":"Dream Catcher"}],"event_choices":[{"damage_healed":0,"gold_gain":0,"player_choice":"Grow","damage_taken":0,"max_hp_gain":0,"max_hp_loss":0,"event_name":"Living Wall","floor":2,"gold_loss":0,"cards_upgraded":["Redo"]},{"damage_healed":0,"gold_gain":75,"player_choice":"Gather Gold","damage_taken":11,"max_hp_gain":0,"max_hp_loss":0,"event_name":"World of Goop","floor":5,"gold_loss":0},{"damage_healed":0,"gold_gain":175,"player_choice":"AGREE","damage_taken":0,"max_hp_gain":0,"max_hp_loss":0,"event_name":"Liars Game","floor":12,"gold_loss":0,"cards_obtained":["Doubt"]}],"is_beta":false,"boss_relics":[],"items_purged_floors":[],"is_endless":false,"potions_floor_spawned":[1,6,10,11],"killed_by":"The Guardian","ascension_level":5}