{"gold_per_floor":[210,210,210,4,4,32,32,32,32,65,78,2,12,32,32,130,130,143,143,153,253,265,265,284,284,284,296,314,333,258,270,270,373,373,391,391,444,81,81,81],"floor_reached":40,"playtime":2454,"items_purged":["Strike_B","Hologram"],"score":535,"play_id":"0fee4608-5f2b-4b4f-9c4f-97c6f07c910a","local_time":"20190322233309","is_ascension_mode":true,"campfire_choices":[{"floor":8,"key":"REST"},{"floor":15,"key":"REST"},{"floor":23,"key":"REST"},{"floor":32,"key":"REST"}],"neow_cost":"NONE","seed_source_timestamp":603447657727568,"circlet_count":0,"master_deck":["Strike_B+1","Defend_B+1","Defend_B","Defend_B","Zap+1","Dualcast","Chill","Glacier","Conserve Battery","Cold Snap","Electrodynamics","Defragment+1","Electrodynamics","Defragment","Tempest","Lockon+1","Hyperbeam+1","Conserve Battery","Redo","Double Energy+1","White Noise","Thunder Strike+1","Storm+1","Storm","Stack"],"relics":["Cracked Core","Gremlin Horn","Anchor","Ornamental Fan","Empty Cage","MutagenicStrength","Torii","Molten Egg 2","Cables","Runic Pyramid","Prayer Wheel","Strawberry"],"potions_floor_usage":[10,10,21,31,33,33],"damage_taken":[{"damage":8,"enemies":"Jaw Worm","floor":1,"turns":4},{"damage":5,"enemies":"Lagavulin","floor":6,"turns":9},{"damage":35,"enemies":"Gremlin Nob","floor":10,"turns":5},{"damage":0,"enemies":"2 Louse","floor":11,"turns":3},{"damage":0,"enemies":"Small Slimes","floor":13,"turns":2},{"damage":0,"enemies":"3 Louse","floor":14,"turns":3},{"damage":22,"enemies":"Slime Boss","floor":16,"turns":11},{"damage":17,"enemies":"Shell Parasite","floor":18,"turns":6},{"damage":19,"enemies":"2 Thieves","floor":20,"turns":3},{"damage":5,"enemies":"Colosseum Slavers","floor":21,"turns":3},{"damage":14,"enemies":"Colosseum Nobs","floor":21,"turns":4},{"damage":0,"enemies":"Centurion and Healer","floor":22,"turns":4},{"damage":15,"enemies":"Shelled Parasite and Fungi","floor":24,"turns":5},{"damage":1,"enemies":"3 Cultists","floor":27,"turns":3},{"damage":0,"enemies":"Centurion and Healer","floor":28,"turns":5},{"damage":6,"enemies":"Cultist and Chosen","floor":29,"turns":3},{"damage":1,"enemies":"Shelled Parasite and Fungi","floor":31,"turns":2},{"damage":16,"enemies":"Collector","floor":33,"turns":8},{"damage":2,"enemies":"Orb Walker","floor":35,"turns":5},{"damage":71,"enemies":"2 Orb Walkers","floor":37,"turns":5},{"damage":28,"enemies":"Nemesis","floor":40,"turns":2}],"seed_played":"-4858708798949889367","potions_obtained":[{"floor":1,"key":"Poison Potion"},{"floor":6,"key":"Fire Potion"},{"floor":10,"key":"Block Potion"},{"floor":20,"key":"Dexterity Potion"},{"floor":21,"key":"Fire Potion"},{"floor":22,"key":"FocusPotion"},{"floor":33,"key":"FairyPotion"}],"is_trial":false,"path_per_floor":["?","?","?","?","?","?","?","M","?","?","?","?"],"character_chosen":"DEFECT","items_purchased":["Glacier","Conserve Battery","Electrodynamics","Storm","Strawberry","Stack"],"campfire_rested":4,"item_purchase_floors":[4,4,12,38,38,38],"current_hp_per_floor":[60,45,45,45,38,33,26,48,48,13,13,13,13,13,35,13,60,43,43,24,5,5,27,12,12,12,11,11,5,5,4,26,10,59,57,57,7,14,14,0],"gold":81,"neow_bonus":"HUNDRED_GOLD","is_prod":false,"is_daily":false,"chose_seed":false,"campfire_upgraded":0,"win_rate":0,"timestamp":1553311989,"path_taken":["M","?","?","$","?","E","?","R","T","E","M","$","M","M","R","BOSS","M","?","M","?","M","R","M","?","T","?","M","M","?","M","R","BOSS","M","?","?","$","?","E"],"build_version":"2019-01-23","purchased_purges":2,"victory":false,"max_hp_per_floor":[75,75,75,75,75,75,75,75,75,75,75,75,75,75,75,75,75,75,75,75,75,75,75,75,75,75,75,75,75,75,75,75,75,75,75,75,75,82,78,78],"card_choices":[{"not_picked":["Force Field","Lockon"],"picked":"Chill","floor":1},{"not_picked":["Storm","Streamline"],"picked":"Hologram","floor":6},{"not_picked":["Force Field","Tempest"],"picked":"Cold Snap","floor":10},{"not_picked":["Barrage","Rebound"],"picked":"Doom and Gloom","floor":11},{"not_picked":["Turbo","Beam Cell"],"picked":"Defragment","floor":13},{"not_picked":["Streamline","Coolheaded"],"picked":"Cold Snap","floor":14},{"not_picked":["Machine Learning","Hyperbeam"],"picked":"Electrodynamics","floor":16},{"not_picked":["Turbo","Sweeping Beam"],"picked":"Defragment","floor":18},{"not_picked":["Barrage+1","Melter+1"],"picked":"Tempest","floor":20},{"not_picked":["Cold Snap","Aggregate+1"],"picked":"Lockon","floor":21},{"not_picked":["Cold Snap+1","Sweeping Beam+1"],"picked":"Hyperbeam+1","floor":22},{"not_picked":["Turbo","Scrape+1"],"picked":"Conserve Battery","floor":24},{"not_picked":["Conserve Battery","Hyperbeam+1"],"picked":"Redo","floor":27},{"not_picked":["Gash+1","Hello World"],"picked":"Double Energy+1","floor":28},{"not_picked":["Chaos","Stack"],"picked":"White Noise","floor":29},{"not_picked":["Turbo","Self Repair","Streamline+1"],"picked":"SKIP","floor":31},{"not_picked":["Machine Learning","Creative AI"],"picked":"Thunder Strike+1","floor":33},{"not_picked":["Barrage+1","Compile Driver+1","Go for the Eyes+1"],"picked":"SKIP","floor":35},{"not_picked":["Sweeping Beam+1","Cold Snap+1"],"picked":"Storm+1","floor":37}],"player_experience":906646,"relics_obtained":[{"floor":6,"key":"Anchor"},{"floor":10,"key":"Ornamental Fan"},{"floor":21,"key":"Torii"},{"floor":21,"key":"Molten Egg 2"},{"floor":26,"key":"Cables"},{"floor":37,"key":"Prayer Wheel"}],"event_choices":[{"damage_healed":0,"gold_gain":0,"player_choice":"Entered Light","damage_taken":15,"max_hp_gain":0,"max_hp_loss":0,"event_name":"Shining Light","floor":2,"gold_loss":0,"cards_upgraded":["Defend_B","Strike_B"]},{"damage_healed":0,"gold_gain":0,"player_choice":"Grow","damage_taken":0,"max_hp_gain":0,"max_hp_loss":0,"event_name":"Living Wall","floor":3,"gold_loss":0,"cards_upgraded":["Zap"]},{"damage_healed":0,"gold_gain":0,"player_choice":"Success","damage_taken":7,"relics_obtained":["Gremlin Horn"],"max_hp_gain":0,"max_hp_loss":0,"event_name":"Scrap Ooze","floor":5,"gold_loss":0},{"cards_removed":["Strike_B"],"damage_healed":0,"gold_gain":0,"player_choice":"Card Removal","damage_taken":7,"max_hp_gain":0,"max_hp_loss":0,"event_name":"Golden Wing","floor":7,"gold_loss":0},{"damage_healed":0,"gold_gain":0,"player_choice":"Inject Mutagens","damage_taken":0,"relics_obtained":["MutagenicStrength"],"max_hp_gain":0,"max_hp_loss":0,"event_name":"Drug Dealer","floor":19,"gold_loss":0},{"damage_healed":0,"gold_gain":0,"player_choice":"Fight","damage_taken":0,"max_hp_gain":0,"max_hp_loss":0,"event_name":"Colosseum","floor":21,"gold_loss":0},{"damage_healed":0,"gold_gain":0,"player_choice":"Fought Nobs","damage_taken":0,"max_hp_gain":0,"max_hp_loss":0,"event_name":"Colosseum","floor":21,"gold_loss":0},{"damage_healed":0,"gold_gain":0,"player_choice":"Upgraded","damage_taken":0,"max_hp_gain":0,"max_hp_loss":0,"event_name":"Upgrade Shrine","floor":25,"gold_loss":0,"cards_upgraded":["Defragment"]},{"cards_removed":["Doom and Gloom"],"damage_healed":0,"gold_gain":0,"player_choice":"Gave Gold","damage_taken":0,"max_hp_gain":0,"max_hp_loss":0,"event_name":"Beggar","floor":30,"gold_loss":75},{"cards_removed":["Cold Snap"],"damage_healed":0,"gold_gain":0,"player_choice":"Removed Attack","damage_taken":0,"max_hp_gain":0,"max_hp_loss":0,"event_name":"Falling","floor":36,"gold_loss":0},{"damage_healed":0,"gold_gain":0,"player_choice":"Fight","damage_taken":0,"max_hp_gain":0,"max_hp_loss":0,"event_name":"Mysterious Sphere","floor":37,"gold_loss":0},{"damage_healed":0,"gold_gain":0,"player_choice":"Max HP","damage_taken":0,"max_hp_gain":0,"max_hp_loss":4,"event_name":"Winding Halls","floor":39,"gold_loss":0}],"is_beta":false,"boss_relics":[{"not_picked":["Tiny House","Cursed Key"],"picked":"Empty Cage"},{"not_picked":["Astrolabe","Lizard Tail"],"picked":"Runic Pyramid"}],"items_purged_floors":[4,38],"is_endless":false,"potions_floor_spawned":[1,6,10,20,21,22,27,29,33],"killed_by":"Nemesis","ascension_level":7}