{"gold_per_floor":[114,289,304,100,100,115,145,145,145,145,175,190,220,235,235,335,335,350,365,74,74,74,104,104,134,184,214,62,62,77,43,43,43],"floor_reached":33,"playtime":1786,"items_purged":[],"score":796,"play_id":"edd425c5-e490-4bda-9307-d108736480ef","local_time":"20180806212029","daily_mods":["Insanity","Elite Swarm","Hoarder"],"is_ascension_mode":false,"campfire_choices":[{"floor":10,"key":"DIG"},{"floor":15,"key":"DIG"},{"floor":24,"key":"REST"},{"floor":32,"key":"REST"}],"neow_cost":"","seed_source_timestamp":0,"circlet_count":0,"master_deck":["Flame Barrier","Blood for Blood","Battle Trance","Seeing Red","Limit Break","Sword Boomerang","Headbutt","Sentinel","Limit Break","Heavy Blade","Offering","Entrench","Barricade","Juggernaut","Cleave","Evolve","Barricade","Carnage","Infernal Blade","Dark Embrace","Berserk","Carnage","Pummel","Rage","Wild Strike","Disarm","Seeing Red+1","Anger","Carnage","Pommel Strike","Headbutt","Reaper","Double Tap","Ghostly Armor","Infernal Blade","Infernal Blade","True Grit","Dark Embrace","Barricade","Thunderclap","Limit Break","Evolve","Feel No Pain","Exhume","Offering","True Grit+1","Rampage","Barricade","Bash","Rupture","Pummel","Pummel","Pummel","Doubt","Doubt","Doubt","Feel No Pain","Feel No Pain","Feel No Pain","Metallicize","Metallicize","Metallicize","Finesse","Finesse","Finesse","Uppercut","Uppercut","Uppercut","Anger","Anger","Anger","Immolate","Immolate","Immolate","Bludgeon","Bludgeon","Bludgeon","Iron Wave","Iron Wave","Iron Wave","Double Tap","Double Tap","Double Tap","Metallicize","Metallicize","Metallicize","Immolate+1","Immolate+1","Immolate+1","Injury","Injury","Injury","Sword Boomerang+1","Sword Boomerang+1","Sword Boomerang+1","Infernal Blade","Infernal Blade","Infernal Blade","Impervious","Impervious","Impervious","Bludgeon+1","Bludgeon+1","Bludgeon+1","Reaper+1","Reaper+1","Reaper+1","Double Tap","Double Tap","Double Tap","Feed+1","Feed+1","Feed+1","Flex","Flex","Flex","Dramatic Entrance+1","Dramatic Entrance+1","Dramatic Entrance+1","Shrug It Off","Shrug It Off","Shrug It Off","Thunderclap+1","Thunderclap+1","Thunderclap+1","Reckless Charge+1","Reckless Charge+1","Reckless Charge+1"],"special_seed":17750,"relics":["Burning Blood","Omamori","Shovel","Meat on the Bone","War Paint","Ancient Tea Set","Paper Frog","Molten Egg 2","Calling Bell","Vajra","Matryoshka","Ice Cream","Centennial Puzzle","Enchiridion","Darkstone Periapt","Prayer Wheel","Bag of Preparation","Bronze Scales","Bottled Flame"],"potions_floor_usage":[7,11,16,16,23,33,33],"damage_taken":[{"damage":8,"enemies":"Cultist","floor":1,"turns":4},{"damage":0,"enemies":"2 Louse","floor":3,"turns":2},{"damage":9,"enemies":"Small Slimes","floor":6,"turns":4},{"damage":55,"enemies":"Gremlin Nob","floor":7,"turns":6},{"damage":0,"enemies":"Lagavulin","floor":11,"turns":7},{"damage":0,"enemies":"Exordium Wildlife","floor":12,"turns":4},{"damage":7,"enemies":"Gremlin Nob","floor":13,"turns":3},{"damage":9,"enemies":"Looter","floor":14,"turns":3},{"damage":26,"enemies":"Slime Boss","floor":16,"turns":8},{"damage":21,"enemies":"Spheric Guardian","floor":18,"turns":4},{"damage":10,"enemies":"Chosen","floor":19,"turns":3},{"damage":37,"enemies":"Slavers","floor":23,"turns":5},{"damage":28,"enemies":"Book of Stabbing","floor":25,"turns":6},{"damage":32,"enemies":"Slavers","floor":27,"turns":4},{"damage":36,"enemies":"Slaver and Parasite","floor":30,"turns":3},{"damage":115,"enemies":"Champ","floor":33,"turns":12}],"seed_played":"581998401352651869","potions_obtained":[{"floor":6,"key":"LiquidBronze"},{"floor":7,"key":"SkillPotion"},{"floor":11,"key":"Ancient Potion"},{"floor":13,"key":"Strength Potion"},{"floor":18,"key":"Dexterity Potion"},{"floor":23,"key":"FairyPotion"},{"floor":27,"key":"LiquidBronze"},{"floor":30,"key":"FearPotion"}],"is_trial":false,"path_per_floor":["M","?","M","$","?","M","E","?","T","R","E","M","E","M","R","B",null,"M","M","$","?","?","E","R","E","T","E","$","?","M","$","R"],"character_chosen":"IRONCLAD","items_purchased":["Metallicize","Finesse","Uppercut","Impervious","Bludgeon+1","Flex","Dramatic Entrance+1","Reckless Charge+1"],"campfire_rested":2,"item_purchase_floors":[4,4,4,20,20,28,28,31],"current_hp_per_floor":[78,78,80,80,77,74,28,54,54,54,60,66,65,62,62,54,80,65,61,61,61,45,26,50,47,47,33,33,33,27,27,51,0],"gold":43,"neow_bonus":"","is_prod":false,"is_daily":true,"chose_seed":false,"campfire_upgraded":0,"win_rate":0,"timestamp":1533612029,"path_taken":["M","?","M","$","?","M","E","?","T","R","E","M","E","M","R","BOSS","M","M","$","?","?","E","R","E","T","E","$","?","?","?","R","BOSS"],"build_version":"2018-08-02","purchased_purges":0,"victory":false,"max_hp_per_floor":[80,80,80,80,80,80,80,80,80,80,80,80,80,80,80,80,80,80,80,80,80,80,80,80,80,80,80,80,80,80,80,80,80],"card_choices":[{"not_picked":["Twin Strike","Wild Strike"],"picked":"Pummel","floor":1},{"not_picked":["Cleave","Clash"],"picked":"Feel No Pain","floor":3},{"not_picked":["Twin Strike","Carnage"],"picked":"Anger","floor":6},{"not_picked":["Impervious","Juggernaut"],"picked":"Immolate","floor":7},{"not_picked":["Limit Break","Exhume"],"picked":"Bludgeon","floor":11},{"not_picked":["Anger","Disarm"],"picked":"Iron Wave","floor":12},{"not_picked":["Limit Break","Barricade"],"picked":"Double Tap","floor":13},{"not_picked":["Headbutt","Heavy Blade"],"picked":"Metallicize","floor":14},{"not_picked":["Barricade","Juggernaut"],"picked":"Immolate+1","floor":16},{"not_picked":["Twin Strike+1","Rampage+1"],"picked":"Sword Boomerang+1","floor":18},{"not_picked":["Metallicize","Feel No Pain+1"],"picked":"Infernal Blade","floor":19},{"not_picked":["Dark Embrace","Double Tap"],"picked":"Reaper+1","floor":23},{"not_picked":["Barricade","Immolate+1"],"picked":"Double Tap","floor":25},{"not_picked":["Brutality","Exhume"],"picked":"Feed+1","floor":27},{"not_picked":["Headbutt+1","Dropkick+1"],"picked":"Shrug It Off","floor":30},{"not_picked":["Whirlwind+1","Pommel Strike+1"],"picked":"Thunderclap+1","floor":30}],"player_experience":209133,"relics_obtained":[{"floor":7,"key":"Shovel"},{"floor":9,"key":"Meat on the Bone"},{"floor":10,"key":"War Paint"},{"floor":11,"key":"Ancient Tea Set"},{"floor":13,"key":"Paper Frog"},{"floor":15,"key":"Molten Egg 2"},{"floor":17,"key":"Vajra"},{"floor":17,"key":"Matryoshka"},{"floor":17,"key":"Ice Cream"},{"floor":22,"key":"Enchiridion"},{"floor":23,"key":"Darkstone Periapt"},{"floor":25,"key":"Prayer Wheel"},{"floor":26,"key":"Bag of Preparation"},{"floor":26,"key":"Bronze Scales"},{"floor":27,"key":"Bottled Flame"}],"event_choices":[{"event_name":"Liars Game","player_choice":"agreed","floor":2,"damage_taken":0},{"event_name":"Scrap Ooze","player_choice":"success","floor":5,"damage_taken":3},{"event_name":"Big Fish","player_choice":"Banana","floor":8,"damage_taken":0},{"event_name":"The Mausoleum","player_choice":"Yes","floor":21,"damage_taken":0},{"event_name":"Cursed Tome","player_choice":"Obtained Book","floor":22,"damage_taken":0},{"event_name":"Beggar","player_choice":"Ignored","floor":29,"damage_taken":0}],"is_beta":false,"boss_relics":[{"not_picked":["Philosopher\u0027s Stone","Pandora\u0027s Box"],"picked":"Calling Bell"}],"items_purged_floors":[],"is_endless":false,"potions_floor_spawned":[6,7,11,13,18,23,27,30],"killed_by":"Champ","ascension_level":0}