{"gold_per_floor":[114,39,52,62,62,93,108,183,183,183],"floor_reached":10,"playtime":264,"items_purged":["Pain"],"score":112,"play_id":"d968564e-b7c7-47e0-945f-db5c2a38893b","local_time":"20190131210408","is_ascension_mode":true,"campfire_choices":[],"neow_cost":"CURSE","seed_source_timestamp":204809344448370,"circlet_count":0,"master_deck":["AscendersBane","Strike_R","Strike_R","Strike_R","Strike_R","Strike_R","Defend_R","Defend_R","Defend_R","Defend_R","Bash","Power Through","Feel No Pain","Iron Wave","Injury","Twin Strike","Pommel Strike"],"special_seed":0,"relics":["Burning Blood","FossilizedHelix","Golden Idol","Happy Flower","Shuriken"],"potions_floor_usage":[],"damage_taken":[{"damage":7.0,"enemies":"Small Slimes","floor":1.0,"turns":3.0},{"damage":7.0,"enemies":"2 Louse","floor":3.0,"turns":3.0},{"damage":0.0,"enemies":"Cultist","floor":4.0,"turns":4.0},{"damage":56.0,"enemies":"Gremlin Nob","floor":6.0,"turns":6.0},{"damage":3,"enemies":"Blue Slaver","floor":7,"turns":4},{"damage":30,"enemies":"Gremlin Gang","floor":10,"turns":3}],"seed_played":"-1891560154774522973","potions_obtained":[{"floor":3.0,"key":"Regen Potion"}],"is_trial":false,"path_per_floor":["M","$","M","M","?","E","M","?","T","M"],"character_chosen":"IRONCLAD","items_purchased":[],"campfire_rested":0,"item_purchase_floors":[],"current_hp_per_floor":[71,71,70,76,76,35,38,27,27,0],"gold":183,"neow_bonus":"ONE_RARE_RELIC","is_prod":false,"is_daily":false,"chose_seed":false,"campfire_upgraded":0,"win_rate":0,"timestamp":1548993848,"path_taken":["M","$","M","M","?","E","M","?","T","M"],"build_version":"2019-01-23","purchased_purges":1,"victory":false,"max_hp_per_floor":[80,80,80,80,80,80,80,80,80,80],"card_choices":[{"not_picked":["Iron Wave","Feel No Pain"],"picked":"Power Through","floor":1.0},{"not_picked":["Thunderclap","Flex"],"picked":"Feel No Pain","floor":3.0},{"not_picked":["Dual Wield","Clothesline"],"picked":"Iron Wave","floor":4.0},{"not_picked":["Metallicize","Havoc"],"picked":"Twin Strike","floor":6.0},{"not_picked":["True Grit","Cleave"],"picked":"Pommel Strike","floor":7}],"player_experience":1352384,"relics_obtained":[{"floor":6.0,"key":"Happy Flower"},{"floor":9,"key":"Shuriken"}],"event_choices":[{"damage_healed":0.0,"max_hp_gain":0.0,"max_hp_loss":0.0,"gold_gain":0.0,"event_name":"Golden Idol","player_choice":"Take Wound","floor":5.0,"gold_loss":0.0,"damage_taken":0.0,"relics_obtained":["Golden Idol"],"cards_obtained":["Injury"]},{"damage_healed":0,"gold_gain":75,"player_choice":"Gather Gold","damage_taken":11,"max_hp_gain":0,"max_hp_loss":0,"event_name":"World of Goop","floor":8,"gold_loss":0}],"is_beta":false,"boss_relics":[],"items_purged_floors":[2],"is_endless":false,"potions_floor_spawned":[3],"killed_by":"Gremlin Gang","ascension_level":13}