{"gold_per_floor":[119,119,119,69,84,115,135,148,172,195,236,42,62,103,103,224,224,243,168,168,168,188,188,201,242,265,288,304,304,340,363,363,484,484,509,347,347,367,367,417,417],"floor_reached":41,"playtime":2910,"items_purged":["Corruption+1"],"score":478,"play_id":"3a601956-d2b7-48a9-ad43-07045563aa6b","local_time":"20190208222232","is_ascension_mode":false,"campfire_choices":[{"data":"Iron Wave","floor":15,"key":"SMITH"},{"data":"Iron Wave","floor":23,"key":"SMITH"},{"floor":29,"key":"REST"},{"floor":32,"key":"REST"}],"neow_cost":"NONE","seed_source_timestamp":119613923149033,"circlet_count":0,"master_deck":["Strike_R+1","Strike_R+1","Strike_R","Strike_R","Defend_R","True Grit","Shrug It Off","True Grit","Iron Wave+1","Pommel Strike","Twin Strike","Shrug It Off","Shrug It Off","Double Tap","Iron Wave+1","Iron Wave+1","Metallicize","Armaments+1","Entrench+1","Flash of Steel","Finesse"],"relics":["Burning Blood","NeowsBlessing","Golden Idol","Red Skull","Bronze Scales","Bag of Preparation","Happy Flower","Nunchaku","Lizard Tail","Peace Pipe","Whetstone","Oddly Smooth Stone","Astrolabe","Ancient Tea Set"],"potions_floor_usage":[25,33,33,33],"damage_taken":[{"damage":0,"enemies":"2 Louse","floor":1,"turns":1},{"damage":0,"enemies":"Jaw Worm","floor":5,"turns":1},{"damage":0,"enemies":"Lagavulin","floor":6,"turns":1},{"damage":0,"enemies":"Small Slimes","floor":7,"turns":5},{"damage":0,"enemies":"Blue Slaver","floor":8,"turns":7},{"damage":0,"enemies":"Large Slime","floor":10,"turns":11},{"damage":12,"enemies":"3 Sentries","floor":11,"turns":12},{"damage":0,"enemies":"Exordium Wildlife","floor":13,"turns":4},{"damage":34,"enemies":"Lagavulin","floor":14,"turns":7},{"damage":35,"enemies":"Hexaghost","floor":16,"turns":10},{"damage":15,"enemies":"Chosen","floor":18,"turns":5},{"damage":3,"enemies":"Shell Parasite","floor":22,"turns":8},{"damage":24,"enemies":"Chosen and Byrds","floor":24,"turns":9},{"damage":57,"enemies":"Slavers","floor":25,"turns":8},{"damage":5,"enemies":"3 Cultists","floor":27,"turns":5},{"damage":4,"enemies":"Shelled Parasite and Fungi","floor":28,"turns":4},{"damage":52,"enemies":"Gremlin Leader","floor":30,"turns":10},{"damage":8,"enemies":"Centurion and Healer","floor":31,"turns":7},{"damage":51,"enemies":"Automaton","floor":33,"turns":12},{"damage":1,"enemies":"3 Shapes","floor":35,"turns":8},{"damage":1,"enemies":"Orb Walker","floor":38,"turns":4},{"damage":81,"enemies":"Nemesis","floor":41,"turns":7}],"seed_played":"-7864719998264762840","potions_obtained":[{"floor":1,"key":"Regen Potion"},{"floor":5,"key":"Dexterity Potion"},{"floor":10,"key":"Ancient Potion"},{"floor":11,"key":"AttackPotion"},{"floor":25,"key":"Strength Potion"},{"floor":27,"key":"PowerPotion"}],"is_trial":false,"path_per_floor":["?","?","?","$","?","?","?","M","?","?","T"],"character_chosen":"IRONCLAD","items_purchased":["Happy Flower","Shrug It Off","Flash of Steel"],"campfire_rested":2,"item_purchase_floors":[12,12,36],"current_hp_per_floor":[80,80,60,60,66,72,78,80,80,80,74,74,80,52,52,23,80,71,71,71,71,74,74,56,20,20,21,23,47,46,44,68,23,80,80,80,80,80,80,80,0],"gold":417,"neow_bonus":"THREE_ENEMY_KILL","is_prod":false,"is_daily":false,"chose_seed":false,"campfire_upgraded":2,"win_rate":0,"timestamp":1549682552,"path_taken":["M","?","?","?","M","E","M","M","T","M","E","?","M","E","R","BOSS","M","?","?","?","M","R","?","E","T","M","M","R","E","M","R","BOSS","M","$","?","M","?","?","E"],"build_version":"2019-01-23","purchased_purges":1,"victory":false,"max_hp_per_floor":[80,80,80,80,80,80,80,80,80,80,80,80,80,80,80,80,80,80,80,80,80,80,80,80,80,80,80,80,80,80,80,80,80,80,80,80,80,80,80,80,80],"card_choices":[{"not_picked":["Infernal Blade","Ghostly Armor"],"picked":"True Grit","floor":1},{"not_picked":["True Grit","Heavy Blade"],"picked":"Shrug It Off","floor":5},{"not_picked":["Thunderclap","Brutality"],"picked":"True Grit","floor":6},{"not_picked":["Second Wind","Intimidate","Perfected Strike"],"picked":"SKIP","floor":7},{"not_picked":["Armaments","Thunderclap"],"picked":"Iron Wave","floor":8},{"not_picked":["Dual Wield","Wild Strike"],"picked":"Pommel Strike","floor":10},{"not_picked":["Dual Wield","Barricade"],"picked":"Twin Strike","floor":11},{"not_picked":["Sword Boomerang","Cleave"],"picked":"Shrug It Off","floor":13},{"not_picked":["Perfected Strike","Wild Strike","Corruption"],"picked":"SKIP","floor":14},{"not_picked":["Immolate","Impervious"],"picked":"Double Tap","floor":16},{"not_picked":["Disarm","Sentinel","Inflame"],"picked":"SKIP","floor":18},{"not_picked":["Sword Boomerang","Fire Breathing","Clothesline"],"picked":"SKIP","floor":22},{"not_picked":["Shrug It Off","Perfected Strike"],"picked":"Iron Wave+1","floor":24},{"not_picked":["Blood for Blood","Corruption","Uppercut"],"picked":"SKIP","floor":25},{"not_picked":["Heavy Blade","Wild Strike","Ghostly Armor+1"],"picked":"SKIP","floor":27},{"not_picked":["Burning Pact+1","Wild Strike","Second Wind"],"picked":"SKIP","floor":28},{"not_picked":["Pummel","Inflame+1","Limit Break"],"picked":"SKIP","floor":30},{"not_picked":["Hemokinesis","Wild Strike+1"],"picked":"Metallicize","floor":31},{"not_picked":["Perfected Strike+1","True Grit","Twin Strike"],"picked":"SKIP","floor":35},{"not_picked":["Deep Breath","Mind Blast"],"picked":"Finesse","floor":37},{"not_picked":["Thunderclap+1","Carnage","Pommel Strike"],"picked":"SKIP","floor":38}],"player_experience":346234,"relics_obtained":[{"floor":6,"key":"Red Skull"},{"floor":9,"key":"Bronze Scales"},{"floor":11,"key":"Bag of Preparation"},{"floor":14,"key":"Nunchaku"},{"floor":25,"key":"Peace Pipe"},{"floor":26,"key":"Whetstone"},{"floor":30,"key":"Oddly Smooth Stone"},{"floor":40,"key":"Ancient Tea Set"}],"event_choices":[{"damage_healed":0,"gold_gain":0,"player_choice":"Ignored","damage_taken":0,"max_hp_gain":0,"max_hp_loss":0,"event_name":"Liars Game","floor":2,"gold_loss":0},{"damage_healed":0,"gold_gain":0,"player_choice":"Take Damage","damage_taken":20,"relics_obtained":["Golden Idol"],"max_hp_gain":0,"max_hp_loss":0,"event_name":"Golden Idol","floor":3,"gold_loss":0},{"cards_removed":["Bash"],"damage_healed":0,"gold_gain":0,"player_choice":"Card Removal","damage_taken":0,"max_hp_gain":0,"max_hp_loss":0,"event_name":"The Cleric","floor":4,"gold_loss":50},{"cards_removed":["Defend_R"],"damage_healed":0,"gold_gain":0,"player_choice":"Gave Gold","damage_taken":0,"max_hp_gain":0,"max_hp_loss":0,"event_name":"Beggar","floor":19,"gold_loss":75},{"damage_healed":0,"gold_gain":0,"player_choice":"Ignored","damage_taken":0,"max_hp_gain":0,"max_hp_loss":0,"event_name":"Ghosts","floor":20,"gold_loss":0},{"damage_healed":0,"gold_gain":0,"player_choice":"Read","damage_taken":0,"max_hp_gain":0,"max_hp_loss":0,"event_name":"The Library","floor":21,"gold_loss":0,"cards_obtained":["Iron Wave"]},{"damage_healed":0,"gold_gain":0,"player_choice":"Memory 1","damage_taken":0,"max_hp_gain":0,"max_hp_loss":0,"event_name":"SensoryStone","floor":37,"gold_loss":0},{"damage_healed":0,"gold_gain":0,"player_choice":"Ignored","damage_taken":0,"max_hp_gain":0,"max_hp_loss":0,"event_name":"Tomb of Lord Red Mask","floor":39,"gold_loss":0}],"is_beta":false,"boss_relics":[{"not_picked":["Coffee Dripper","Philosopher\u0027s Stone"],"picked":"Lizard Tail"},{"not_picked":["Runic Pyramid","Busted Crown"],"picked":"Astrolabe"}],"items_purged_floors":[36],"is_endless":false,"potions_floor_spawned":[1,5,10,11,18,25,27,30],"killed_by":"Nemesis","ascension_level":0}