{"gold_per_floor":[112,125,125,46,46,46,78,94,94,94,112,37,37,65,65,164,164,178,178,193,207,207],"floor_reached":22,"playtime":1065,"items_purged":[],"score":213,"play_id":"181c4db4-702b-473e-a4d2-ec5acb3367c3","local_time":"20180819221159","is_ascension_mode":true,"campfire_choices":[{"floor":6,"key":"REST"},{"floor":10,"key":"REST"},{"floor":13,"key":"REST"},{"floor":15,"key":"REST"}],"neow_cost":"TEN_PERCENT_HP_LOSS","seed_source_timestamp":247438595777889,"circlet_count":0,"master_deck":["Strike_B","Strike_B+1","Strike_B","Strike_B","Defend_B","Defend_B","Defend_B+1","Defend_B","Zap","Dualcast","Seek","Hologram","Defragment","Genetic Algorithm","Ball Lightning","Conserve Battery","Glacier","Cold Snap","Rebound","Genetic Algorithm","Seek","Streamline","Conserve Battery","Darkness","Redo","Capacitor","Reprogram+1","Ball Lightning","Rip and Tear"],"relics":["Cracked Core","Calipers","Strawberry","Kunai","The Courier","Orrery"],"potions_floor_usage":[8,16,22,22],"damage_taken":[{"damage":1,"enemies":"Cultist","floor":1,"turns":3},{"damage":10,"enemies":"Jaw Worm","floor":2,"turns":4},{"damage":47,"enemies":"3 Sentries","floor":7,"turns":9},{"damage":12,"enemies":"Small Slimes","floor":8,"turns":4},{"damage":4,"enemies":"Looter","floor":11,"turns":2},{"damage":28,"enemies":"Gremlin Nob","floor":14,"turns":5},{"damage":17,"enemies":"Hexaghost","floor":16,"turns":14},{"damage":17,"enemies":"Chosen","floor":18,"turns":8},{"damage":20,"enemies":"Spheric Guardian","floor":20,"turns":5},{"damage":28,"enemies":"Snake Plant","floor":21,"turns":6},{"damage":20,"enemies":"Chosen and Byrds","floor":22,"turns":6}],"seed_played":"-6846055701021655075","potions_obtained":[{"floor":7,"key":"Dexterity Potion"},{"floor":14,"key":"Block Potion"},{"floor":20,"key":"Weak Potion"},{"floor":21,"key":"Dexterity Potion"}],"is_trial":false,"path_per_floor":["M","M","?","$","?","R","E","M","T","R","M","$","R","E","R","B",null,"M","?","M","M"],"character_chosen":"DEFECT","items_purchased":["Genetic Algorithm","Cold Snap","Rebound"],"campfire_rested":4,"item_purchase_floors":[4,12,12],"current_hp_per_floor":[67,57,54,54,40,60,20,8,8,30,26,26,48,20,42,25,75,58,58,38,10,0],"gold":207,"neow_bonus":"THREE_RARE_CARDS","is_prod":false,"is_daily":false,"chose_seed":false,"campfire_upgraded":0,"win_rate":0,"timestamp":1534738319,"path_taken":["M","M","?","$","?","R","E","M","T","R","M","$","R","E","R","BOSS","M","?","M","M","M"],"build_version":"2018-08-16","purchased_purges":0,"victory":false,"max_hp_per_floor":[68,68,68,68,68,68,75,75,75,75,75,75,75,75,75,75,75,75,75,75,75,75],"card_choices":[{"not_picked":["Multi-Cast","Fission"],"picked":"Seek","floor":0},{"not_picked":["Force Field","Reprogram"],"picked":"Hologram","floor":1},{"not_picked":["Barrage","Beam Cell"],"picked":"Defragment","floor":2},{"not_picked":["Sweeping Beam","Redo"],"picked":"Ball Lightning","floor":7},{"not_picked":["Coolheaded","Stack"],"picked":"Conserve Battery","floor":8},{"not_picked":["Biased Cognition","Turbo"],"picked":"Glacier","floor":11},{"not_picked":["Turbo","Multi-Cast"],"picked":"Genetic Algorithm","floor":14},{"not_picked":["Core Surge","Buffer"],"picked":"Seek","floor":16},{"not_picked":["Aggregate","Redo"],"picked":"Streamline","floor":17},{"not_picked":["Compile Driver","Rebound"],"picked":"Conserve Battery","floor":17},{"not_picked":["Heatsinks","Hello World"],"picked":"Darkness","floor":17},{"not_picked":["Turbo","Rip and Tear"],"picked":"Redo","floor":17},{"not_picked":["Melter","Beam Cell"],"picked":"Capacitor","floor":17},{"not_picked":["Go for the Eyes","Tempest"],"picked":"Reprogram+1","floor":18},{"not_picked":["Stack","Hologram"],"picked":"Ball Lightning","floor":20},{"not_picked":["Rebound","Genetic Algorithm"],"picked":"Rip and Tear","floor":21}],"player_experience":270177,"relics_obtained":[{"floor":7,"key":"Strawberry"},{"floor":9,"key":"Kunai"},{"floor":14,"key":"The Courier"}],"event_choices":[{"event_name":"Scrap Ooze","player_choice":"success","floor":3,"damage_taken":3},{"event_name":"Shining Light","player_choice":"Entered Light","floor":5,"damage_taken":0},{"event_name":"Ghosts","player_choice":"Ignored","floor":19,"damage_taken":0}],"is_beta":false,"boss_relics":[{"not_picked":["Eternal Feather","Nuclear Battery"],"picked":"Orrery"}],"items_purged_floors":[],"is_endless":false,"potions_floor_spawned":[7,14,20,21],"killed_by":"Chosen and Byrds","ascension_level":2}