{"gold_per_floor":[361,361,42,42,62,93,112,141,141,141,141,159,159,171,171,274,274,284,284,9,23,38,38,58,73,73,86,100,115,129,144,144,249,299,314,327,327,252,263,292,309,320,320,320],"floor_reached":44,"playtime":5621,"items_purged":["Storm+1"],"score":705,"play_id":"9236aaf6-29c4-435e-a7c4-de22ce832451","local_time":"20190323023231","is_ascension_mode":true,"campfire_choices":[{"floor":11,"key":"REST"},{"floor":13,"key":"REST"},{"data":"White Noise","floor":15,"key":"SMITH"},{"floor":23,"key":"REST"},{"data":"Loop","floor":32,"key":"SMITH"}],"neow_cost":"PERCENT_DAMAGE","seed_source_timestamp":611050511604145,"circlet_count":0,"master_deck":["Strike_B+1","Strike_B","Strike_B","Strike_B","Defend_B","Defend_B+1","Defend_B","Defend_B","Zap+1","Dualcast","Ball Lightning","Glacier","Conserve Battery","Coolheaded","Leap","Go for the Eyes","Loop","Stack","White Noise+1","Chill","Seek","Self Repair","Ball Lightning+1","Self Repair","BootSequence","Seek","RitualDagger+1","Conserve Battery","Self Repair","Defragment+1","Hologram","Loop+1","Compile Driver+1","Defragment+1","Undo","Stack","Loop+1","Stack","White Noise+1","Conserve Battery","Genetic Algorithm","Seek","Conserve Battery","Capacitor+1"],"relics":["Cracked Core","Prayer Wheel","Blue Candle","Ice Cream","WingedGreaves","Molten Egg 2","Orrery","Oddly Smooth Stone","Ornamental Fan","Tiny House","Ancient Tea Set"],"potions_floor_usage":[8,8,27,33,44,44],"damage_taken":[{"damage":2,"enemies":"Jaw Worm","floor":1,"turns":4},{"damage":5,"enemies":"Small Slimes","floor":5,"turns":3},{"damage":18,"enemies":"3 Sentries","floor":6,"turns":8},{"damage":1,"enemies":"2 Louse","floor":7,"turns":2},{"damage":0,"enemies":"Gremlin Nob","floor":8,"turns":3},{"damage":0,"enemies":"2 Fungi Beasts","floor":12,"turns":4},{"damage":0,"enemies":"Blue Slaver","floor":14,"turns":3},{"damage":34,"enemies":"The Guardian","floor":16,"turns":13},{"damage":21,"enemies":"2 Thieves","floor":18,"turns":4},{"damage":21,"enemies":"Spheric Guardian","floor":21,"turns":4},{"damage":37,"enemies":"Shelled Parasite and Fungi","floor":22,"turns":10},{"damage":14,"enemies":"Cultist and Chosen","floor":24,"turns":6},{"damage":29,"enemies":"Snecko","floor":25,"turns":6},{"damage":23,"enemies":"Centurion and Healer","floor":27,"turns":7},{"damage":1,"enemies":"Snake Plant","floor":28,"turns":9},{"damage":0,"enemies":"Chosen and Byrds","floor":29,"turns":11},{"damage":2,"enemies":"Shelled Parasite and Fungi","floor":30,"turns":16},{"damage":0,"enemies":"Cultist and Chosen","floor":31,"turns":9},{"damage":54,"enemies":"Automaton","floor":33,"turns":19},{"damage":1,"enemies":"3 Shapes","floor":35,"turns":5},{"damage":0,"enemies":"3 Darklings","floor":36,"turns":14},{"damage":40,"enemies":"Sphere and 2 Shapes","floor":39,"turns":23},{"damage":39,"enemies":"Nemesis","floor":40,"turns":59},{"damage":13,"enemies":"Spire Growth","floor":41,"turns":11},{"damage":46,"enemies":"Maw","floor":42,"turns":14},{"damage":71,"enemies":"Reptomancer","floor":44,"turns":3}],"seed_played":"5473411503095591067","potions_obtained":[{"floor":1,"key":"Fire Potion"},{"floor":7,"key":"FocusPotion"},{"floor":8,"key":"Strength Potion"},{"floor":16,"key":"Weak Potion"},{"floor":21,"key":"PowerPotion"},{"floor":25,"key":"Fire Potion"},{"floor":29,"key":"SpeedPotion"},{"floor":34,"key":"FairyPotion"}],"is_trial":false,"path_per_floor":["?","?","T","?","?"],"character_chosen":"DEFECT","items_purchased":["Prayer Wheel","Ball Lightning","Oddly Smooth Stone","Conserve Battery","Self Repair"],"campfire_rested":3,"item_purchase_floors":[3,3,20,20,20],"current_hp_per_floor":[48,48,48,33,28,10,9,9,9,9,31,31,53,53,53,19,61,54,48,48,41,25,47,47,39,39,30,50,71,75,75,75,42,72,71,80,76,76,76,65,73,48,48,0],"gold":320,"neow_bonus":"TWO_FIFTY_GOLD","is_prod":false,"is_daily":false,"chose_seed":false,"campfire_upgraded":2,"win_rate":0,"timestamp":1553322751,"path_taken":["M","?","$","?","M","E","M","E","T","?","R","M","R","M","R","BOSS","M","?","$","M","M","R","M","M","T","M","M","M","M","M","R","BOSS","M","M","?","$","M","E","M","M","T","E"],"build_version":"2019-01-23","purchased_purges":1,"victory":false,"max_hp_per_floor":[75,75,75,75,75,75,75,75,75,75,75,75,75,75,75,75,75,75,75,75,75,75,75,75,75,75,75,75,75,75,75,75,75,80,80,80,76,76,76,76,76,76,76,76],"card_choices":[{"not_picked":["Aggregate","Sweeping Beam","Gash"],"picked":"SKIP","floor":1},{"not_picked":["Ball Lightning","Cold Snap"],"picked":"Glacier","floor":5},{"not_picked":["Auto Shields","Rebound","Meteor Strike"],"picked":"SKIP","floor":5},{"not_picked":["Compile Driver","Tempest"],"picked":"Conserve Battery","floor":6},{"not_picked":["Go for the Eyes","Turbo"],"picked":"Coolheaded","floor":7},{"not_picked":["Stack","Reprogram"],"picked":"Leap","floor":7},{"not_picked":["Beam Cell","Compile Driver"],"picked":"Go for the Eyes","floor":8},{"not_picked":["Rebound+1","Recycle"],"picked":"Loop","floor":12},{"not_picked":["Steam","Chaos"],"picked":"Stack","floor":12},{"not_picked":["Conserve Battery","Coolheaded"],"picked":"White Noise","floor":14},{"not_picked":["Auto Shields","Leap"],"picked":"Chill","floor":14},{"not_picked":["Multi-Cast","All For One+1"],"picked":"Seek","floor":16},{"not_picked":["Cold Snap+1","Beam Cell+1"],"picked":"Self Repair","floor":17},{"not_picked":["Chaos","Stack"],"picked":"Ball Lightning+1","floor":17},{"not_picked":["Redo","Go for the Eyes+1"],"picked":"Self Repair","floor":17},{"not_picked":["Rebound+1","Steam"],"picked":"Storm","floor":17},{"not_picked":["Chaos","Beam Cell+1"],"picked":"BootSequence","floor":17},{"not_picked":["Stack","Turbo"],"picked":"Seek","floor":18},{"not_picked":["Hologram","Turbo","Chill"],"picked":"SKIP","floor":18},{"not_picked":["Turbo","Cold Snap+1"],"picked":"Defragment+1","floor":21},{"not_picked":["Compile Driver+1","Redo","Go for the Eyes+1"],"picked":"SKIP","floor":21},{"not_picked":["Coolheaded","Redo+1"],"picked":"Hologram","floor":22},{"not_picked":["Beam Cell+1","Aggregate+1","Streamline+1"],"picked":"SKIP","floor":22},{"not_picked":["Steam+1","Chaos"],"picked":"Loop","floor":24},{"not_picked":["Conserve Battery","All For One+1"],"picked":"Compile Driver+1","floor":24},{"not_picked":["Barrage+1","Leap+1"],"picked":"Defragment+1","floor":25},{"not_picked":["Steam Power+1","Coolheaded","Recycle"],"picked":"SKIP","floor":25},{"not_picked":["Chaos","Streamline+1"],"picked":"Undo","floor":27},{"not_picked":["Beam Cell+1","Turbo"],"picked":"Stack","floor":27},{"not_picked":["FTL+1","Steam"],"picked":"Loop+1","floor":28},{"not_picked":["Barrage+1","Electrodynamics"],"picked":"Stack","floor":28},{"not_picked":["Conserve Battery","Hello World"],"picked":"White Noise+1","floor":29},{"not_picked":["Darkness","Barrage+1","Gash+1"],"picked":"SKIP","floor":29},{"not_picked":["Sweeping Beam+1","Go for the Eyes+1"],"picked":"Conserve Battery","floor":30},{"not_picked":["Barrage+1","Lockon+1","Darkness+1"],"picked":"SKIP","floor":30},{"not_picked":["Gash+1","Heatsinks"],"picked":"Genetic Algorithm","floor":31},{"not_picked":["Streamline+1","Undo+1","Beam Cell+1"],"picked":"SKIP","floor":31},{"not_picked":["Reboot","Electrodynamics"],"picked":"Seek","floor":33},{"not_picked":["Cold Snap+1","Barrage+1"],"picked":"Conserve Battery","floor":34},{"not_picked":["Aggregate+1","Glacier"],"picked":"Capacitor+1","floor":35},{"not_picked":["Leap","Cold Snap+1","Double Energy"],"picked":"SKIP","floor":35},{"not_picked":["Static Discharge","Consume+1","FTL+1"],"picked":"SKIP","floor":36},{"not_picked":["Consume","Rip and Tear+1","Go for the Eyes+1"],"picked":"SKIP","floor":36},{"not_picked":["Hyperbeam+1","Go for the Eyes+1","Gash+1"],"picked":"SKIP","floor":39},{"not_picked":["BootSequence+1","Reinforced Body+1","Coolheaded"],"picked":"SKIP","floor":39},{"not_picked":["Rebound+1","Go for the Eyes+1","Glacier"],"picked":"SKIP","floor":40},{"not_picked":["Steam","Gash+1","Echo Form"],"picked":"SKIP","floor":41},{"not_picked":["Ball Lightning+1","Gash+1","FTL+1"],"picked":"SKIP","floor":41},{"not_picked":["Go for the Eyes+1","Beam Cell+1","Lockon+1"],"picked":"SKIP","floor":42},{"not_picked":["Darkness+1","Scrape+1","Cold Snap+1"],"picked":"SKIP","floor":42}],"player_experience":914212,"relics_obtained":[{"floor":6,"key":"Blue Candle"},{"floor":8,"key":"Ice Cream"},{"floor":9,"key":"WingedGreaves"},{"floor":10,"key":"Molten Egg 2"},{"floor":26,"key":"Ornamental Fan"},{"floor":40,"key":"Ancient Tea Set"}],"event_choices":[{"damage_healed":0,"gold_gain":0,"player_choice":"Grow","damage_taken":0,"max_hp_gain":0,"max_hp_loss":0,"event_name":"Living Wall","floor":2,"gold_loss":0,"cards_upgraded":["Zap"]},{"damage_healed":0,"gold_gain":0,"player_choice":"Entered Light","damage_taken":15,"max_hp_gain":0,"max_hp_loss":0,"event_name":"Shining Light","floor":4,"gold_loss":0,"cards_upgraded":["Strike_B","Defend_B"]},{"damage_healed":0,"gold_gain":0,"player_choice":"Joined the Cult","damage_taken":6,"max_hp_gain":0,"max_hp_loss":0,"event_name":"Nest","floor":19,"gold_loss":0,"cards_obtained":["RitualDagger"]},{"damage_healed":0,"gold_gain":0,"player_choice":"Max HP","damage_taken":0,"max_hp_gain":0,"max_hp_loss":4,"event_name":"Winding Halls","floor":37,"gold_loss":0}],"is_beta":false,"boss_relics":[{"not_picked":["White Beast Statue","Black Star"],"picked":"Orrery"},{"not_picked":["Snecko Eye","Runic Pyramid"],"picked":"Tiny House"}],"items_purged_floors":[38],"is_endless":false,"potions_floor_spawned":[1,7,8,16,21,24,25,29,30,36,40,41,42],"killed_by":"Reptomancer","ascension_level":7}