{"gold_per_floor":[110,8,25,35,53,83,83,83,83,83,83,93,149,149,149,149],"floor_reached":16,"playtime":2736,"items_purged":[],"score":115,"play_id":"6b4f13a8-f6ed-4d26-a4e5-9662e8cebb10","local_time":"20190407162408","is_ascension_mode":true,"campfire_choices":[{"floor":7,"key":"REST"},{"floor":11,"key":"REST"},{"data":"Barricade","floor":15,"key":"SMITH"}],"neow_cost":"NONE","seed_source_timestamp":707534169862000,"circlet_count":0,"master_deck":["Strike_R+1","Strike_R","Strike_R","Strike_R+1","Defend_R","Defend_R","Defend_R","Defend_R","Bash","Disarm","Disarm","Shrug It Off","Ghostly Armor","Shrug It Off","Barricade+1","Shrug It Off"],"relics":["Burning Blood","Bag of Preparation","WingedGreaves"],"potions_floor_usage":[5,6,16],"damage_taken":[{"damage":8,"enemies":"Small Slimes","floor":1,"turns":3},{"damage":4,"enemies":"Cultist","floor":3,"turns":3},{"damage":7,"enemies":"Jaw Worm","floor":4,"turns":5},{"damage":1,"enemies":"Exordium Wildlife","floor":5,"turns":4},{"damage":65,"enemies":"3 Sentries","floor":6,"turns":18},{"damage":0,"enemies":"Blue Slaver","floor":12,"turns":7},{"damage":39,"enemies":"3 Sentries","floor":13,"turns":23},{"damage":41,"enemies":"Hexaghost","floor":16,"turns":23}],"seed_played":"2010924923818588269","potions_obtained":[{"floor":3,"key":"Ancient Potion"},{"floor":4,"key":"SkillPotion"},{"floor":5,"key":"Swift Potion"},{"floor":13,"key":"Weak Potion"}],"is_trial":false,"path_per_floor":["M","$","M","M","M","E","R","?","T","?","R","M","?","?","R","B"],"character_chosen":"IRONCLAD","items_purchased":["Disarm","Shrug It Off"],"campfire_rested":2,"item_purchase_floors":[2,2],"current_hp_per_floor":[86,86,88,87,88,29,55,60,60,60,87,93,60,41,41,0],"gold":149,"neow_bonus":"TEN_PERCENT_HP_BONUS","is_prod":false,"is_daily":false,"chose_seed":false,"campfire_upgraded":1,"win_rate":0,"timestamp":1554668648,"path_taken":["M","$","M","M","M","E","R","?","T","?","R","?","?","?","R","BOSS"],"build_version":"2019-01-23","purchased_purges":0,"victory":false,"max_hp_per_floor":[88,88,88,88,88,88,88,93,93,93,93,93,93,93,93,93],"card_choices":[{"not_picked":["Pommel Strike","Entrench"],"picked":"Disarm","floor":1},{"not_picked":["Warcry","Entrench"],"picked":"Ghostly Armor","floor":3},{"not_picked":["Wild Strike","Flex","Iron Wave"],"picked":"SKIP","floor":4},{"not_picked":["Clash","Anger","Clothesline"],"picked":"SKIP","floor":5},{"not_picked":["Sever Soul","Clothesline"],"picked":"Shrug It Off","floor":6},{"not_picked":["Evolve","Flex"],"picked":"Barricade","floor":12},{"not_picked":["Rage","Armaments"],"picked":"Shrug It Off","floor":13}],"player_experience":226755,"relics_obtained":[{"floor":6,"key":"Bag of Preparation"},{"floor":13,"key":"WingedGreaves"}],"event_choices":[{"damage_healed":0,"gold_gain":0,"player_choice":"Donut","damage_taken":0,"max_hp_gain":5,"max_hp_loss":0,"event_name":"Big Fish","floor":8,"gold_loss":0},{"cards_removed":["Strike_R"],"damage_healed":0,"gold_gain":0,"player_choice":"Offered Basic","damage_taken":0,"max_hp_gain":0,"max_hp_loss":0,"event_name":"Bonfire Elementals","floor":10,"gold_loss":0},{"damage_healed":0,"gold_gain":0,"player_choice":"Searched \u00271\u0027 times","damage_taken":0,"max_hp_gain":0,"max_hp_loss":0,"event_name":"Dead Adventurer","floor":13,"gold_loss":0},{"damage_healed":0,"gold_gain":0,"player_choice":"Entered Light","damage_taken":19,"max_hp_gain":0,"max_hp_loss":0,"event_name":"Shining Light","floor":14,"gold_loss":0,"cards_upgraded":["Strike_R","Strike_R"]}],"is_beta":false,"boss_relics":[],"items_purged_floors":[],"is_endless":false,"potions_floor_spawned":[3,4,5,13],"killed_by":"Hexaghost","ascension_level":3}