{"gold_per_floor":[111,123,133,12,30,30,54,71,71,82,82,99,99,174,174,275,275,294,393,410,59,74,74,109,109,109,136,136,136,156,191,191,286,286,298,173,273,285,135,135,164,164,164,164,178,178,3,3,3,3],"floor_reached":51,"playtime":7857,"items_purged":["Strike_R","Strike_R","Strike_R","Strike_R","Bash"],"score":768,"play_id":"b5919cc1-3c86-48c8-8eef-f3919f6447ca","local_time":"20190407105512","is_ascension_mode":true,"campfire_choices":[{"data":"True Grit","floor":6.0,"key":"SMITH"},{"floor":11.0,"key":"REST"},{"data":"Reaper","floor":13.0,"key":"SMITH"},{"data":"Inflame","floor":15.0,"key":"SMITH"},{"data":"Limit Break","floor":23,"key":"SMITH"},{"data":"Whirlwind","floor":25,"key":"SMITH"},{"data":"Shockwave","floor":28,"key":"SMITH"},{"data":"Flame Barrier","floor":32,"key":"SMITH"},{"data":"Dark Embrace","floor":40,"key":"SMITH"},{"data":"Sentinel","floor":44,"key":"SMITH"},{"floor":46,"key":"RECALL"},{"data":"Madness","floor":49,"key":"SMITH"}],"neow_cost":"NONE","seed_source_timestamp":0,"circlet_count":0,"master_deck":["Defend_R","Defend_R","Defend_R","Defend_R","Shrug It Off","True Grit+1","Shrug It Off","Inflame+1","Sentinel+1","Reaper+1","Limit Break+1","Shockwave+1","Shrug It Off","Whirlwind+1","Flame Barrier+1","Dark Embrace+1","Feed","Disarm+1","Shockwave+1","Thinking Ahead","Madness+1","Madness"],"special_seed":0,"relics":["Burning Blood","Odd Mushroom","FossilizedHelix","Sozu","Art of War","Pantograph","Meat on the Bone","Nunchaku","Bottled Tornado","Runic Pyramid","Dead Branch","Sundial","Gremlin Horn"],"potions_floor_usage":[20,24],"damage_taken":[{"damage":1.0,"enemies":"Cultist","floor":1.0,"turns":3.0},{"damage":4.0,"enemies":"Small Slimes","floor":2.0,"turns":3.0},{"damage":7.0,"enemies":"Jaw Worm","floor":3.0,"turns":4.0},{"damage":4.0,"enemies":"Red Slaver","floor":5.0,"turns":5.0},{"damage":38.0,"enemies":"The Mushroom Lair","floor":7.0,"turns":10.0},{"damage":15.0,"enemies":"Exordium Wildlife","floor":8.0,"turns":8.0},{"damage":14.0,"enemies":"Lots of Slimes","floor":10.0,"turns":6.0},{"damage":1.0,"enemies":"Large Slime","floor":12.0,"turns":10.0},{"damage":36,"enemies":"The Guardian","floor":16,"turns":15},{"damage":18,"enemies":"Shell Parasite","floor":18,"turns":6},{"damage":22,"enemies":"Spheric Guardian","floor":20,"turns":7},{"damage":8,"enemies":"Snake Plant","floor":22,"turns":4},{"damage":13,"enemies":"Slavers","floor":24,"turns":6},{"damage":2,"enemies":"Book of Stabbing","floor":27,"turns":6},{"damage":0,"enemies":"Chosen and Byrds","floor":30,"turns":4},{"damage":43,"enemies":"Slavers","floor":31,"turns":6},{"damage":45,"enemies":"Automaton","floor":33,"turns":9},{"damage":34,"enemies":"3 Shapes","floor":35,"turns":4},{"damage":0,"enemies":"Mind Bloom Boss Battle","floor":37,"turns":8},{"damage":16,"enemies":"3 Darklings","floor":38,"turns":3},{"damage":0,"enemies":"Giant Head","floor":41,"turns":7},{"damage":18,"enemies":"4 Shapes","floor":45,"turns":2},{"damage":16,"enemies":"Donu and Deca","floor":50,"turns":13}],"seed_played":"-2622851650688957852","potions_obtained":[{"floor":2.0,"key":"EssenceOfSteel"},{"floor":7.0,"key":"SteroidPotion"},{"floor":8.0,"key":"Ancient Potion"},{"floor":12.0,"key":"LiquidBronze"},{"floor":16,"key":"SteroidPotion"}],"is_trial":false,"path_per_floor":["M","M","M","$","M","R","?","M","T","M","R","M","R","?","R","B",null,"M","?","M","$","M","R","E","R","T","E","R","?","M","E","R","B",null,"M","$","?","M","$","R","E","?","T","R","M","R","$","?","R","B",null],"character_chosen":"IRONCLAD","items_purchased":["True Grit","Shrug It Off","Whirlwind","Art of War"],"campfire_rested":1,"item_purchase_floors":[4,21,21,21],"current_hp_per_floor":[88,88,87,87,88,88,56,47,47,39,65,70,70,62,62,35,88,82,82,76,76,74,74,81,81,81,88,88,88,88,51,51,49,88,78,78,91,81,81,81,94,94,94,94,82,82,82,70,70,94],"gold":3,"neow_bonus":"TEN_PERCENT_HP_BONUS","is_prod":false,"is_daily":false,"chose_seed":false,"campfire_upgraded":10,"win_rate":0,"timestamp":1554648912,"path_taken":["M","?","M","$","M","R","?","M","T","M","R","M","R","?","R","BOSS","M","?","M","$","M","R","E","R","T","E","R","?","M","E","R","BOSS","M","?","?","M","$","R","E","?","T","R","M","R","$","?","R","BOSS"],"build_version":"2019-01-23","purchased_purges":5,"victory":true,"max_hp_per_floor":[88,88,88,88,88,88,88,88,88,88,88,88,88,88,88,88,88,88,88,88,88,88,88,88,88,88,88,88,88,88,88,88,88,88,91,91,91,91,91,91,94,94,94,94,94,94,94,94,94,94],"card_choices":[{"not_picked":["Perfected Strike","Pummel"],"picked":"Shrug It Off","floor":1.0},{"not_picked":["Second Wind","Armaments","Anger"],"picked":"SKIP","floor":2.0},{"not_picked":["Uppercut","Anger","Headbutt"],"picked":"SKIP","floor":3.0},{"not_picked":["Sword Boomerang","Second Wind"],"picked":"Shrug It Off","floor":5.0},{"not_picked":["Clothesline","Cleave"],"picked":"Inflame","floor":7.0},{"not_picked":["Rage","Uppercut"],"picked":"Sentinel","floor":8.0},{"not_picked":["Sever Soul","Uppercut","Second Wind"],"picked":"SKIP","floor":10.0},{"not_picked":["Pommel Strike","Bloodletting"],"picked":"Reaper","floor":12.0},{"not_picked":["Bludgeon","Juggernaut"],"picked":"Limit Break","floor":16},{"not_picked":["Clash","Armaments"],"picked":"Shockwave","floor":18},{"not_picked":["Pommel Strike","Warcry","Infernal Blade+1"],"picked":"SKIP","floor":20},{"not_picked":["Clash+1","Cleave","Body Slam"],"picked":"SKIP","floor":22},{"not_picked":["Clash","Rupture","Warcry"],"picked":"SKIP","floor":24},{"not_picked":["Brutality","Headbutt"],"picked":"Flame Barrier","floor":27},{"not_picked":["Whirlwind+1","Hemokinesis","Entrench+1"],"picked":"SKIP","floor":30},{"not_picked":["Clash","Iron Wave+1","Cleave+1"],"picked":"SKIP","floor":31},{"not_picked":["Dark Embrace","Reaper"],"picked":"Feed","floor":33},{"not_picked":["Dual Wield+1","Cleave"],"picked":"Disarm+1","floor":35},{"not_picked":["Perfected Strike+1","Uppercut+1","Clothesline"],"picked":"SKIP","floor":38},{"not_picked":["Rupture","Armaments+1"],"picked":"Shockwave+1","floor":41},{"not_picked":["Chrysalis","Panache"],"picked":"Thinking Ahead","floor":42},{"not_picked":["Warcry+1","Twin Strike+1","Pommel Strike"],"picked":"SKIP","floor":45}],"player_experience":202506,"relics_obtained":[{"floor":7.0,"key":"Odd Mushroom"},{"floor":9.0,"key":"FossilizedHelix"},{"floor":24,"key":"Pantograph"},{"floor":26,"key":"Meat on the Bone"},{"floor":27,"key":"Nunchaku"},{"floor":31,"key":"Bottled Tornado"},{"floor":37,"key":"Dead Branch"},{"floor":41,"key":"Sundial"},{"floor":43,"key":"Gremlin Horn"}],"event_choices":[{"damage_healed":0.0,"max_hp_gain":0.0,"max_hp_loss":0.0,"gold_gain":0.0,"event_name":"Mushrooms","player_choice":"Fought Mushrooms","floor":7.0,"gold_loss":0.0,"damage_taken":0.0},{"damage_healed":0.0,"max_hp_gain":0.0,"max_hp_loss":0.0,"gold_gain":75.0,"event_name":"FaceTrader","player_choice":"Touch","floor":14.0,"gold_loss":0.0,"damage_taken":8.0},{"damage_healed":0,"gold_gain":99,"player_choice":"Stole From Cult","damage_taken":0,"max_hp_gain":0,"max_hp_loss":0,"event_name":"Nest","floor":19,"gold_loss":0},{"damage_healed":0,"gold_gain":0,"cards_transformed":["Strike_R"],"player_choice":"Transformed","damage_taken":0,"max_hp_gain":0,"max_hp_loss":0,"event_name":"Transmorgrifier","floor":29,"gold_loss":0,"cards_obtained":["Dark Embrace"]},{"damage_healed":0,"gold_gain":0,"player_choice":"Fight","damage_taken":0,"max_hp_gain":0,"max_hp_loss":0,"event_name":"MindBloom","floor":37,"gold_loss":0},{"damage_healed":0,"gold_gain":0,"player_choice":"Memory 1","damage_taken":0,"max_hp_gain":0,"max_hp_loss":0,"event_name":"SensoryStone","floor":42,"gold_loss":0},{"damage_healed":0,"gold_gain":0,"player_choice":"Embrace Madness","damage_taken":12,"max_hp_gain":0,"max_hp_loss":0,"event_name":"Winding Halls","floor":48,"gold_loss":0,"cards_obtained":["Madness","Madness"]}],"is_beta":false,"boss_relics":[{"not_picked":["Empty Cage","Philosopher\u0027s Stone"],"picked":"Sozu"},{"not_picked":["Tiny House","Mark of Pain"],"picked":"Runic Pyramid"}],"items_purged_floors":[4,21,36,39,47],"is_endless":false,"potions_floor_spawned":[2,7,8,12,16,22,24,27,33,38,41],"ascension_level":2}