{"gold_per_floor":[369,381,381,456,126,126,138,158,238,238,238,413,413,425,425,425],"floor_reached":16,"playtime":670,"items_purged":[],"score":90,"play_id":"bebe3fd8-be21-47f4-8543-72510863c3ea","local_time":"20190105142231","is_ascension_mode":false,"campfire_choices":[{"data":"Cloak And Dagger","floor":6.0,"key":"SMITH"},{"floor":10.0,"key":"REST"},{"data":"Neutralize","floor":15.0,"key":"SMITH"}],"neow_cost":"PERCENT_DAMAGE","seed_source_timestamp":337992847749931,"circlet_count":0,"master_deck":["Defend_G","Defend_G","Defend_G","Defend_G","Defend_G","Strike_G","Strike_G","Strike_G","Strike_G","Survivor","Neutralize+1","Cloak And Dagger+1","Blur","Doubt","Parasite"],"special_seed":0,"relics":["Ring of the Snake","Matryoshka","Happy Flower","Letter Opener","Darkstone Periapt"],"potions_floor_usage":[16],"damage_taken":[{"damage":2.0,"enemies":"Small Slimes","floor":1.0,"turns":5.0},{"damage":4.0,"enemies":"Jaw Worm","floor":2.0,"turns":6.0},{"damage":0.0,"enemies":"2 Louse","floor":7.0,"turns":4.0},{"damage":0.0,"enemies":"Gremlin Gang","floor":8.0,"turns":9.0},{"damage":8.0,"enemies":"Large Slime","floor":14.0,"turns":11.0},{"damage":67,"enemies":"Hexaghost","floor":16,"turns":16}],"seed_played":"8506159569421079153","potions_obtained":[{"floor":8.0,"key":"PowerPotion"}],"is_trial":false,"path_per_floor":["M","M","?","?","$","R","M","M","T","R","?","?","?","M","R","B"],"character_chosen":"THE_SILENT","items_purchased":["Matryoshka","Blur"],"campfire_rested":1,"item_purchase_floors":[5,5],"current_hp_per_floor":[47,43,36,25,25,25,25,25,25,46,43,49,74,66,66,0],"gold":425,"neow_bonus":"TWO_FIFTY_GOLD","is_prod":false,"is_daily":false,"chose_seed":false,"campfire_upgraded":2,"win_rate":0,"timestamp":1546726951,"path_taken":["M","M","?","?","$","R","M","M","T","R","?","?","?","M","R","BOSS"],"build_version":"2019-01-03v4","purchased_purges":0,"victory":false,"max_hp_per_floor":[70,70,70,70,70,70,70,70,70,70,70,76,82,82,82,82],"card_choices":[{"not_picked":["Flying Knee","Prepared"],"picked":"Cloak And Dagger","floor":1.0},{"not_picked":["Underhanded Strike","Dagger Spray","PiercingWail"],"picked":"SKIP","floor":2.0},{"not_picked":["Dagger Throw","PiercingWail","Poisoned Stab"],"picked":"SKIP","floor":7.0},{"not_picked":["Finisher","Slice","Dagger Spray"],"picked":"SKIP","floor":8.0},{"not_picked":["PiercingWail","Dodge and Roll","Bane"],"picked":"SKIP","floor":14.0}],"player_experience":102986,"relics_obtained":[{"floor":9.0,"key":"Happy Flower"},{"floor":9.0,"key":"Letter Opener"}],"event_choices":[{"cards_removed":["Strike_G"],"damage_healed":0.0,"max_hp_gain":0.0,"max_hp_loss":0.0,"gold_gain":0.0,"event_name":"Golden Wing","player_choice":"Card Removal","floor":3.0,"gold_loss":0.0,"damage_taken":7.0},{"damage_healed":0.0,"max_hp_gain":0.0,"max_hp_loss":0.0,"gold_gain":75.0,"event_name":"World of Goop","player_choice":"Gather Gold","floor":4.0,"gold_loss":0.0,"damage_taken":11.0},{"damage_healed":0.0,"max_hp_gain":0.0,"max_hp_loss":0.0,"gold_gain":0.0,"event_name":"Scrap Ooze","player_choice":"Success","floor":11.0,"gold_loss":0.0,"damage_taken":3.0,"relics_obtained":["Darkstone Periapt"]},{"damage_healed":0.0,"max_hp_gain":0.0,"max_hp_loss":0.0,"gold_gain":175.0,"event_name":"Liars Game","player_choice":"AGREE","floor":12.0,"gold_loss":0.0,"damage_taken":0.0,"cards_obtained":["Doubt"]},{"damage_healed":19.0,"max_hp_gain":0.0,"max_hp_loss":0.0,"gold_gain":0.0,"event_name":"Mushrooms","player_choice":"Healed and dodged fight","floor":13.0,"gold_loss":0.0,"damage_taken":0.0,"cards_obtained":["Parasite"]}],"is_beta":false,"boss_relics":[],"items_purged_floors":[],"is_endless":false,"potions_floor_spawned":[8],"killed_by":"Hexaghost","ascension_level":0}