{"gold_per_floor":[118,118,133,144,144,174,24,24,106,118,181,181,9,26,26,123,123,105,105,37,37,52,85,85],"floor_reached":24,"playtime":1060,"items_purged":[],"score":214,"play_id":"3efe5b1b-de37-41cc-9d51-58ca745ed394","local_time":"20180731153442","is_ascension_mode":false,"campfire_choices":[{"floor":8,"key":"REST"},{"floor":15,"key":"REST"}],"neow_cost":"NONE","seed_source_timestamp":423260602860509,"circlet_count":0,"master_deck":["Strike_B","Strike_B","Strike_B+1","Strike_B+1","Defend_B","Defend_B","Defend_B","Defend_B","Zap","Dualcast+1","Consume","Conserve Battery","Melter","Cold Snap+1","Coolheaded","Cold Snap","Gash","Static Discharge","Defragment","Sweeping Beam","Coolheaded","Storm","Beam Cell","Glacier","Machine Learning","Glacier","Defragment","Defragment","Chaos","Melter"],"relics":["Cracked Core","Whetstone","Blue Candle","Singing Bowl","Bronze Scales","Empty Cage","Meat on the Bone"],"potions_floor_usage":[6,11,14,16,23],"damage_taken":[{"damage":7,"enemies":"Small Slimes","floor":1,"turns":3},{"damage":9,"enemies":"2 Louse","floor":3,"turns":3},{"damage":1,"enemies":"Cultist","floor":4,"turns":3},{"damage":25,"enemies":"Gremlin Nob","floor":6,"turns":4},{"damage":11,"enemies":"Red Slaver","floor":10,"turns":3},{"damage":12,"enemies":"3 Sentries","floor":11,"turns":4},{"damage":2,"enemies":"2 Fungi Beasts","floor":14,"turns":3},{"damage":30,"enemies":"Slime Boss","floor":16,"turns":11},{"damage":14,"enemies":"2 Thieves","floor":18,"turns":4},{"damage":0,"enemies":"Spheric Guardian","floor":22,"turns":2},{"damage":29,"enemies":"Slavers","floor":23,"turns":5},{"damage":21,"enemies":"Snake Plant","floor":24,"turns":1}],"seed_played":"-4739997560908662244","potions_obtained":[{"floor":1,"key":"FocusPotion"},{"floor":4,"key":"Poison Potion"},{"floor":11,"key":"Strength Potion"},{"floor":14,"key":"SpeedPotion"},{"floor":18,"key":"AttackPotion"}],"is_trial":false,"path_per_floor":["M","?","M","M","?","E","$","R","T","M","?","?","$","M","R","B",null,"M","?","$","?","M","E"],"character_chosen":"DEFECT","items_purchased":["Cold Snap","Gash","Static Discharge","Coolheaded","Storm","Beam Cell","Defragment"],"campfire_rested":2,"item_purchase_floors":[7,7,7,13,13,13,20],"current_hp_per_floor":[68,53,44,43,43,18,18,40,40,29,17,17,17,15,37,7,75,61,47,47,47,47,18,0],"gold":85,"neow_bonus":"THREE_CARDS","is_prod":false,"is_daily":false,"chose_seed":false,"campfire_upgraded":0,"win_rate":0,"timestamp":1533072882,"path_taken":["M","?","M","M","?","E","$","R","T","M","?","?","$","?","R","BOSS","M","?","$","?","M","E","M"],"build_version":"2018-07-26","purchased_purges":0,"victory":false,"max_hp_per_floor":[75,75,75,75,75,75,75,75,75,75,75,75,75,75,75,75,75,75,80,80,80,80,80,80],"card_choices":[{"not_picked":["Compile Driver","Rebound"],"picked":"Consume","floor":0},{"not_picked":["Doom and Gloom","Barrage"],"picked":"Conserve Battery","floor":1},{"not_picked":["Rebound","Machine Learning"],"picked":"Melter","floor":3},{"not_picked":["Barrage","Compile Driver"],"picked":"Cold Snap","floor":4},{"not_picked":["Consume","FTL"],"picked":"Coolheaded","floor":6},{"not_picked":["Ball Lightning","Consume"],"picked":"Defragment","floor":10},{"not_picked":["Double Energy","Compile Driver"],"picked":"Sweeping Beam","floor":11},{"not_picked":["Aggregate","Leap"],"picked":"Glacier","floor":14},{"not_picked":["Buffer","Multi-Cast"],"picked":"Machine Learning","floor":16},{"not_picked":["Turbo","Barrage"],"picked":"Glacier","floor":18},{"not_picked":["Rip and Tear","Gash"],"picked":"Chaos","floor":22},{"not_picked":["Sweeping Beam","Fission"],"picked":"Melter","floor":23}],"player_experience":134817,"relics_obtained":[{"floor":6,"key":"Whetstone"},{"floor":9,"key":"Blue Candle"},{"floor":11,"key":"Singing Bowl"},{"floor":23,"key":"Meat on the Bone"}],"event_choices":[{"event_name":"Shining Light","player_choice":"Entered Light","floor":2,"damage_taken":0},{"event_name":"Wheel of Change","player_choice":"Curse","floor":5,"damage_taken":0},{"event_name":"Dead Adventurer","player_choice":"Searched \u00271\u0027 times","floor":11,"damage_taken":0},{"event_name":"Big Fish","player_choice":"Box","floor":12,"damage_taken":0},{"event_name":"Forgotten Altar","player_choice":"Shed Blood","floor":19,"damage_taken":0},{"event_name":"Duplicator","player_choice":"One dupe","floor":21,"damage_taken":0}],"is_beta":false,"boss_relics":[{"not_picked":["Runic Dome","Busted Crown"],"picked":"Empty Cage"}],"items_purged_floors":[],"is_endless":false,"potions_floor_spawned":[1,4,11,14,18],"killed_by":"Snake Plant","ascension_level":0}