{"gold_per_floor":[109,109,109,59,10,10,25,50,50,73,19,32,32,52,52,177,240,259,277,277,298,298,298,339,339,412,450,465,465,151,151,151,151],"floor_reached":33,"playtime":1757,"items_purged":["Strike_G"],"score":330,"play_id":"2b9fe2df-859d-472a-b749-8b43cb62452c","local_time":"20181028122601","is_ascension_mode":true,"campfire_choices":[{"data":"Dodge and Roll","floor":6,"key":"SMITH"},{"data":"Deadly Poison","floor":13,"key":"SMITH"},{"data":"Bouncing Flask","floor":15,"key":"SMITH"},{"data":"Footwork","floor":23,"key":"SMITH"},{"floor":25,"key":"REST"},{"floor":32,"key":"REST"}],"neow_cost":"NONE","seed_source_timestamp":1535101518624414,"circlet_count":0,"master_deck":["Defend_G","Defend_G","Defend_G","Defend_G","Defend_G","Strike_G","Survivor","Neutralize+1","Dagger Spray+1","Injury","Dodge and Roll+1","Deadly Poison+1","Prepared","Endless Agony","Deadly Poison","Backstab","Bouncing Flask+1","Corpse Explosion","Deadly Poison","Footwork+1","Bouncing Flask+1","Dodge and Roll","Blur+1"],"relics":["Ring of the Snake","Golden Idol","Meat on the Bone","Tiny House","Potion Belt","Frozen Egg 2","Paper Crane","Bottled Tornado"],"potions_floor_usage":[21,27,27,33],"damage_taken":[{"damage":8,"enemies":"Jaw Worm","floor":1,"turns":6},{"damage":0,"enemies":"2 Louse","floor":7,"turns":3},{"damage":0,"enemies":"Small Slimes","floor":8,"turns":3},{"damage":0,"enemies":"Blue Slaver","floor":10,"turns":4},{"damage":12,"enemies":"Lots of Slimes","floor":12,"turns":3},{"damage":0,"enemies":"Looter","floor":14,"turns":3},{"damage":14,"enemies":"Hexaghost","floor":16,"turns":8},{"damage":0,"enemies":"3 Byrds","floor":18,"turns":2},{"damage":3,"enemies":"Spheric Guardian","floor":19,"turns":3},{"damage":0,"enemies":"Snake Plant","floor":21,"turns":3},{"damage":48,"enemies":"Book of Stabbing","floor":24,"turns":5},{"damage":31,"enemies":"Slavers","floor":27,"turns":4},{"damage":0,"enemies":"3 Cultists","floor":28,"turns":2},{"damage":96,"enemies":"Champ","floor":33,"turns":9}],"seed_played":"-7727856844424967186","potions_obtained":[{"floor":8,"key":"GhostInAJar"},{"floor":14,"key":"SmokeBomb"},{"floor":17,"key":"SmokeBomb"},{"floor":19,"key":"Block Potion"},{"floor":24,"key":"Energy Potion"},{"floor":28,"key":"FearPotion"}],"is_trial":false,"path_per_floor":["M","?","?","?","$","R","M","M","T","M","$","M","R","M","R","B",null,"M","M","?","M","?","R","E","R","T","E","M","?","$","?","R"],"character_chosen":"THE_SILENT","items_purchased":["Dodge and Roll","Deadly Poison","Bottled Tornado"],"campfire_rested":2,"item_purchase_floors":[5,11,30],"current_hp_per_floor":[62,62,62,62,62,62,62,62,62,62,62,50,50,50,50,36,75,75,72,72,72,72,72,36,58,58,39,39,39,39,39,61,0],"gold":151,"neow_bonus":"REMOVE_CARD","is_prod":false,"is_daily":false,"chose_seed":false,"campfire_upgraded":4,"win_rate":0,"timestamp":1540751161,"path_taken":["M","?","?","?","$","R","M","M","T","?","$","M","R","M","R","BOSS","M","?","?","M","?","R","E","R","T","E","?","?","?","?","R","BOSS"],"build_version":"2018-10-25v2","purchased_purges":1,"victory":false,"max_hp_per_floor":[70,70,70,70,70,70,70,70,70,70,70,70,70,70,70,70,75,75,75,75,75,75,75,75,75,75,75,75,75,75,75,75,75],"card_choices":[{"not_picked":["Cloak And Dagger","Underhanded Strike"],"picked":"Dagger Spray","floor":1},{"not_picked":["Accuracy","Outmaneuver"],"picked":"Deadly Poison","floor":7},{"not_picked":["Outmaneuver","Accuracy"],"picked":"Prepared","floor":8},{"not_picked":["Slice","Infinite Blades"],"picked":"Endless Agony","floor":10},{"not_picked":["Skewer","Predator"],"picked":"Backstab","floor":12},{"not_picked":["Distraction","Setup"],"picked":"Bouncing Flask","floor":14},{"not_picked":["Phantasmal Killer","Bullet Time"],"picked":"Corpse Explosion","floor":16},{"not_picked":["Backflip","Dodge and Roll"],"picked":"Deadly Poison","floor":17},{"not_picked":["Outmaneuver","Deadly Poison"],"picked":"Footwork","floor":18},{"not_picked":["Tactician","Prepared","Expertise"],"picked":"SKIP","floor":19},{"not_picked":["Riddle With Holes","Flechettes"],"picked":"Dodge and Roll","floor":21},{"not_picked":["Storm of Steel","Masterful Stab+1","Endless Agony"],"picked":"SKIP","floor":24},{"not_picked":["Dash+1","Predator"],"picked":"Blur","floor":27},{"not_picked":["Setup+1","Endless Agony+1","Acrobatics"],"picked":"SKIP","floor":28}],"player_experience":928828,"relics_obtained":[{"floor":9,"key":"Meat on the Bone"},{"floor":24,"key":"Potion Belt"},{"floor":26,"key":"Frozen Egg 2"},{"floor":27,"key":"Paper Crane"}],"event_choices":[{"damage_healed":0,"gold_gain":0,"player_choice":"Take Wound","damage_taken":0,"relics_obtained":["Golden Idol"],"max_hp_gain":0,"max_hp_loss":0,"event_name":"Golden Idol","floor":2,"gold_loss":0,"cards_obtained":["Injury"]},{"damage_healed":0,"gold_gain":0,"player_choice":"Upgraded","damage_taken":0,"max_hp_gain":0,"max_hp_loss":0,"event_name":"Upgrade Shrine","floor":3,"gold_loss":0,"cards_upgraded":["Neutralize"]},{"cards_removed":["Strike_G"],"damage_healed":0,"gold_gain":0,"player_choice":"Card Removal","damage_taken":0,"max_hp_gain":0,"max_hp_loss":0,"event_name":"The Cleric","floor":4,"gold_loss":50},{"damage_healed":0,"gold_gain":0,"player_choice":"Copied","damage_taken":0,"max_hp_gain":0,"max_hp_loss":0,"event_name":"Duplicator","floor":20,"gold_loss":0,"cards_obtained":["Bouncing Flask"]},{"cards_removed":["Strike_G"],"damage_healed":0,"gold_gain":0,"player_choice":"Purged","damage_taken":0,"max_hp_gain":0,"max_hp_loss":0,"event_name":"Purifier","floor":22,"gold_loss":0},{"damage_healed":0,"gold_gain":0,"player_choice":"Ignored","damage_taken":0,"max_hp_gain":0,"max_hp_loss":0,"event_name":"Cursed Tome","floor":29,"gold_loss":0},{"damage_healed":0,"gold_gain":0,"player_choice":"Forge","damage_taken":0,"max_hp_gain":0,"max_hp_loss":0,"event_name":"Accursed Blacksmith","floor":31,"gold_loss":0,"cards_upgraded":["Blur"]}],"is_beta":false,"boss_relics":[{"not_picked":["Ectoplasm","Astrolabe"],"picked":"Tiny House"}],"items_purged_floors":[30],"is_endless":false,"potions_floor_spawned":[8,14,19,24,28],"killed_by":"Champ","ascension_level":4}