{"gold_per_floor":[118,130,130,141,156,156,191,191,218,243,260,260,275,308,308,380,380,380,290,19,19,19,19,19,19,19,19,19,19],"floor_reached":29,"playtime":1994,"items_purged":[],"score":474,"play_id":"f558e9db-c06a-4606-b505-12c273997a38","local_time":"20190331000936","is_ascension_mode":true,"campfire_choices":[{"data":"Bash","floor":6,"key":"SMITH"},{"data":"Metallicize","floor":8,"key":"SMITH"},{"data":"Uppercut","floor":15,"key":"SMITH"},{"floor":24,"key":"REST"}],"neow_cost":"NONE","seed_source_timestamp":1297293638319359,"circlet_count":0,"master_deck":["AscendersBane","Strike_R","Strike_R","Strike_R","Strike_R","Strike_R","Defend_R","Defend_R","Defend_R","Bash+1","Metallicize+1","Armaments","Reckless Charge","Evolve","Headbutt","Shrug It Off+1","Pommel Strike","Uppercut+1","Demon Form","True Grit","Iron Wave","Whirlwind","Reckless Charge","Limit Break","Wild Strike","Anger"],"relics":["Burning Blood","Oddly Smooth Stone","Blood Vial","Regal Pillow","WarpedTongs","Matryoshka","Ectoplasm","Kunai","Ornamental Fan","The Courier"],"potions_floor_usage":[23,25],"damage_taken":[{"damage":1,"enemies":"Jaw Worm","floor":1,"turns":5},{"damage":1,"enemies":"Small Slimes","floor":2,"turns":4},{"damage":3,"enemies":"Cultist","floor":4,"turns":5},{"damage":0,"enemies":"Blue Slaver","floor":5,"turns":5},{"damage":31,"enemies":"Lagavulin","floor":7,"turns":9},{"damage":14,"enemies":"3 Sentries","floor":10,"turns":8},{"damage":18,"enemies":"Exordium Thugs","floor":11,"turns":5},{"damage":12,"enemies":"Exordium Wildlife","floor":13,"turns":6},{"damage":1,"enemies":"Lagavulin","floor":14,"turns":7},{"damage":37,"enemies":"The Guardian","floor":16,"turns":12},{"damage":25,"enemies":"3 Byrds","floor":18,"turns":5},{"damage":8,"enemies":"Chosen","floor":21,"turns":5},{"damage":14,"enemies":"Snecko","floor":22,"turns":4},{"damage":35,"enemies":"Slavers","floor":23,"turns":5},{"damage":46,"enemies":"Gremlin Leader","floor":25,"turns":5},{"damage":4,"enemies":"Centurion and Healer","floor":27,"turns":6},{"damage":14,"enemies":"3 Cultists","floor":28,"turns":6},{"damage":16,"enemies":"Snecko","floor":29,"turns":4}],"seed_played":"3734383071518500884","potions_obtained":[{"floor":0,"key":"SmokeBomb"},{"floor":0,"key":"SpeedPotion"},{"floor":0,"key":"FearPotion"},{"floor":22,"key":"Strength Potion"},{"floor":27,"key":"FearPotion"}],"is_trial":false,"path_per_floor":["?","?","M","?","$"],"character_chosen":"IRONCLAD","items_purchased":["Kunai","Iron Wave"],"campfire_rested":1,"item_purchase_floors":[20,20],"current_hp_per_floor":[77,80,73,76,80,80,55,55,55,49,39,39,35,42,42,13,63,46,46,46,46,40,13,52,14,14,18,12,0],"gold":19,"neow_bonus":"THREE_SMALL_POTIONS","is_prod":false,"is_daily":false,"chose_seed":false,"campfire_upgraded":3,"win_rate":0,"timestamp":1554005376,"path_taken":["M","M","?","M","M","R","E","R","T","E","M","?","?","E","R","BOSS","M","?","?","M","M","E","R","E","T","M","M","M"],"build_version":"2019-01-23","purchased_purges":0,"victory":false,"max_hp_per_floor":[80,80,80,80,80,80,80,80,80,80,80,80,80,80,80,80,80,80,80,80,80,80,80,80,80,80,80,80,80],"card_choices":[{"not_picked":["Heavy Blade","Warcry"],"picked":"Metallicize","floor":1},{"not_picked":["Corruption","Iron Wave"],"picked":"Armaments","floor":2},{"not_picked":["Wild Strike","Sentinel"],"picked":"Reckless Charge","floor":4},{"not_picked":["Sword Boomerang","Clash","Havoc"],"picked":"SKIP","floor":5},{"not_picked":["Hemokinesis","True Grit"],"picked":"Evolve","floor":7},{"not_picked":["Second Wind","Pummel"],"picked":"Headbutt","floor":10},{"not_picked":["Sword Boomerang","Rupture"],"picked":"Shrug It Off","floor":11},{"not_picked":["Body Slam","Sword Boomerang"],"picked":"Pommel Strike","floor":13},{"not_picked":["Flex","Entrench"],"picked":"Uppercut","floor":14},{"not_picked":["Feed","Dark Embrace"],"picked":"Demon Form","floor":16},{"not_picked":["Shrug It Off","Armaments"],"picked":"True Grit","floor":18},{"not_picked":["Rage","Fire Breathing"],"picked":"Whirlwind","floor":21},{"not_picked":["Armaments","True Grit"],"picked":"Reckless Charge","floor":22},{"not_picked":["Thunderclap+1","Havoc"],"picked":"Limit Break","floor":25},{"not_picked":["Dropkick","Havoc"],"picked":"Wild Strike","floor":27},{"not_picked":["Hemokinesis","Carnage"],"picked":"Anger","floor":28}],"player_experience":1311202,"relics_obtained":[{"floor":7,"key":"Oddly Smooth Stone"},{"floor":9,"key":"Blood Vial"},{"floor":10,"key":"Regal Pillow"},{"floor":14,"key":"Matryoshka"},{"floor":25,"key":"Ornamental Fan"},{"floor":26,"key":"The Courier"}],"event_choices":[{"cards_removed":["Defend_R"],"damage_healed":0,"gold_gain":0,"player_choice":"Card Removal","damage_taken":7,"max_hp_gain":0,"max_hp_loss":0,"event_name":"Golden Wing","floor":3,"gold_loss":0},{"damage_healed":0,"gold_gain":0,"player_choice":"Rummage","damage_taken":0,"relics_obtained":["WarpedTongs"],"max_hp_gain":0,"max_hp_loss":0,"event_name":"Accursed Blacksmith","floor":12,"gold_loss":0,"cards_obtained":["Pain"]},{"cards_removed":["Pain"],"damage_healed":0,"gold_gain":0,"player_choice":"Upgrade and Remove","damage_taken":0,"max_hp_gain":0,"max_hp_loss":0,"event_name":"Designer","floor":19,"gold_loss":90,"cards_upgraded":["Shrug It Off"]}],"is_beta":false,"boss_relics":[{"not_picked":["Eternal Feather","Runic Pyramid"],"picked":"Ectoplasm"}],"items_purged_floors":[],"is_endless":false,"potions_floor_spawned":[2,5,11,13,16,22,23,27],"killed_by":"Snecko","ascension_level":13}