{"gold_per_floor":[109,119,119,4,4,36,36,53,53,70,90,90,101,120,120,216,216,233,248,248,267,279,314,326,326,326,326,341,341,352,362,362,459,459,476,12,25,44,344,344],"floor_reached":40,"playtime":5654,"items_purged":[],"score":491,"play_id":"2b53f5b6-cf1d-4fd0-870f-0d505b495173","local_time":"20190209094429","is_ascension_mode":false,"campfire_choices":[{"data":"Well Laid Plans","floor":7.0,"key":"SMITH"},{"data":"Caltrops","floor":12.0,"key":"SMITH"},{"data":"Bouncing Flask","floor":15.0,"key":"SMITH"},{"floor":27.0,"key":"REST"},{"floor":32,"key":"REST"}],"neow_cost":"NONE","seed_source_timestamp":0,"circlet_count":0,"master_deck":["Defend_G+1","Defend_G+1","Defend_G+1","Defend_G+1","Defend_G+1","Strike_G+1","Strike_G+1","Strike_G+1","Strike_G+1","Survivor","Neutralize","Well Laid Plans+1","Blade Dance","Dash","Caltrops+1","Deadly Poison","Flying Knee","Endless Agony","Caltrops+1","Crippling Poison","Bouncing Flask+1","Bane","Envenom","Riddle With Holes","Catalyst","Skewer","PiercingWail","Outmaneuver+1","Bouncing Flask+1","J.A.X.","Regret","Bane","Catalyst+1","A Thousand Cuts","Envenom","Backflip","Apotheosis","Jack Of All Trades","Backflip+1","Endless Agony"],"special_seed":0,"relics":["Ring of the Snake","NeowsBlessing","Peace Pipe","Bird Faced Urn","Cursed Key","Matryoshka","Pantograph","Mercury Hourglass","Sozu","Chemical X"],"potions_floor_usage":[30,38],"damage_taken":[{"damage":0.0,"enemies":"Jaw Worm","floor":1.0,"turns":1.0},{"damage":0.0,"enemies":"Cultist","floor":2.0,"turns":1.0},{"damage":0.0,"enemies":"Lagavulin","floor":6.0,"turns":1.0},{"damage":0.0,"enemies":"Small Slimes","floor":8.0,"turns":2.0},{"damage":2.0,"enemies":"Exordium Thugs","floor":10.0,"turns":5.0},{"damage":0.0,"enemies":"Lots of Slimes","floor":11.0,"turns":4.0},{"damage":10.0,"enemies":"Large Slime","floor":13.0,"turns":4.0},{"damage":2.0,"enemies":"Looter","floor":14.0,"turns":3.0},{"damage":18.0,"enemies":"Hexaghost","floor":16.0,"turns":7.0},{"damage":15.0,"enemies":"2 Thieves","floor":18.0,"turns":4.0},{"damage":0.0,"enemies":"Spheric Guardian","floor":19.0,"turns":3.0},{"damage":16.0,"enemies":"3 Cultists","floor":21.0,"turns":5.0},{"damage":0.0,"enemies":"Snecko","floor":22.0,"turns":3.0},{"damage":49.0,"enemies":"Slavers","floor":23.0,"turns":3.0},{"damage":22.0,"enemies":"Snake Plant","floor":24.0,"turns":4.0},{"damage":15.0,"enemies":"Centurion and Healer","floor":28.0,"turns":4.0},{"damage":12,"enemies":"Sentry and Sphere","floor":30,"turns":5},{"damage":2,"enemies":"Chosen and Byrds","floor":31,"turns":4},{"damage":48,"enemies":"Automaton","floor":33,"turns":7},{"damage":19,"enemies":"3 Shapes","floor":35,"turns":4},{"damage":34,"enemies":"3 Darklings","floor":37,"turns":5},{"damage":39,"enemies":"Maw","floor":38,"turns":6},{"damage":5,"enemies":"Giant Head","floor":40,"turns":1}],"seed_played":"-4359624966853183071","potions_obtained":[{"floor":1.0,"key":"SpeedPotion"},{"floor":6.0,"key":"Regen Potion"},{"floor":11.0,"key":"AttackPotion"},{"floor":13.0,"key":"LiquidBronze"},{"floor":21.0,"key":"Strength Potion"},{"floor":24.0,"key":"Energy Potion"},{"floor":28,"key":"Weak Potion"},{"floor":33,"key":"Strength Potion"}],"is_trial":false,"path_per_floor":["M","M","?","$","?","E","R","M","T","M","M","R","M","M","R","B",null,"M","M","?","M","M","E","M","?","T","R","M","?","M","M","R","B",null,"M","$","M","M","?","E"],"character_chosen":"THE_SILENT","items_purchased":["Caltrops","Deadly Poison","Apotheosis","Chemical X","Jack Of All Trades"],"campfire_rested":2,"item_purchase_floors":[4,4,36,36,36],"current_hp_per_floor":[70,70,70,70,70,70,70,70,70,68,70,70,62,66,66,54,70,59,65,65,55,57,28,12,12,12,33,22,22,16,18,39,24,70,52,52,30,3,3,0],"gold":344,"neow_bonus":"THREE_ENEMY_KILL","is_prod":false,"is_daily":false,"chose_seed":false,"campfire_upgraded":3,"win_rate":0.0,"timestamp":1549705469,"path_taken":["M","M","?","?","?","E","R","?","T","M","M","R","?","M","R","BOSS","M","M","?","M","M","E","M","?","T","R","M","?","?","M","R","BOSS","M","$","M","M","?","E"],"build_version":"2019-01-23","purchased_purges":0,"victory":false,"max_hp_per_floor":[70,70,70,70,70,70,70,70,70,70,70,70,70,70,70,70,70,70,70,70,70,70,70,70,70,70,70,70,70,70,70,70,70,70,70,70,70,70,70,70],"card_choices":[{"not_picked":["Choke","Quick Slash"],"picked":"Well Laid Plans","floor":1.0},{"not_picked":["Distraction","Quick Slash"],"picked":"Blade Dance","floor":2.0},{"not_picked":["Quick Slash","Dagger Throw"],"picked":"Flying Knee","floor":6.0},{"not_picked":["Footwork","Outmaneuver"],"picked":"Endless Agony","floor":8.0},{"not_picked":["Bane","Leg Sweep"],"picked":"Caltrops","floor":10.0},{"not_picked":["Flechettes","Backflip"],"picked":"Crippling Poison","floor":11.0},{"not_picked":["Quick Slash","Masterful Stab"],"picked":"Bouncing Flask","floor":13.0},{"not_picked":["Riddle With Holes","Deadly Poison"],"picked":"Bane","floor":14.0},{"not_picked":["Venomology","Glass Knife"],"picked":"Envenom","floor":16.0},{"not_picked":["Backstab","PiercingWail"],"picked":"Riddle With Holes","floor":18.0},{"not_picked":["Backstab","Slice+1"],"picked":"Catalyst","floor":19.0},{"not_picked":["Acrobatics","Cloak And Dagger"],"picked":"Skewer","floor":21.0},{"not_picked":["Blade Dance","Outmaneuver"],"picked":"PiercingWail","floor":22.0},{"not_picked":["Cloak And Dagger","Blade Dance+1"],"picked":"Outmaneuver+1","floor":23.0},{"not_picked":["Underhanded Strike+1","Finisher+1"],"picked":"Bouncing Flask+1","floor":24.0},{"not_picked":["Slice","Choke"],"picked":"Bane","floor":28},{"not_picked":["Sucker Punch","Bane"],"picked":"Catalyst+1","floor":30},{"not_picked":["Infinite Blades","Endless Agony"],"picked":"A Thousand Cuts","floor":31},{"not_picked":["Die Die Die","Wraith Form v2"],"picked":"Envenom","floor":33},{"not_picked":["Dagger Throw","Bane"],"picked":"Backflip","floor":35},{"not_picked":["Blade Dance","Distraction"],"picked":"Backflip+1","floor":37},{"not_picked":["Blur","Underhanded Strike+1"],"picked":"Endless Agony","floor":38}],"player_experience":180159,"relics_obtained":[{"floor":6.0,"key":"Peace Pipe"},{"floor":9.0,"key":"Bird Faced Urn"},{"floor":23.0,"key":"Matryoshka"},{"floor":26.0,"key":"Pantograph"},{"floor":26.0,"key":"Mercury Hourglass"}],"event_choices":[{"damage_healed":0.0,"max_hp_gain":0.0,"max_hp_loss":0.0,"gold_gain":0.0,"cards_transformed":["Strike_G"],"event_name":"Transmorgrifier","player_choice":"Transformed","floor":3.0,"gold_loss":0.0,"damage_taken":0.0,"cards_obtained":["Dash"]},{"damage_healed":0.0,"max_hp_gain":0.0,"max_hp_loss":0.0,"gold_gain":0.0,"event_name":"Living Wall","player_choice":"Grow","floor":5.0,"gold_loss":0.0,"damage_taken":0.0,"cards_upgraded":["Caltrops"]},{"damage_healed":0.0,"max_hp_gain":0.0,"max_hp_loss":0.0,"gold_gain":0.0,"event_name":"Back to Basics","player_choice":"Simplicity","floor":20.0,"gold_loss":0.0,"damage_taken":0.0,"cards_upgraded":["Defend_G","Defend_G","Defend_G","Defend_G","Defend_G","Strike_G","Strike_G","Strike_G","Strike_G"]},{"damage_healed":0.0,"max_hp_gain":0.0,"max_hp_loss":0.0,"gold_gain":0.0,"event_name":"Drug Dealer","player_choice":"Obtain J.A.X.","floor":25.0,"gold_loss":0.0,"damage_taken":0.0,"cards_obtained":["J.A.X."]},{"damage_healed":0,"gold_gain":0,"player_choice":"Ignored","damage_taken":0,"max_hp_gain":0,"max_hp_loss":0,"event_name":"N\u0027loth","floor":29,"gold_loss":0},{"damage_healed":0,"gold_gain":300,"player_choice":"Gold","damage_taken":0,"max_hp_gain":0,"max_hp_loss":0,"event_name":"Wheel of Change","floor":39,"gold_loss":0}],"is_beta":false,"boss_relics":[{"not_picked":["Astrolabe","Fusion Hammer"],"picked":"Cursed Key"},{"not_picked":["Runic Dome","Eternal Feather"],"picked":"Sozu"}],"items_purged_floors":[],"is_endless":false,"potions_floor_spawned":[1,6,11,13,21,24,28,33,38],"killed_by":"Giant Head","ascension_level":0}