{"path_per_floor":["M","?","?","?","$","R","E","R","T","M","M","R","$","?","R","B",null,"M","M","?","$","M","E","R","M","T","R","T","M","E","$","R","B",null,"M","M","?","M"],"character_chosen":"IRONCLAD","items_purchased":["Tiny Chest","Rupture","Flex","Feed","Spot Weakness"],"gold_per_floor":[116,116,291,291,29,29,64,64,64,83,103,103,78,104,104,206,206,218,229,229,50,63,88,88,107,107,107,107,121,149,112,112,214,214,224,240,240,257],"floor_reached":39,"campfire_rested":2,"playtime":2146,"current_hp_per_floor":[86,86,86,69,69,69,61,61,61,67,68,68,68,71,71,44,95,70,61,45,45,50,39,39,41,41,72,72,69,54,54,101,16,109,113,64,64,7],"items_purged":["Doubt","Strike_R"],"gold":257,"play_id":"3ee0c61c-a227-420d-9cf4-6c9cf5680aad","is_prod":false,"is_daily":false,"is_ascension_mode":false,"campfire_upgraded":5,"path_taken":["M","?","?","?","$","R","E","R","T","M","?","R","$","?","R","BOSS","M","M","?","$","?","E","R","M","T","R","?","M","E","?","R","BOSS","M","M","?","M","M"],"build_version":"2018-02-01-PROD3","purchased_purges":2,"victory":false,"master_deck":["Strike_R","Strike_R+1","Strike_R+1","Strike_R","Defend_R","Defend_R","Defend_R","Bash+1","Cleave","Rupture+1","Feed+1","Infernal Blade+1","Pommel Strike+1","Flex","Thunderclap","Feed","Rampage+1","Flex+1","Feed","Rampage","Warcry","Warcry+1","Headbutt+1","Dropkick","Spot Weakness","Brutality","Doubt","Injury","Pain","Metallicize","Wild Strike"],"max_hp_per_floor":[87,87,87,87,87,87,87,87,87,87,87,87,87,91,91,95,95,95,95,95,95,102,106,106,106,106,106,106,109,109,109,109,109,109,113,113,113,117],"relics":["Burning Blood","Strawberry","Tiny Chest","Orichalcum","Happy Flower","Odd Mushroom","Sozu","Nilry\u0027s Codex","Toolbox","Gambling Chip","Bottled Flame","Regal Pillow","Calling Bell","Blue Candle","Peace Pipe","Blood Vial"],"card_choices":[{"not_picked":["Hemokinesis","Armaments"],"picked":"Cleave"},{"not_picked":["Second Wind","Rupture"],"picked":"Feed"},{"not_picked":["Shrug It Off","Evolve"],"picked":"Infernal Blade"},{"not_picked":["Thunderclap","Body Slam"],"picked":"Pommel Strike"},{"not_picked":["Sever Soul","Havoc"],"picked":"Thunderclap"},{"not_picked":["Dark Embrace","Immolate"],"picked":"Feed"},{"not_picked":["Power Through","Second Wind"],"picked":"Rampage"},{"not_picked":["Uppercut","Cleave"],"picked":"Flex"},{"not_picked":["Disarm","Sword Boomerang"],"picked":"Rampage"},{"not_picked":["Intimidate","Blood for Blood"],"picked":"Warcry"},{"not_picked":["Sword Boomerang","Hemokinesis"],"picked":"Warcry"},{"not_picked":["Shockwave","Intimidate"],"picked":"Headbutt"},{"not_picked":["Fire Breathing","Clash"],"picked":"Dropkick"},{"not_picked":["Immolate","Exhume"],"picked":"Brutality"},{"not_picked":["Headbutt","Whirlwind"],"picked":"Metallicize"},{"not_picked":["Cleave","Second Wind"],"picked":"Wild Strike"}],"player_experience":95319,"potions_floor_usage":[],"damage_taken":[{"damage":7.0,"enemies":"2 Louse","floor":1.0,"turns":3.0},{"damage":14.0,"enemies":"Gremlin Nob","floor":7.0,"turns":3.0},{"damage":0.0,"enemies":"Cultist","floor":10.0,"turns":2.0},{"damage":5.0,"enemies":"Jaw Worm","floor":11.0,"turns":2.0},{"damage":7.0,"enemies":"The Mushroom Lair","floor":14.0,"turns":3.0},{"damage":37.0,"enemies":"Slime Boss","floor":16.0,"turns":10.0},{"damage":31.0,"enemies":"2 Thieves","floor":18.0,"turns":4.0},{"damage":15.0,"enemies":"Spheric Guardian","floor":19.0,"turns":4.0},{"damage":16.0,"enemies":"3 Cultists","floor":22.0,"turns":5.0},{"damage":21.0,"enemies":"Book of Stabbing","floor":23.0,"turns":3.0},{"damage":4.0,"enemies":"Sentry and Sphere","floor":25.0,"turns":3.0},{"damage":12.0,"enemies":"Centurion and Healer","floor":29.0,"turns":3.0},{"damage":21.0,"enemies":"Gremlin Leader","floor":30.0,"turns":4.0},{"damage":91.0,"enemies":"Automaton","floor":33.0,"turns":9.0},{"damage":4.0,"enemies":"Orb Walker","floor":35.0,"turns":2.0},{"damage":55.0,"enemies":"3 Darklings","floor":36.0,"turns":6.0},{"damage":69,"enemies":"Sphere and 2 Shapes","floor":38,"turns":5},{"damage":8,"enemies":"4 Shapes","floor":39,"turns":2}],"event_choices":[{"event_name":"Living Wall","player_choice":"Grow","floor":2.0,"damage_taken":0.0},{"event_name":"Liars Game","player_choice":"agreed","floor":3.0,"damage_taken":0.0},{"event_name":"Shining Light","player_choice":"Entered Light","floor":4.0,"damage_taken":0.0},{"event_name":"Mushrooms","player_choice":"Fought Mushrooms","floor":14.0,"damage_taken":0.0},{"event_name":"Cursed Tome","player_choice":"Obtained Book","floor":20.0,"damage_taken":0.0}],"boss_relics":[],"potions_floor_spawned":[1,11,19,23,25,29,35,36],"seed_played":"8534904372399417373","killed_by":"4 Shapes","ascension_level":0,"is_trial":false}