{"gold_per_floor":[119,84,45,45,72,72,107,107,130,143,177,193,234,249,249,380,380,403,416,429,195,216,251,276,276,276,301,301,314,314,42,42,172,235,259,279,404,404,404],"floor_reached":39,"playtime":1977,"items_purged":[],"score":572,"play_id":"dceac70d-4ca4-49c6-85cb-69fef257c0ca","local_time":"20181026110423","is_ascension_mode":true,"campfire_choices":[{"data":"Shockwave","floor":6.0,"key":"SMITH"},{"data":"Inflame","floor":8.0,"key":"SMITH"},{"floor":15.0,"key":"REST"},{"floor":25.0,"key":"REST"},{"data":"Corruption","floor":28.0,"key":"SMITH"},{"floor":32.0,"key":"REST"}],"neow_cost":"PERCENT_DAMAGE","seed_source_timestamp":1357133698993576,"circlet_count":0,"master_deck":["Strike_R","Strike_R","Strike_R","Strike_R","Strike_R","Defend_R","Defend_R","Defend_R+1","Defend_R+1","Bash","Dark Shackles+1","PanicButton","Shockwave+1","Inflame+1","Injury","Metallicize","Corruption+1","Wild Strike","Body Slam","Iron Wave","Iron Wave","Feed","Twin Strike","Perfected Strike","Twin Strike","Perfected Strike","Pommel Strike","Disarm","Shockwave+1","Cleave","Seeing Red","Ghostly Armor","Discovery","Immolate","Armaments+1","Warcry","Evolve+1","Twin Strike","Inflame+1","Limit Break","Intimidate+1","Anger+1","Immolate","Inflame+1"],"special_seed":0,"relics":["Burning Blood","Golden Idol","Bronze Scales","Blood Vial","Bag of Marbles","War Paint","Sundial","Orrery","Anchor","Frozen Egg 2","Enchiridion","Medical Kit","Tiny House","Magic Flower"],"potions_floor_usage":[39,39,39],"damage_taken":[{"damage":0.0,"enemies":"Small Slimes","floor":1.0,"turns":3.0},{"damage":33.0,"enemies":"Lagavulin","floor":7.0,"turns":6.0},{"damage":4.0,"enemies":"Jaw Worm","floor":10.0,"turns":4.0},{"damage":25.0,"enemies":"Gremlin Nob","floor":11.0,"turns":5.0},{"damage":3.0,"enemies":"2 Louse","floor":12.0,"turns":2.0},{"damage":12.0,"enemies":"Lagavulin","floor":13.0,"turns":6.0},{"damage":0.0,"enemies":"2 Fungi Beasts","floor":14.0,"turns":3.0},{"damage":22.0,"enemies":"The Guardian","floor":16.0,"turns":9.0},{"damage":8.0,"enemies":"Spheric Guardian","floor":18.0,"turns":3.0},{"damage":14.0,"enemies":"Chosen","floor":19.0,"turns":3.0},{"damage":10.0,"enemies":"Centurion and Healer","floor":20.0,"turns":7.0},{"damage":21.0,"enemies":"Snake Plant","floor":22.0,"turns":6.0},{"damage":22.0,"enemies":"Book of Stabbing","floor":23.0,"turns":5.0},{"damage":13.0,"enemies":"3 Cultists","floor":24.0,"turns":5.0},{"damage":17.0,"enemies":"Chosen and Byrds","floor":27.0,"turns":5.0},{"damage":14.0,"enemies":"Centurion and Healer","floor":29.0,"turns":5.0},{"damage":44.0,"enemies":"Automaton","floor":33.0,"turns":9.0},{"damage":19,"enemies":"3 Shapes","floor":35,"turns":4},{"damage":7,"enemies":"3 Darklings","floor":36,"turns":4},{"damage":13,"enemies":"Mind Bloom Boss Battle","floor":37,"turns":9},{"damage":95,"enemies":"Awakened One","floor":39,"turns":7}],"seed_played":"8618057861528357606","potions_obtained":[{"floor":1.0,"key":"AttackPotion"},{"floor":10.0,"key":"SkillPotion"},{"floor":11.0,"key":"GamblersBrew"},{"floor":13.0,"key":"Fire Potion"},{"floor":14.0,"key":"FearPotion"},{"floor":18.0,"key":"Swift Potion"},{"floor":23.0,"key":"Ancient Potion"},{"floor":24.0,"key":"EssenceOfSteel"},{"floor":29.0,"key":"Regen Potion"},{"floor":33.0,"key":"PowerPotion"},{"floor":34.0,"key":"Dexterity Potion"},{"floor":35,"key":"PowerPotion"}],"is_trial":false,"path_per_floor":["M","?","$","?","T","R","E","R","T","M","E","M","E","M","R","B",null,"M","M","M","$","M","E","M","R","T","M","R","M","?","$","R","B",null,"M","M","?","?"],"character_chosen":"IRONCLAD","items_purchased":["Inflame","Seeing Red","Ghostly Armor","Discovery","Medical Kit","Inflame+1"],"campfire_rested":3,"item_purchase_floors":[3,21,21,21,31,31],"current_hp_per_floor":[57,77,77,77,77,77,50,50,50,54,37,42,38,46,70,56,74,74,68,66,66,53,39,34,58,58,49,49,43,27,27,51,30,73,65,66,64,64,0],"gold":404,"neow_bonus":"RANDOM_COLORLESS_2","is_prod":false,"is_daily":false,"chose_seed":false,"campfire_upgraded":3,"win_rate":0,"timestamp":1540573463,"path_taken":["M","?","$","?","?","R","E","R","T","?","E","?","E","M","R","BOSS","M","M","M","$","M","E","M","R","T","M","R","M","?","$","R","BOSS","M","M","?","?","BOSS"],"build_version":"2018-10-25v2","purchased_purges":0,"victory":false,"max_hp_per_floor":[80,80,80,80,80,80,80,80,80,80,80,80,80,80,80,80,80,80,80,80,80,80,80,80,80,80,80,80,80,80,80,80,80,85,88,88,91,91,91],"card_choices":[{"not_picked":["Reckless Charge","Burning Pact"],"picked":"Shockwave","floor":1.0},{"not_picked":["Reckless Charge","Entrench"],"picked":"Metallicize","floor":7.0},{"not_picked":["Body Slam","Twin Strike"],"picked":"Corruption","floor":10.0},{"not_picked":["Anger","Blood for Blood"],"picked":"Wild Strike","floor":11.0},{"not_picked":["Thunderclap","Twin Strike"],"picked":"Body Slam","floor":12.0},{"not_picked":["Metallicize","Clash"],"picked":"Iron Wave","floor":13.0},{"not_picked":["Clash","Sever Soul"],"picked":"Iron Wave","floor":14.0},{"not_picked":["Double Tap","Dark Embrace"],"picked":"Feed","floor":16.0},{"not_picked":["Shockwave","Thunderclap"],"picked":"Twin Strike","floor":17.0},{"not_picked":["Combust","Anger"],"picked":"Perfected Strike","floor":17.0},{"not_picked":["Perfected Strike","Pommel Strike"],"picked":"Twin Strike","floor":17.0},{"not_picked":["Dark Embrace","Feel No Pain"],"picked":"Perfected Strike","floor":17.0},{"not_picked":["Iron Wave","Cleave"],"picked":"Pommel Strike","floor":17.0},{"not_picked":["Whirlwind","Clash"],"picked":"Disarm","floor":18.0},{"not_picked":["True Grit","Combust"],"picked":"Shockwave+1","floor":19.0},{"not_picked":["Sword Boomerang","True Grit"],"picked":"Cleave","floor":20.0},{"not_picked":["Clash","Thunderclap+1"],"picked":"Immolate","floor":22.0},{"not_picked":["Clash","Bloodletting"],"picked":"Armaments+1","floor":23.0},{"not_picked":["Entrench","Cleave"],"picked":"Warcry","floor":24.0},{"not_picked":["Sentinel","Blood for Blood+1"],"picked":"Evolve+1","floor":27.0},{"not_picked":["Clothesline","Power Through"],"picked":"Twin Strike","floor":29.0},{"not_picked":["Brutality+1","Juggernaut+1"],"picked":"Limit Break","floor":33.0},{"not_picked":["Sword Boomerang","True Grit+1"],"picked":"Intimidate+1","floor":34.0},{"not_picked":["Burning Pact","Second Wind"],"picked":"Anger+1","floor":35},{"not_picked":["Flex","Thunderclap+1"],"picked":"Immolate","floor":36},{"not_picked":["Armaments","Clash"],"picked":"Inflame+1","floor":37}],"player_experience":857575,"relics_obtained":[{"floor":5.0,"key":"Bronze Scales"},{"floor":7.0,"key":"Blood Vial"},{"floor":9.0,"key":"Bag of Marbles"},{"floor":11.0,"key":"War Paint"},{"floor":13.0,"key":"Sundial"},{"floor":23.0,"key":"Anchor"},{"floor":26.0,"key":"Frozen Egg 2"},{"floor":30.0,"key":"Enchiridion"},{"floor":37,"key":"Magic Flower"}],"event_choices":[{"damage_healed":20.0,"max_hp_gain":0.0,"max_hp_loss":0.0,"gold_gain":0.0,"event_name":"The Cleric","player_choice":"Healed","floor":2.0,"gold_loss":35.0,"damage_taken":0.0},{"damage_healed":0.0,"max_hp_gain":0.0,"max_hp_loss":0.0,"gold_gain":0.0,"event_name":"Golden Idol","player_choice":"Take Wound","floor":4.0,"gold_loss":0.0,"damage_taken":0.0,"relics_obtained":["Golden Idol"],"cards_obtained":["Injury"]},{"damage_healed":0.0,"max_hp_gain":0.0,"max_hp_loss":0.0,"gold_gain":0.0,"event_name":"Cursed Tome","player_choice":"Obtained Book","floor":30.0,"gold_loss":0.0,"damage_taken":16.0},{"damage_healed":0,"gold_gain":0,"player_choice":"Fight","damage_taken":0,"max_hp_gain":0,"max_hp_loss":0,"event_name":"MindBloom","floor":37,"gold_loss":0},{"damage_healed":0,"gold_gain":0,"player_choice":"Took Portal","damage_taken":0,"max_hp_gain":0,"max_hp_loss":0,"event_name":"SecretPortal","floor":38,"gold_loss":0}],"is_beta":false,"boss_relics":[{"not_picked":["Runic Pyramid","Philosopher\u0027s Stone"],"picked":"Orrery"},{"not_picked":["Snecko Eye","Pandora\u0027s Box"],"picked":"Tiny House"}],"items_purged_floors":[],"is_endless":false,"potions_floor_spawned":[1,10,11,13,14,18,23,24,29,33,35],"killed_by":"Awakened One","ascension_level":6}