{"gold_per_floor":[111,111,125,26,101,132,132,18,125,158,158,123,152,170,170,275,275,286,297,43,43,54,54],"floor_reached":23,"playtime":954,"items_purged":[],"score":217,"play_id":"81bbafe2-f45f-42da-b5c6-aab18471cb63","local_time":"20180827154824","is_ascension_mode":true,"campfire_choices":[{"floor":7,"key":"REST"},{"data":"Bandage Up","floor":15,"key":"SMITH"}],"neow_cost":"NONE","seed_source_timestamp":915749462012217,"circlet_count":0,"master_deck":["Defend_G+1","Defend_G+1","Defend_G+1","Defend_G+1","Defend_G+1","Strike_G+1","Strike_G+1","Strike_G+1","Strike_G+1","Survivor","Neutralize","Bouncing Flask","Sucker Punch","Bandage Up+1","Cloak And Dagger","Crippling Poison","Noxious Fumes","Backflip","Dagger Throw","Blade Dance","Adrenaline","Quick Slash","Flying Knee","Infinite Blades"],"relics":["Sozu","Matryoshka","Tiny Chest","Ornamental Fan","Juzu Bracelet","Odd Mushroom","Snecko Eye","Shuriken"],"potions_floor_usage":[],"damage_taken":[{"damage":2,"enemies":"2 Louse","floor":1,"turns":2},{"damage":0,"enemies":"Jaw Worm","floor":3,"turns":3},{"damage":14,"enemies":"Gremlin Nob","floor":6,"turns":4},{"damage":14,"enemies":"Lagavulin","floor":10,"turns":6},{"damage":21,"enemies":"The Mushroom Lair","floor":13,"turns":4},{"damage":0,"enemies":"Small Slimes","floor":14,"turns":3},{"damage":38,"enemies":"Slime Boss","floor":16,"turns":12},{"damage":11,"enemies":"Shell Parasite","floor":18,"turns":6},{"damage":3,"enemies":"Spheric Guardian","floor":19,"turns":3},{"damage":9,"enemies":"Snecko","floor":22,"turns":5},{"damage":68,"enemies":"Book of Stabbing","floor":23,"turns":7}],"seed_played":"6550245728813863620","potions_obtained":[],"is_trial":false,"path_per_floor":["M","?","M","$","?","E","R","$","T","E","?","?","?","M","R","B",null,"M","M","$","?","M"],"character_chosen":"THE_SILENT","items_purchased":["Bandage Up","Crippling Poison","Noxious Fumes","Shuriken"],"campfire_rested":1,"item_purchase_floors":[4,8,8,20],"current_hp_per_floor":[68,61,61,61,50,36,57,57,57,47,47,64,47,51,51,19,70,65,67,67,67,61,0],"gold":54,"neow_bonus":"BOSS_RELIC","is_prod":false,"is_daily":false,"chose_seed":false,"campfire_upgraded":1,"win_rate":0,"timestamp":1535406504,"path_taken":["M","?","M","$","?","E","R","$","T","E","?","?","?","M","R","BOSS","M","M","$","?","M","E"],"build_version":"2018-08-23v2","purchased_purges":0,"victory":false,"max_hp_per_floor":[70,70,70,70,70,70,70,70,70,70,70,70,70,70,70,70,70,70,70,70,70,70,70],"card_choices":[{"not_picked":["Cloak And Dagger","Underhanded Strike"],"picked":"Bouncing Flask","floor":1},{"not_picked":["Calculated Gamble","Blur"],"picked":"Sucker Punch","floor":3},{"not_picked":["Prepared","Malaise"],"picked":"Cloak And Dagger","floor":6},{"not_picked":["Deflect","Slice"],"picked":"Backflip","floor":10},{"not_picked":["Acrobatics","Doppelganger"],"picked":"Dagger Throw","floor":13},{"not_picked":["Blur","Slice"],"picked":"Blade Dance","floor":14},{"not_picked":["Phantasmal Killer","Doppelganger"],"picked":"Adrenaline","floor":16},{"not_picked":["Deadly Poison","Backstab"],"picked":"Quick Slash","floor":18},{"not_picked":["Cloak And Dagger","Sucker Punch"],"picked":"Flying Knee","floor":19},{"not_picked":["Dodge and Roll","Blade Dance"],"picked":"Infinite Blades","floor":22}],"player_experience":353237,"relics_obtained":[{"floor":6,"key":"Matryoshka"},{"floor":9,"key":"Tiny Chest"},{"floor":9,"key":"Ornamental Fan"},{"floor":10,"key":"Juzu Bracelet"},{"floor":13,"key":"Odd Mushroom"}],"event_choices":[{"event_name":"Golden Wing","player_choice":"Card Removal","floor":2,"damage_taken":0},{"event_name":"World of Goop","player_choice":"Gather Gold","floor":5,"damage_taken":0},{"event_name":"The Lab","player_choice":"Got Potions","floor":11,"damage_taken":0},{"event_name":"The Cleric","player_choice":"Healed","floor":12,"damage_taken":0},{"event_name":"Mushrooms","player_choice":"Fought Mushrooms","floor":13,"damage_taken":0},{"event_name":"Back to Basics","player_choice":"Simplicity","floor":21,"damage_taken":0}],"is_beta":false,"boss_relics":[{"not_picked":["Runic Dome","Lizard Tail"],"picked":"Snecko Eye"}],"items_purged_floors":[],"is_endless":false,"potions_floor_spawned":[3,10,14,18],"killed_by":"Book of Stabbing","ascension_level":2}