{"gold_per_floor":[115,131,145,158,158,187,187,216,228,270,282,323,335,381,393,405],"floor_reached":16,"playtime":580,"items_purged":[],"score":137,"play_id":"d43fa9d1-39f6-4128-941d-41c394b83a11","local_time":"20180928210748","is_ascension_mode":true,"campfire_choices":[{"floor":11,"key":"REST"},{"floor":13,"key":"REST"},{"floor":15,"key":"REST"}],"neow_cost":"NONE","seed_source_timestamp":25209574155014,"circlet_count":0,"master_deck":["Defend_G","Defend_G","Defend_G","Defend_G","Defend_G","Strike_G","Strike_G","Strike_G","Strike_G","Strike_G","Survivor","Neutralize","Dodge and Roll","Die Die Die","Distraction","Skewer","Blade Dance","Dagger Throw","Acrobatics","Blur"],"relics":["Ring of the Snake","Happy Flower","Vajra","MawBank","Letter Opener","Nunchaku","Frozen Egg 2","Pen Nib"],"potions_floor_usage":[6,6,6,12,16],"damage_taken":[{"damage":1,"enemies":"Cultist","floor":1,"turns":4},{"damage":3,"enemies":"Small Slimes","floor":2,"turns":5},{"damage":0,"enemies":"2 Louse","floor":3,"turns":4},{"damage":3,"enemies":"Red Slaver","floor":4,"turns":5},{"damage":9,"enemies":"Lagavulin","floor":6,"turns":5},{"damage":7,"enemies":"3 Louse","floor":8,"turns":2},{"damage":13,"enemies":"Gremlin Nob","floor":10,"turns":4},{"damage":31,"enemies":"Lagavulin","floor":12,"turns":5},{"damage":20,"enemies":"Gremlin Nob","floor":14,"turns":4},{"damage":64,"enemies":"The Guardian","floor":16,"turns":12}],"seed_played":"8807440885006704644","potions_obtained":[{"floor":2,"key":"PowerPotion"},{"floor":4,"key":"AttackPotion"},{"floor":5,"key":"Regen Potion"},{"floor":10,"key":"GamblersBrew"},{"floor":12,"key":"Weak Potion"},{"floor":14,"key":"SpeedPotion"}],"is_trial":false,"path_per_floor":["M","M","M","M","?","E","?","M","T","E","R","E","R","E","R"],"character_chosen":"THE_SILENT","items_purchased":[],"campfire_rested":3,"item_purchase_floors":[],"current_hp_per_floor":[69,66,66,63,63,67,67,60,60,47,68,37,58,38,59,0],"gold":405,"neow_bonus":"RANDOM_COMMON_RELIC","is_prod":false,"is_daily":false,"chose_seed":false,"campfire_upgraded":0,"win_rate":0,"timestamp":1538183268,"path_taken":["M","?","M","M","?","E","?","M","T","E","R","E","R","E","R","BOSS"],"build_version":"2018-09-27","purchased_purges":0,"victory":false,"max_hp_per_floor":[70,70,70,70,70,70,70,70,70,70,70,70,70,70,70,70],"card_choices":[{"not_picked":["Dagger Spray","PiercingWail"],"picked":"Dodge and Roll","floor":1},{"not_picked":["Dagger Spray","Backflip"],"picked":"Escape Plan","floor":2},{"not_picked":["Cloak And Dagger","Slice"],"picked":"Die Die Die","floor":3},{"not_picked":["Dagger Throw","Infinite Blades"],"picked":"Distraction","floor":4},{"not_picked":["Quick Slash","Caltrops"],"picked":"Skewer","floor":6},{"not_picked":["Backflip","Masterful Stab"],"picked":"Blade Dance","floor":8},{"not_picked":["Underhanded Strike","Reflex"],"picked":"Dagger Throw","floor":10},{"not_picked":["Backflip","Slice"],"picked":"Acrobatics","floor":12},{"not_picked":["Outmaneuver","Corpse Explosion"],"picked":"Blur","floor":14}],"player_experience":292317,"relics_obtained":[{"floor":6,"key":"Vajra"},{"floor":9,"key":"Letter Opener"},{"floor":10,"key":"Nunchaku"},{"floor":12,"key":"Frozen Egg 2"},{"floor":14,"key":"Pen Nib"}],"event_choices":[{"event_name":"The Lab","player_choice":"Got Potions","floor":5,"damage_taken":0},{"event_name":"WeMeetAgain","player_choice":"Card","floor":7,"damage_taken":0}],"is_beta":true,"boss_relics":[],"items_purged_floors":[],"is_endless":false,"potions_floor_spawned":[2,4,10,12,14],"killed_by":"The Guardian","ascension_level":1}