{"gold_per_floor":[113,113,123,133,31,31,61,136,217,228,245,219,231,258,258,258],"floor_reached":16,"playtime":608,"items_purged":[],"score":179,"play_id":"15d00fc6-3936-4a36-b30b-1653d150b292","local_time":"20181112155324","is_ascension_mode":true,"campfire_choices":[{"data":"Flex","floor":6.0,"key":"SMITH"},{"floor":15,"key":"REST"}],"neow_cost":"NONE","seed_source_timestamp":2848277740502435,"circlet_count":0,"master_deck":["AscendersBane","Strike_R","Strike_R","Strike_R","Strike_R","Defend_R","Defend_R","Defend_R","Defend_R","Bash","Exhume","Shrug It Off","Heavy Blade","Flex+1","Heavy Blade","True Grit","Shrug It Off","Sentinel","Armaments","Warcry","Flex","Inflame","Twin Strike"],"special_seed":0,"relics":["Burning Blood","Pen Nib","Shuriken","Frozen Egg 2"],"potions_floor_usage":[13,13,14],"damage_taken":[{"damage":14.0,"enemies":"Jaw Worm","floor":1.0,"turns":5.0},{"damage":1.0,"enemies":"Cultist","floor":3.0,"turns":4.0},{"damage":7.0,"enemies":"Small Slimes","floor":4.0,"turns":4.0},{"damage":24.0,"enemies":"Gremlin Nob","floor":7.0,"turns":5.0},{"damage":13.0,"enemies":"Exordium Wildlife","floor":10.0,"turns":5.0},{"damage":10.0,"enemies":"Red Slaver","floor":11.0,"turns":6.0},{"damage":0,"enemies":"Gremlin Gang","floor":13,"turns":5},{"damage":23,"enemies":"Lagavulin","floor":14,"turns":6},{"damage":65,"enemies":"The Guardian","floor":16,"turns":11}],"seed_played":"7241239411258512911","potions_obtained":[{"floor":3.0,"key":"Block Potion"},{"floor":7.0,"key":"Strength Potion"},{"floor":11.0,"key":"BloodPotion"},{"floor":13,"key":"SneckoOil"}],"is_trial":false,"path_per_floor":["M","?","M","M","$","R","E","?","T","M","M","$","M","E","R","B"],"character_chosen":"IRONCLAD","items_purchased":["True Grit","Shrug It Off","Flex"],"campfire_rested":1,"item_purchase_floors":[5,5,12],"current_hp_per_floor":[64,64,69,68,68,68,50,39,39,32,28,28,42,25,49,0],"gold":258,"neow_bonus":"ONE_RANDOM_RARE_CARD","is_prod":false,"is_daily":false,"chose_seed":false,"campfire_upgraded":1,"win_rate":0,"timestamp":1542063204,"path_taken":["M","?","M","?","$","R","E","?","T","M","M","$","M","E","R","BOSS"],"build_version":"2018-11-08","purchased_purges":0,"victory":false,"max_hp_per_floor":[80,80,80,80,80,80,80,80,80,80,80,80,80,80,80,80],"card_choices":[{"not_picked":["Body Slam","Havoc"],"picked":"Shrug It Off","floor":1.0},{"not_picked":["Pommel Strike","Evolve"],"picked":"Flex","floor":3.0},{"not_picked":["Shrug It Off","Cleave"],"picked":"Heavy Blade","floor":4.0},{"not_picked":["Blood for Blood","Uppercut"],"picked":"Sentinel","floor":7.0},{"not_picked":["Iron Wave","Headbutt"],"picked":"Armaments","floor":10.0},{"not_picked":["Clash","Cleave"],"picked":"Warcry","floor":11.0},{"not_picked":["Body Slam","Searing Blow"],"picked":"Inflame","floor":13},{"not_picked":["Clothesline","Bludgeon"],"picked":"Twin Strike","floor":14}],"player_experience":1058162,"relics_obtained":[{"floor":7.0,"key":"Pen Nib"},{"floor":9.0,"key":"Shuriken"},{"floor":14,"key":"Frozen Egg 2"}],"event_choices":[{"damage_healed":0.0,"max_hp_gain":0.0,"max_hp_loss":0.0,"gold_gain":0.0,"cards_transformed":["Strike_R"],"event_name":"Transmorgrifier","player_choice":"Transformed","floor":2.0,"gold_loss":0.0,"damage_taken":0.0,"cards_obtained":["Heavy Blade"]},{"damage_healed":0.0,"max_hp_gain":0.0,"max_hp_loss":0.0,"gold_gain":75.0,"event_name":"World of Goop","player_choice":"Gather Gold","floor":8.0,"gold_loss":0.0,"damage_taken":11.0}],"is_beta":false,"boss_relics":[],"items_purged_floors":[],"is_endless":false,"potions_floor_spawned":[3,7,11,13],"killed_by":"The Guardian","ascension_level":12}