{"gold_per_floor":[116,127,127,141,141,141,153,170,170,185,185],"floor_reached":11,"playtime":1000,"items_purged":[],"score":101,"play_id":"f3ba540a-b2d4-449b-b3ff-85987abf7194","local_time":"20190325195709","is_ascension_mode":true,"campfire_choices":[{"data":"Neutralize","floor":6,"key":"SMITH"}],"neow_cost":"NONE","seed_source_timestamp":851143862524141,"circlet_count":0,"master_deck":["AscendersBane","Defend_G","Defend_G","Defend_G","Defend_G","Defend_G","Strike_G","Strike_G","Strike_G","Strike_G","Strike_G","Survivor","Neutralize+1","Dodge and Roll","PiercingWail","Calculated Gamble"],"relics":["Ring of the Snake","FaceOfCleric","Tingsha"],"potions_floor_usage":[11,11],"damage_taken":[{"damage":0,"enemies":"Small Slimes","floor":1,"turns":6},{"damage":2,"enemies":"Cultist","floor":2,"turns":5},{"damage":10,"enemies":"Jaw Worm","floor":4,"turns":9},{"damage":28,"enemies":"Gremlin Gang","floor":7,"turns":12},{"damage":0,"enemies":"Red Slaver","floor":8,"turns":9},{"damage":11,"enemies":"Large Slime","floor":10,"turns":14},{"damage":57,"enemies":"Gremlin Nob","floor":11,"turns":5}],"seed_played":"5542801386069293245","potions_obtained":[{"floor":4,"key":"Regen Potion"},{"floor":10,"key":"Swift Potion"}],"is_trial":false,"path_per_floor":["?","M","?","M"],"character_chosen":"THE_SILENT","items_purchased":[],"campfire_rested":0,"item_purchase_floors":[],"current_hp_per_floor":[70,68,68,58,58,58,31,32,32,22,0],"gold":185,"neow_bonus":"TEN_PERCENT_HP_BONUS","is_prod":false,"is_daily":false,"chose_seed":false,"campfire_upgraded":1,"win_rate":0,"timestamp":1553558229,"path_taken":["M","M","?","?","?","R","M","M","T","?","E"],"build_version":"2019-01-23","purchased_purges":0,"victory":false,"max_hp_per_floor":[77,77,77,77,77,77,78,79,79,80,80],"card_choices":[{"not_picked":["Escape Plan","Deflect"],"picked":"Dodge and Roll","floor":1},{"not_picked":["Acrobatics","Prepared","Catalyst"],"picked":"SKIP","floor":2},{"not_picked":["Acrobatics","Outmaneuver","Flying Knee"],"picked":"SKIP","floor":4},{"not_picked":["Endless Agony","Blade Dance"],"picked":"PiercingWail","floor":7},{"not_picked":["Accuracy","Deadly Poison","Acrobatics"],"picked":"SKIP","floor":8},{"not_picked":["Distraction","Predator"],"picked":"Calculated Gamble","floor":10}],"player_experience":1016456,"relics_obtained":[{"floor":9,"key":"Tingsha"}],"event_choices":[{"damage_healed":0,"gold_gain":0,"player_choice":"0 cards matched","damage_taken":0,"max_hp_gain":0,"max_hp_loss":0,"event_name":"Match and Keep!","floor":3,"gold_loss":0,"cards_obtained":[]},{"damage_healed":0,"gold_gain":0,"player_choice":"Trade","damage_taken":0,"relics_obtained":["FaceOfCleric"],"max_hp_gain":0,"max_hp_loss":0,"event_name":"FaceTrader","floor":5,"gold_loss":0}],"is_beta":false,"boss_relics":[],"items_purged_floors":[],"is_endless":false,"potions_floor_spawned":[4,10],"killed_by":"Gremlin Nob","ascension_level":10}