{"gold_per_floor":[12,22,41,117,117,117,149,161,186,205,205,205,205,229,229,354,354,369,369,384,143,143,143,162,162,162,175,175,175],"floor_reached":29,"playtime":1223,"items_purged":[],"score":295,"play_id":"500d949d-5f53-402e-a578-041c5f700e14","local_time":"20180905114818","is_ascension_mode":true,"campfire_choices":[{"data":"Armaments","floor":6,"key":"SMITH"},{"floor":11,"key":"REST"},{"data":"Armaments","floor":15,"key":"SMITH"},{"floor":23,"key":"REST"},{"floor":25,"key":"REST"}],"neow_cost":"NO_GOLD","seed_source_timestamp":575442594655946,"circlet_count":0,"master_deck":["Strike_R","Strike_R","Strike_R","Defend_R","Defend_R","Defend_R","Bash","Armaments+1","Metallicize","Pummel","Armaments+1","Sword Boomerang","Immolate","Rage","Thunderclap","Pommel Strike","Ghostly Armor","Armaments","Injury","Headbutt","Rampage","Impervious","Wild Strike","Infernal Blade","Rampage","Uppercut","Clothesline","Anger","Warcry","Seeing Red","Sword Boomerang+1","Twin Strike+1","Heavy Blade","Pummel","Anger","True Grit","Shrug It Off"],"relics":["Burning Blood","Darkstone Periapt","Prayer Wheel","Potion Belt","Golden Idol","Orrery","Strawberry","Mercury Hourglass","MutagenicStrength"],"potions_floor_usage":[7,8,16,27,27],"damage_taken":[{"damage":0,"enemies":"Cultist","floor":1,"turns":5},{"damage":4,"enemies":"Jaw Worm","floor":2,"turns":6},{"damage":6,"enemies":"2 Louse","floor":3,"turns":3},{"damage":54,"enemies":"Gremlin Nob","floor":7,"turns":6},{"damage":5,"enemies":"Exordium Thugs","floor":8,"turns":5},{"damage":6,"enemies":"Looter","floor":10,"turns":3},{"damage":0,"enemies":"Large Slime","floor":14,"turns":6},{"damage":69,"enemies":"The Guardian","floor":16,"turns":15},{"damage":31,"enemies":"3 Byrds","floor":18,"turns":8},{"damage":35,"enemies":"2 Thieves","floor":20,"turns":5},{"damage":26,"enemies":"Colosseum Slavers","floor":22,"turns":6},{"damage":37,"enemies":"Snecko","floor":24,"turns":5},{"damage":40,"enemies":"Shelled Parasite and Fungi","floor":27,"turns":6},{"damage":11,"enemies":"Sentry and Sphere","floor":29,"turns":2}],"seed_played":"6901307888268860565","potions_obtained":[{"floor":1,"key":"SkillPotion"},{"floor":3,"key":"BloodPotion"},{"floor":10,"key":"Weak Potion"},{"floor":20,"key":"PowerPotion"},{"floor":24,"key":"EssenceOfSteel"}],"is_trial":false,"path_per_floor":["M","M","M","T","?","R","E","M","T","M","R","?","?","M","R","B",null,"M","?","M","$","?","R","M","R","T","M","?"],"character_chosen":"IRONCLAD","items_purchased":["Strawberry","Heavy Blade","Pummel"],"campfire_rested":3,"item_purchase_floors":[21,21,21],"current_hp_per_floor":[80,80,80,80,80,80,40,41,41,41,65,65,71,77,77,14,86,61,61,32,39,19,46,15,42,42,8,8,0],"gold":175,"neow_bonus":"TRANSFORM_TWO_CARDS","is_prod":false,"is_daily":false,"chose_seed":false,"campfire_upgraded":2,"win_rate":0,"timestamp":1536169698,"path_taken":["M","M","M","?","?","R","E","M","T","?","R","?","?","M","R","BOSS","M","?","M","$","?","R","M","R","T","M","?","?"],"build_version":"2018-08-30","purchased_purges":0,"victory":false,"max_hp_per_floor":[80,80,80,80,80,80,80,80,80,80,80,80,86,86,86,86,86,86,86,86,93,93,93,93,93,93,93,93,93],"card_choices":[{"not_picked":["Perfected Strike","Hemokinesis"],"picked":"Pummel","floor":1},{"not_picked":["Warcry","Headbutt"],"picked":"Armaments","floor":2},{"not_picked":["Flame Barrier","Thunderclap"],"picked":"Sword Boomerang","floor":3},{"not_picked":["Thunderclap","Iron Wave"],"picked":"Immolate","floor":7},{"not_picked":["Havoc","Infernal Blade"],"picked":"Rage","floor":8},{"not_picked":["Perfected Strike","Clash"],"picked":"Thunderclap","floor":8},{"not_picked":["Dropkick","Whirlwind"],"picked":"Pommel Strike","floor":10},{"not_picked":["Thunderclap","Twin Strike"],"picked":"Ghostly Armor","floor":10},{"not_picked":["Carnage","Battle Trance"],"picked":"Headbutt","floor":14},{"not_picked":["True Grit","Body Slam"],"picked":"Rampage","floor":14},{"not_picked":["Demon Form","Exhume"],"picked":"Impervious","floor":16},{"not_picked":["Clash","Havoc"],"picked":"Wild Strike","floor":17},{"not_picked":["Warcry","Headbutt"],"picked":"Infernal Blade","floor":17},{"not_picked":["Warcry","Cleave"],"picked":"Rampage","floor":17},{"not_picked":["Wild Strike","Thunderclap"],"picked":"Uppercut","floor":17},{"not_picked":["Shockwave","Rupture"],"picked":"Clothesline","floor":17},{"not_picked":["Dark Embrace","Heavy Blade"],"picked":"Anger","floor":18},{"not_picked":["Body Slam","Dropkick"],"picked":"Warcry","floor":18},{"not_picked":["Perfected Strike","Carnage"],"picked":"Sword Boomerang+1","floor":20},{"not_picked":["Iron Wave","Pommel Strike"],"picked":"Twin Strike+1","floor":20},{"not_picked":["Havoc","Pommel Strike+1"],"picked":"Anger","floor":24},{"not_picked":["Body Slam","Demon Form","Cleave+1"],"picked":"SKIP","floor":24},{"not_picked":["Heavy Blade","Body Slam"],"picked":"True Grit","floor":27},{"not_picked":["Cleave+1","Sentinel"],"picked":"Shrug It Off","floor":27}],"player_experience":464441,"relics_obtained":[{"floor":4,"key":"Darkstone Periapt"},{"floor":7,"key":"Prayer Wheel"},{"floor":9,"key":"Potion Belt"},{"floor":26,"key":"Mercury Hourglass"}],"event_choices":[{"event_name":"The Cleric","player_choice":"Leave","floor":5,"damage_taken":0},{"event_name":"Living Wall","player_choice":"Change","floor":12,"damage_taken":0},{"event_name":"Golden Idol","player_choice":"Take Wound","floor":13,"damage_taken":0},{"event_name":"The Library","player_choice":"Read","floor":19,"damage_taken":0},{"event_name":"Colosseum","player_choice":"Fight","floor":22,"damage_taken":0},{"event_name":"Colosseum","player_choice":"Fled From Nobs","floor":22,"damage_taken":0},{"event_name":"Drug Dealer","player_choice":"Inject Mutagens","floor":28,"damage_taken":0}],"is_beta":false,"boss_relics":[{"not_picked":["Tiny House","Black Star"],"picked":"Orrery"}],"items_purged_floors":[],"is_endless":false,"potions_floor_spawned":[1,3,10,20,24],"killed_by":"Sentry and Sphere","ascension_level":4}