{"gold_per_floor":[114,131,131,161,188,231,243,287,599,629,641,672,684,714,726,836,848,873,885,913,925],"floor_reached":21,"playtime":1583,"items_purged":[],"score":222,"play_id":"09c4a1bd-9a40-4e05-8f25-562d9247a5f5","local_time":"20180829214704","is_ascension_mode":true,"campfire_choices":[{"floor":7,"key":"REST"},{"floor":15,"key":"REST"}],"neow_cost":"NONE","seed_source_timestamp":6197919438078,"circlet_count":0,"master_deck":["Defend_G","Defend_G","Defend_G","Defend_G","Strike_G","Strike_G","Strike_G","Strike_G","Survivor+1","Neutralize","Footwork","Noxious Fumes","Deadly Poison","Deadly Poison","Bane","PiercingWail","Concentrate","Dagger Throw","Bullet Time","Slice","Crippling Poison","Sucker Punch"],"relics":["Ring of the Snake","MawBank","Letter Opener","Dead Branch","Old Coin","Cursed Key"],"potions_floor_usage":[8,14,16,16],"damage_taken":[{"damage":1,"enemies":"2 Louse","floor":1,"turns":4},{"damage":0,"enemies":"Jaw Worm","floor":2,"turns":7},{"damage":0,"enemies":"Small Slimes","floor":4,"turns":3},{"damage":8,"enemies":"2 Fungi Beasts","floor":5,"turns":5},{"damage":21,"enemies":"Gremlin Nob","floor":6,"turns":6},{"damage":26,"enemies":"Lagavulin","floor":8,"turns":7},{"damage":28,"enemies":"Gremlin Gang","floor":10,"turns":5},{"damage":15,"enemies":"Large Slime","floor":12,"turns":7},{"damage":0,"enemies":"Exordium Thugs","floor":14,"turns":3},{"damage":8,"enemies":"Hexaghost","floor":16,"turns":11},{"damage":24,"enemies":"3 Byrds","floor":18,"turns":6},{"damage":29,"enemies":"2 Thieves","floor":20,"turns":4},{"damage":19,"enemies":"Snake Plant","floor":21,"turns":2}],"seed_played":"3960517035220682598","potions_obtained":[{"floor":5,"key":"PowerPotion"},{"floor":10,"key":"SteroidPotion"},{"floor":12,"key":"Explosive Potion"},{"floor":14,"key":"EssenceOfSteel"},{"floor":16,"key":"Ancient Potion"}],"is_trial":false,"path_per_floor":["M","M","?","M","M","E","R","E","T","M","?","M","?","M","R","B",null,"M","?","M"],"character_chosen":"THE_SILENT","items_purchased":[],"campfire_rested":2,"item_purchase_floors":[],"current_hp_per_floor":[69,69,66,66,58,37,58,32,32,4,27,12,5,5,26,18,70,46,46,17,0],"gold":925,"neow_bonus":"UPGRADE_CARD","is_prod":false,"is_daily":false,"chose_seed":false,"campfire_upgraded":0,"win_rate":0,"timestamp":1535600824,"path_taken":["M","M","?","M","M","E","R","E","T","M","?","M","?","M","R","BOSS","M","?","M","M"],"build_version":"2018-08-23v2","purchased_purges":0,"victory":false,"max_hp_per_floor":[70,70,70,70,70,70,70,70,70,70,70,70,70,70,70,70,70,70,70,70,70],"card_choices":[{"not_picked":["Sucker Punch","Dagger Throw"],"picked":"Footwork","floor":1},{"not_picked":["PiercingWail","Acrobatics"],"picked":"Noxious Fumes","floor":2},{"not_picked":["Reflex","Acrobatics"],"picked":"Deadly Poison","floor":4},{"not_picked":["Night Terror","Blade Dance"],"picked":"Deadly Poison","floor":5},{"not_picked":["Eviscerate","Endless Agony","Expertise"],"picked":"SKIP","floor":6},{"not_picked":["Concentrate","Outmaneuver"],"picked":"Bane","floor":8},{"not_picked":["Heel Hook","Expertise"],"picked":"PiercingWail","floor":10},{"not_picked":["Skewer","Quick Slash"],"picked":"Concentrate","floor":12},{"not_picked":["Expertise","Underhanded Strike"],"picked":"Dagger Throw","floor":14},{"not_picked":["Grand Finale","Wraith Form v2"],"picked":"Bullet Time","floor":16},{"not_picked":["Reflex","Dagger Throw"],"picked":"Slice","floor":18},{"not_picked":["Dagger Throw","Tactician"],"picked":"Sucker Punch","floor":20}],"player_experience":415779,"relics_obtained":[{"floor":6,"key":"Letter Opener"},{"floor":8,"key":"Dead Branch"},{"floor":9,"key":"Old Coin"}],"event_choices":[{"event_name":"Scrap Ooze","player_choice":"success","floor":3,"damage_taken":3},{"event_name":"Big Fish","player_choice":"Banana","floor":11,"damage_taken":0},{"event_name":"Golden Wing","player_choice":"Card Removal","floor":13,"damage_taken":0},{"event_name":"Transmorgrifier","player_choice":"Transform","floor":19,"damage_taken":0}],"is_beta":false,"boss_relics":[{"not_picked":["Sozu","Philosopher\u0027s Stone"],"picked":"Cursed Key"}],"items_purged_floors":[],"is_endless":false,"potions_floor_spawned":[5,10,12,14,16],"killed_by":"Snake Plant","ascension_level":3}