{"gold_per_floor":[118,118,137,157,157,189,63,63,89,89,36,36,50,67,67,165,165,178,178,278,289,150,150,182,182,228,247,264,164,184,199,199,298,298,313,324,108,108],"floor_reached":38,"playtime":2458,"items_purged":["Pain","Defend_R","Strike_R"],"score":421,"play_id":"6a9d579c-dcc6-431d-b2e0-ff22a7b5ead9","local_time":"20190204154859","is_ascension_mode":false,"campfire_choices":[{"data":"Pommel Strike","floor":10,"key":"SMITH"},{"data":"Flex","floor":12,"key":"SMITH"},{"data":"Flex","floor":15,"key":"SMITH"},{"data":"Inflame","floor":23,"key":"SMITH"},{"data":"Infernal Blade","floor":25,"key":"SMITH"},{"data":"Dual Wield","floor":32,"key":"SMITH"}],"neow_cost":"NONE","seed_source_timestamp":577977863709694,"circlet_count":0,"master_deck":["Strike_R","Strike_R","Strike_R","Strike_R","Pommel Strike+1","Clash","Clash","Cleave","Flex+1","Flex+1","Rampage+1","Clash","Flex","Inflame+1","Clash","Infernal Blade+1","Dual Wield+1","Sword Boomerang+1","Twin Strike","Feed","Sword Boomerang+1","Swift Strike"],"relics":["Burning Blood","WarpedTongs","Bag of Preparation","Blood Vial","Sozu","PreservedInsect","Oddly Smooth Stone","Empty Cage"],"potions_floor_usage":[38],"damage_taken":[{"damage":1,"enemies":"2 Louse","floor":1,"turns":4},{"damage":5,"enemies":"Cultist","floor":3,"turns":5},{"damage":2,"enemies":"Small Slimes","floor":4,"turns":3},{"damage":41,"enemies":"Gremlin Nob","floor":6,"turns":5},{"damage":0,"enemies":"Blue Slaver","floor":13,"turns":1},{"damage":5,"enemies":"Red Slaver","floor":14,"turns":2},{"damage":4,"enemies":"Slime Boss","floor":16,"turns":6},{"damage":13,"enemies":"Shell Parasite","floor":18,"turns":3},{"damage":0,"enemies":"Chosen","floor":21,"turns":2},{"damage":19,"enemies":"Gremlin Leader","floor":24,"turns":4},{"damage":0,"enemies":"Snake Plant","floor":27,"turns":1},{"damage":10,"enemies":"Shelled Parasite and Fungi","floor":28,"turns":3},{"damage":5,"enemies":"Chosen and Byrds","floor":30,"turns":3},{"damage":1,"enemies":"Sentry and Sphere","floor":31,"turns":3},{"damage":34,"enemies":"Champ","floor":33,"turns":6},{"damage":9,"enemies":"3 Shapes","floor":35,"turns":2},{"damage":41,"enemies":"3 Darklings","floor":36,"turns":3}],"seed_played":"-568134367316466425","potions_obtained":[{"floor":3,"key":"EssenceOfSteel"},{"floor":6,"key":"Dexterity Potion"},{"floor":16,"key":"EssenceOfSteel"}],"is_trial":false,"path_per_floor":["?","M","?","?","$","T","?","M"],"character_chosen":"IRONCLAD","items_purchased":["Flex","Flex","Flex","Inflame","Clash","Swift Strike"],"campfire_rested":0,"item_purchase_floors":[7,11,22,22,22,37],"current_hp_per_floor":[80,80,80,80,80,45,45,38,38,38,38,38,46,49,49,53,80,73,73,73,80,80,80,67,67,67,75,73,73,76,80,80,52,80,77,44,44,0],"gold":108,"neow_bonus":"TRANSFORM_CARD","is_prod":false,"is_daily":false,"chose_seed":false,"campfire_upgraded":6,"win_rate":0,"timestamp":1549313339,"path_taken":["M","?","M","?","?","E","$","?","T","R","?","R","M","M","R","BOSS","M","?","?","M","$","R","E","R","T","M","M","$","M","M","R","BOSS","M","?","$","M"],"build_version":"2019-01-23","purchased_purges":3,"victory":false,"max_hp_per_floor":[80,80,80,80,80,80,80,80,80,80,80,80,80,80,80,80,80,80,80,80,80,80,80,80,80,80,80,80,80,80,80,80,80,80,80,80,80,80],"card_choices":[{"not_picked":["Warcry","Wild Strike","Havoc"],"picked":"SKIP","floor":1},{"not_picked":["Armaments","Anger"],"picked":"Clash","floor":3},{"not_picked":["Second Wind","Impervious"],"picked":"Clash","floor":4},{"not_picked":["Immolate","Headbutt"],"picked":"Cleave","floor":6},{"not_picked":["Sword Boomerang","Burning Pact","Perfected Strike"],"picked":"SKIP","floor":13},{"not_picked":["Rage","Armaments","Shockwave"],"picked":"SKIP","floor":14},{"not_picked":["Fire Breathing","Burning Pact"],"picked":"Rampage+1","floor":18},{"not_picked":["Armaments","Rage"],"picked":"Clash","floor":21},{"not_picked":["Wild Strike","Uppercut"],"picked":"Infernal Blade","floor":24},{"not_picked":["Perfected Strike","Sever Soul"],"picked":"Dual Wield","floor":27},{"not_picked":["Blood for Blood","Twin Strike"],"picked":"Sword Boomerang+1","floor":28},{"not_picked":["Whirlwind","Power Through","Rampage+1"],"picked":"SKIP","floor":30},{"not_picked":["Fire Breathing","Pommel Strike"],"picked":"Twin Strike","floor":31},{"not_picked":["Impervious","Bludgeon"],"picked":"Feed","floor":33},{"not_picked":["Searing Blow","Clothesline","Headbutt"],"picked":"SKIP","floor":35},{"not_picked":["Heavy Blade","Second Wind"],"picked":"Sword Boomerang+1","floor":36}],"player_experience":225920,"relics_obtained":[{"floor":6,"key":"Bag of Preparation"},{"floor":9,"key":"Blood Vial"},{"floor":24,"key":"PreservedInsect"},{"floor":26,"key":"Oddly Smooth Stone"}],"event_choices":[{"damage_healed":0,"gold_gain":0,"player_choice":"Rummage","damage_taken":0,"relics_obtained":["WarpedTongs"],"max_hp_gain":0,"max_hp_loss":0,"event_name":"Accursed Blacksmith","floor":2,"gold_loss":0,"cards_obtained":["Pain"]},{"damage_healed":0,"gold_gain":0,"player_choice":"Ignored","damage_taken":0,"max_hp_gain":0,"max_hp_loss":0,"event_name":"Liars Game","floor":5,"gold_loss":0},{"cards_removed":["Defend_R"],"damage_healed":0,"gold_gain":0,"player_choice":"Card Removal","damage_taken":7,"max_hp_gain":0,"max_hp_loss":0,"event_name":"Golden Wing","floor":8,"gold_loss":0},{"damage_healed":0,"gold_gain":100,"player_choice":"Pray","damage_taken":0,"max_hp_gain":0,"max_hp_loss":0,"event_name":"Golden Shrine","floor":20,"gold_loss":0}],"is_beta":false,"boss_relics":[{"not_picked":["Cursed Key","Busted Crown"],"picked":"Sozu"},{"not_picked":["Fusion Hammer","Lizard Tail"],"picked":"Empty Cage"}],"items_purged_floors":[7,29,37],"is_endless":false,"potions_floor_spawned":[3,6,16,21,28,31],"killed_by":"4 Shapes","ascension_level":0}