{"gold_per_floor":[361,98,118,137,137,137,151,151,151,151,186,198,213,213,213,313,313,323,323,323,27,27,27,45,45,45,45,56,75,91,111,111,211,211,230,241,241,251,270,270,106,139,166,166,198,209,209,59,59,59,59,59,11,40,40],"floor_reached":55,"playtime":6242,"items_purged":["Defend_G","Eviscerate+1","Strike_G","Strike_G"],"score":838,"play_id":"be0c4556-d84b-4ea9-b189-d36993c3c405","local_time":"20190203025610","is_ascension_mode":true,"campfire_choices":[{"data":"Transmutation","floor":6,"key":"SMITH"},{"data":"Cloak And Dagger","floor":8,"key":"SMITH"},{"data":"Neutralize","floor":10,"key":"SMITH"},{"floor":15,"key":"REST"},{"data":"Blade Dance","floor":23,"key":"SMITH"},{"floor":32,"key":"RECALL"},{"floor":40,"key":"REST"},{"data":"Infinite Blades","floor":44,"key":"SMITH"},{"data":"Infinite Blades","floor":49,"key":"SMITH"},{"data":"Survivor","floor":52,"key":"SMITH"}],"neow_cost":"TEN_PERCENT_HP_LOSS","seed_source_timestamp":441436408530439,"circlet_count":0,"master_deck":["Defend_G","Defend_G","Survivor+1","Neutralize+1","Cloak And Dagger+1","Transmutation+1","Adrenaline+1","Bouncing Flask+1","Tools of the Trade+1","Blade Dance+1","Blade Dance+1","Cloak And Dagger+1","Deflect+1","Caltrops+1","Burst+1","Infinite Blades+1","Infinite Blades+1"],"relics":["Ring of the Snake","Meat on the Bone","Happy Flower","Bottled Lightning","Astrolabe","Toxic Egg 2","Toolbox","MutagenicStrength","Ornamental Fan","WristBlade","Lantern","Ninja Scroll","Pantograph"],"potions_floor_usage":[28,33,33,46,50,54,55,55],"damage_taken":[{"damage":6,"enemies":"Cultist","floor":1,"turns":4},{"damage":0,"enemies":"Small Slimes","floor":3,"turns":2},{"damage":0,"enemies":"2 Louse","floor":4,"turns":2},{"damage":6,"enemies":"Blue Slaver","floor":7,"turns":4},{"damage":30,"enemies":"3 Sentries","floor":11,"turns":15},{"damage":3,"enemies":"Looter","floor":12,"turns":4},{"damage":9,"enemies":"Large Slime","floor":13,"turns":9},{"damage":2,"enemies":"Hexaghost","floor":16,"turns":6},{"damage":7,"enemies":"3 Byrds","floor":18,"turns":8},{"damage":7,"enemies":"Spheric Guardian","floor":24,"turns":4},{"damage":4,"enemies":"Centurion and Healer","floor":28,"turns":6},{"damage":0,"enemies":"3 Cultists","floor":29,"turns":5},{"damage":0,"enemies":"Shelled Parasite and Fungi","floor":30,"turns":5},{"damage":6,"enemies":"Sentry and Sphere","floor":31,"turns":4},{"damage":23,"enemies":"Automaton","floor":33,"turns":9},{"damage":28,"enemies":"3 Darklings","floor":35,"turns":5},{"damage":0,"enemies":"3 Shapes","floor":36,"turns":6},{"damage":0,"enemies":"Writhing Mass","floor":38,"turns":4},{"damage":2,"enemies":"3 Darklings","floor":39,"turns":3},{"damage":17,"enemies":"Reptomancer","floor":42,"turns":4},{"damage":10,"enemies":"Giant Head","floor":45,"turns":6},{"damage":2,"enemies":"Jaw Worm Horde","floor":46,"turns":2},{"damage":39,"enemies":"Awakened One","floor":50,"turns":6},{"damage":31,"enemies":"Shield and Spear","floor":54,"turns":3},{"damage":63,"enemies":"The Heart","floor":55,"turns":3}],"seed_played":"-9012902460751891816","potions_obtained":[{"floor":1,"key":"AttackPotion"},{"floor":4,"key":"SpeedPotion"},{"floor":7,"key":"PowerPotion"},{"floor":11,"key":"Regen Potion"},{"floor":28,"key":"Weak Potion"},{"floor":31,"key":"Poison Potion"},{"floor":36,"key":"Explosive Potion"},{"floor":39,"key":"Dexterity Potion"},{"floor":45,"key":"Regen Potion"},{"floor":46,"key":"SpeedPotion"}],"is_trial":false,"path_per_floor":["M","?","M","?","?","?","?","?","?","M","?"],"character_chosen":"THE_SILENT","items_purchased":["Transmutation","Toolbox","Infinite Blades","SkillPotion"],"campfire_rested":2,"item_purchase_floors":[2,21,41,53],"current_hp_per_floor":[57,57,57,57,57,57,51,51,51,51,33,42,33,33,51,49,63,56,56,45,45,45,45,38,38,38,38,48,48,48,42,42,31,68,40,40,40,40,38,58,58,41,41,41,43,46,46,46,46,19,68,68,68,37,0],"gold":40,"neow_bonus":"TWO_FIFTY_GOLD","is_prod":false,"is_daily":false,"chose_seed":false,"campfire_upgraded":7,"win_rate":0,"timestamp":1549180570,"path_taken":["M","$","?","M","?","R","M","R","T","R","E","M","?","?","R","BOSS","M","?","?","$","?","R","M","$","T","?","M","M","M","M","R","BOSS","M","M","?","M","M","R","$","E","T","R","E","?","?","$","R","BOSS","R","$","E","BOSS"],"build_version":"2019-01-23","purchased_purges":4,"victory":false,"max_hp_per_floor":[63,63,63,63,63,63,63,63,63,63,63,63,63,63,63,63,63,63,63,68,68,68,68,68,68,68,68,68,68,68,68,68,68,68,68,68,68,68,68,68,68,68,68,68,68,68,68,68,68,68,68,68,68,68,68],"card_choices":[{"not_picked":["Eviscerate","Footwork"],"picked":"Cloak And Dagger","floor":1},{"not_picked":["Deadly Poison","Choke","Bane"],"picked":"SKIP","floor":3},{"not_picked":["Quick Slash","Deadly Poison","Predator"],"picked":"SKIP","floor":4},{"not_picked":["Quick Slash","Expertise","Underhanded Strike"],"picked":"SKIP","floor":7},{"not_picked":["Wraith Form v2","PiercingWail","Acrobatics"],"picked":"SKIP","floor":11},{"not_picked":["Sucker Punch","Underhanded Strike","Acrobatics"],"picked":"SKIP","floor":12},{"not_picked":["Dodge and Roll","Noxious Fumes","Bane"],"picked":"SKIP","floor":13},{"not_picked":["Grand Finale","Doppelganger"],"picked":"Adrenaline","floor":16},{"not_picked":["Flechettes","Deadly Poison"],"picked":"Blade Dance","floor":18},{"not_picked":["Calculated Gamble+1","Infinite Blades"],"picked":"Blade Dance+1","floor":24},{"not_picked":["Flying Knee","Deflect+1"],"picked":"Cloak And Dagger+1","floor":28},{"not_picked":["Quick Slash+1","PiercingWail+1","Crippling Poison+1"],"picked":"SKIP","floor":29},{"not_picked":["Sucker Punch","Eviscerate+1"],"picked":"Deflect+1","floor":30},{"not_picked":["Noxious Fumes","Cloak And Dagger+1"],"picked":"Caltrops+1","floor":31},{"not_picked":["Corpse Explosion+1","Die Die Die"],"picked":"Burst+1","floor":33},{"not_picked":["Calculated Gamble+1","Bane","Quick Slash"],"picked":"SKIP","floor":35},{"not_picked":["Bane","Leg Sweep+1","Quick Slash+1"],"picked":"SKIP","floor":36},{"not_picked":["Slice","Flechettes+1"],"picked":"Infinite Blades","floor":38},{"not_picked":["Dagger Throw","Bouncing Flask+1","Acrobatics+1"],"picked":"SKIP","floor":39},{"not_picked":["Unload","Outmaneuver+1","Riddle With Holes+1"],"picked":"SKIP","floor":42},{"not_picked":["Flying Knee+1","Noxious Fumes+1","Quick Slash"],"picked":"SKIP","floor":45},{"not_picked":["Masterful Stab+1","Poisoned Stab+1","Dagger Spray"],"picked":"SKIP","floor":46},{"not_picked":["Masterful Stab+1","Setup+1","PiercingWail+1"],"picked":"SKIP","floor":54}],"player_experience":188818,"relics_obtained":[{"floor":9,"key":"Happy Flower"},{"floor":11,"key":"Bottled Lightning"},{"floor":26,"key":"Ornamental Fan"},{"floor":42,"key":"Lantern"},{"floor":45,"key":"Ninja Scroll"},{"floor":54,"key":"Pantograph"}],"event_choices":[{"damage_healed":0,"gold_gain":0,"player_choice":"Gave Potion","damage_taken":0,"relics_obtained":["Meat on the Bone"],"max_hp_gain":0,"max_hp_loss":0,"event_name":"WeMeetAgain","floor":5,"gold_loss":0},{"cards_removed":["Strike_G"],"damage_healed":0,"gold_gain":0,"player_choice":"Forget","damage_taken":0,"max_hp_gain":0,"max_hp_loss":0,"event_name":"Living Wall","floor":14,"gold_loss":0},{"damage_healed":0,"gold_gain":0,"player_choice":"Opened","damage_taken":0,"relics_obtained":["Toxic Egg 2"],"max_hp_gain":0,"max_hp_loss":0,"event_name":"The Mausoleum","floor":19,"gold_loss":0},{"damage_healed":0,"gold_gain":0,"player_choice":"Shed Blood","damage_taken":16,"max_hp_gain":5,"max_hp_loss":0,"event_name":"Forgotten Altar","floor":20,"gold_loss":0},{"damage_healed":0,"gold_gain":0,"player_choice":"Inject Mutagens","damage_taken":0,"relics_obtained":["MutagenicStrength"],"max_hp_gain":0,"max_hp_loss":0,"event_name":"Drug Dealer","floor":22,"gold_loss":0},{"cards_removed":["Strike_G"],"damage_healed":0,"gold_gain":0,"player_choice":"Elegance","damage_taken":0,"max_hp_gain":0,"max_hp_loss":0,"event_name":"Back to Basics","floor":27,"gold_loss":0},{"damage_healed":0,"gold_gain":0,"player_choice":"Upgraded","damage_taken":0,"max_hp_gain":0,"max_hp_loss":0,"event_name":"Upgrade Shrine","floor":37,"gold_loss":0,"cards_upgraded":["Adrenaline"]},{"damage_healed":0,"gold_gain":0,"player_choice":"Bought 0 Potions","damage_taken":0,"max_hp_gain":0,"max_hp_loss":0,"event_name":"The Woman in Blue","floor":47,"gold_loss":0}],"is_beta":false,"boss_relics":[{"not_picked":["Sozu","Coffee Dripper"],"picked":"Astrolabe"},{"not_picked":["Pandora\u0027s Box","Calling Bell"],"picked":"WristBlade"}],"items_purged_floors":[2,21,41,48],"is_endless":false,"potions_floor_spawned":[1,4,7,11,16,18,28,31,36,39,45,46],"killed_by":"The Heart","ascension_level":3}