{"gold_per_floor":[119,119,137,137,153,103,168,182,182,200,200,55,55,69,69,167,167,150,150,169,41,41,41,52,52,52,15,35,35,68,88,88,188,188,200,0,0,400,175,175,175,186,186,206,206],"floor_reached":45,"playtime":1954,"items_purged":[],"score":523,"play_id":"b3cc23c5-eef3-42fc-97e2-9410f0dc47cf","local_time":"20181116204312","is_ascension_mode":false,"campfire_choices":[{"floor":11,"key":"REST"},{"floor":13,"key":"REST"},{"data":"Genetic Algorithm","floor":15,"key":"SMITH"},{"data":"Go for the Eyes","floor":23,"key":"SMITH"},{"data":"Sunder","floor":25,"key":"SMITH"},{"data":"Dualcast","floor":29,"key":"SMITH"},{"floor":32,"key":"REST"},{"data":"Recycle","floor":40,"key":"SMITH"}],"neow_cost":"NONE","seed_source_timestamp":268317692912317,"circlet_count":0,"master_deck":["Zap+1","Dualcast+1","Stack","Chill","Good Instincts","Melter","Gash","Conserve Battery","Coolheaded","Genetic Algorithm+1","Self Repair","Sunder+1","Conserve Battery","All For One","Coolheaded+1","Stack+1","Go for the Eyes+1","Storm","Steam+1","Defragment+1","Ball Lightning","Buffer+1","Glacier","Electrodynamics+1","Blizzard","Storm+1","Sweeping Beam","Coolheaded","Recycle+1","Genetic Algorithm","Rip and Tear","Streamline","Gash+1","Jack Of All Trades","Forethought","Auto Shields","Storm+1","Cold Snap+1"],"relics":["FrozenCore","Ginger","Incense Burner","Turnip","Frozen Egg 2","Mercury Hourglass","Pandora\u0027s Box","Red Mask","Old Coin","Happy Flower","Shuriken","Pen Nib"],"potions_floor_usage":[16,18,24,30,33,33],"damage_taken":[{"damage":4,"enemies":"Jaw Worm","floor":1,"turns":4},{"damage":0,"enemies":"Cultist","floor":3,"turns":3},{"damage":0,"enemies":"Small Slimes","floor":5,"turns":3},{"damage":47,"enemies":"Gremlin Nob","floor":7,"turns":6},{"damage":0,"enemies":"Blue Slaver","floor":8,"turns":3},{"damage":0,"enemies":"Exordium Wildlife","floor":10,"turns":5},{"damage":0,"enemies":"Lots of Slimes","floor":14,"turns":4},{"damage":7,"enemies":"Slime Boss","floor":16,"turns":7},{"damage":9,"enemies":"2 Thieves","floor":18,"turns":4},{"damage":0,"enemies":"Shell Parasite","floor":20,"turns":8},{"damage":1,"enemies":"Colosseum Slavers","floor":22,"turns":6},{"damage":16,"enemies":"Centurion and Healer","floor":24,"turns":10},{"damage":0,"enemies":"Snake Plant","floor":28,"turns":4},{"damage":34,"enemies":"Slavers","floor":30,"turns":8},{"damage":0,"enemies":"3 Cultists","floor":31,"turns":7},{"damage":0,"enemies":"Collector","floor":33,"turns":10},{"damage":12,"enemies":"3 Shapes","floor":35,"turns":3},{"damage":0,"enemies":"Mind Bloom Boss Battle","floor":38,"turns":6},{"damage":12,"enemies":"3 Darklings","floor":42,"turns":2},{"damage":21,"enemies":"Spire Growth","floor":44,"turns":4},{"damage":62,"enemies":"Sphere and 2 Shapes","floor":45,"turns":3}],"seed_played":"6194841973234137904","potions_obtained":[{"floor":1,"key":"PowerPotion"},{"floor":16,"key":"SpeedPotion"},{"floor":20,"key":"AttackPotion"},{"floor":24,"key":"EssenceOfSteel"},{"floor":28,"key":"Swift Potion"},{"floor":30,"key":"PowerPotion"},{"floor":44,"key":"Energy Potion"}],"is_trial":false,"path_per_floor":["M","?","M","?","M","?","?","M","T","M","R","$","R","M","R","B",null,"M","?","M","$","?","R","M","R","T","$","M","R","E","M","R","B",null,"M","?","?","?","$","R","T","M","T","M","M"],"character_chosen":"DEFECT","items_purchased":["Self Repair","Sunder","Go for the Eyes","Storm","Defragment+1","Storm+1","Happy Flower"],"campfire_rested":3,"item_purchase_floors":[12,12,21,21,27,39,39],"current_hp_per_floor":[71,71,71,71,71,71,24,24,24,24,46,46,68,75,75,75,75,73,59,66,66,72,72,63,63,63,63,70,70,43,50,74,80,80,75,75,70,77,77,77,77,65,65,44,0],"gold":206,"neow_bonus":"UPGRADE_CARD","is_prod":false,"is_daily":false,"chose_seed":false,"campfire_upgraded":5,"win_rate":0,"timestamp":1542426192,"path_taken":["M","?","?","?","M","?","?","M","T","M","R","?","R","M","R","BOSS","M","?","M","$","?","R","M","R","T","?","?","R","E","M","R","BOSS","M","?","?","?","$","R","?","M","T","?","M"],"build_version":"2018-11-15","purchased_purges":0,"victory":false,"max_hp_per_floor":[75,75,75,75,75,75,75,75,75,75,75,75,75,75,75,75,75,75,80,80,80,80,80,80,80,80,80,80,80,80,80,80,80,80,80,80,80,80,80,80,80,80,80,80,80],"card_choices":[{"not_picked":["Storm","Streamline"],"picked":"Stack","floor":1},{"not_picked":["FTL","Heatsinks"],"picked":"Melter","floor":3},{"not_picked":["Turbo","Streamline"],"picked":"Gash","floor":5},{"not_picked":["Sweeping Beam","Stack"],"picked":"Conserve Battery","floor":7},{"not_picked":["Leap","Conserve Battery"],"picked":"Coolheaded","floor":8},{"not_picked":["Defragment","Redo"],"picked":"Genetic Algorithm","floor":10},{"not_picked":["Force Field","Core Surge"],"picked":"Conserve Battery","floor":14},{"not_picked":["Hyperbeam","Biased Cognition"],"picked":"All For One","floor":16},{"not_picked":["White Noise","Streamline"],"picked":"Coolheaded+1","floor":18},{"not_picked":["Coolheaded","Rip and Tear"],"picked":"Stack+1","floor":20},{"not_picked":["Steam Power","Genetic Algorithm"],"picked":"Steam+1","floor":24},{"not_picked":["Storm+1","Rip and Tear"],"picked":"Ball Lightning","floor":28},{"not_picked":["Streamline+1","Coolheaded+1"],"picked":"Buffer+1","floor":30},{"not_picked":["Turbo+1","Rebound+1"],"picked":"Glacier","floor":31},{"not_picked":["Multi-Cast","Thunder Strike"],"picked":"Electrodynamics+1","floor":33},{"not_picked":["White Noise+1","Stack"],"picked":"Gash+1","floor":35},{"not_picked":["Dark Shackles","Purity"],"picked":"Jack Of All Trades","floor":37},{"not_picked":["Secret Technique","Purity"],"picked":"Forethought","floor":37},{"not_picked":["Steam Power+1","Go for the Eyes"],"picked":"Auto Shields","floor":38},{"not_picked":["Hologram","Go for the Eyes"],"picked":"Cold Snap+1","floor":42},{"not_picked":["Cold Snap","Rebound","Compile Driver"],"picked":"SKIP","floor":44}],"player_experience":1074840,"relics_obtained":[{"floor":7,"key":"Incense Burner"},{"floor":9,"key":"Turnip"},{"floor":26,"key":"Frozen Egg 2"},{"floor":30,"key":"Mercury Hourglass"},{"floor":38,"key":"Old Coin"},{"floor":41,"key":"Shuriken"},{"floor":43,"key":"Pen Nib"}],"event_choices":[{"damage_healed":0,"gold_gain":0,"player_choice":"2 cards matched","damage_taken":0,"max_hp_gain":0,"max_hp_loss":0,"event_name":"Match and Keep!","floor":2,"gold_loss":0,"cards_obtained":["Chill","Good Instincts"]},{"damage_healed":0,"gold_gain":0,"player_choice":"Box","damage_taken":0,"relics_obtained":["Ginger"],"max_hp_gain":0,"max_hp_loss":0,"event_name":"Big Fish","floor":4,"gold_loss":0,"cards_obtained":["Regret"]},{"cards_removed":["Regret"],"damage_healed":0,"gold_gain":0,"player_choice":"Card Removal","damage_taken":0,"max_hp_gain":0,"max_hp_loss":0,"event_name":"The Cleric","floor":6,"gold_loss":50},{"damage_healed":0,"gold_gain":0,"player_choice":"Searched \u00271\u0027 times","damage_taken":0,"max_hp_gain":0,"max_hp_loss":0,"event_name":"Dead Adventurer","floor":7,"gold_loss":0},{"damage_healed":0,"gold_gain":0,"player_choice":"Shed Blood","damage_taken":19,"max_hp_gain":5,"max_hp_loss":0,"event_name":"Forgotten Altar","floor":19,"gold_loss":0},{"damage_healed":0,"gold_gain":0,"player_choice":"Fight","damage_taken":0,"max_hp_gain":0,"max_hp_loss":0,"event_name":"Colosseum","floor":22,"gold_loss":0},{"damage_healed":0,"gold_gain":0,"player_choice":"Fled From Nobs","damage_taken":0,"max_hp_gain":0,"max_hp_loss":0,"event_name":"Colosseum","floor":22,"gold_loss":0},{"damage_healed":0,"gold_gain":0,"player_choice":"Fled From Nobs","damage_taken":0,"max_hp_gain":0,"max_hp_loss":0,"event_name":"Colosseum","floor":22,"gold_loss":0},{"damage_healed":0,"gold_gain":0,"player_choice":"Paid","damage_taken":0,"relics_obtained":["Red Mask"],"max_hp_gain":0,"max_hp_loss":0,"event_name":"Tomb of Lord Red Mask","floor":36,"gold_loss":200},{"damage_healed":0,"gold_gain":0,"player_choice":"Memory 2","damage_taken":5,"max_hp_gain":0,"max_hp_loss":0,"event_name":"SensoryStone","floor":37,"gold_loss":0},{"damage_healed":0,"gold_gain":0,"player_choice":"Fight","damage_taken":0,"max_hp_gain":0,"max_hp_loss":0,"event_name":"MindBloom","floor":38,"gold_loss":0}],"is_beta":false,"boss_relics":[{"not_picked":["Empty Cage","White Beast Statue"],"picked":"FrozenCore"},{"not_picked":["Black Star","Astrolabe"],"picked":"Pandora\u0027s Box"}],"items_purged_floors":[],"is_endless":false,"potions_floor_spawned":[1,16,20,24,28,30,44],"killed_by":"Sphere and 2 Shapes","ascension_level":0}