{"gold_per_floor":[110,110,129,129,141,175,188,188],"floor_reached":8,"playtime":449,"items_purged":[],"score":84,"play_id":"93e45381-68df-450b-961c-6ee7ab327f2a","local_time":"20190325230516","is_ascension_mode":true,"campfire_choices":[],"neow_cost":"NONE","seed_source_timestamp":862982793524441,"circlet_count":0,"master_deck":["Strike_B","Strike_B","Strike_B","Defend_B","Defend_B","Defend_B","Defend_B","Zap+1","Dualcast","Defragment","Self Repair","Conserve Battery","Leap"],"relics":["Cracked Core","NeowsBlessing","Thread and Needle"],"potions_floor_usage":[],"damage_taken":[{"damage":0,"enemies":"Cultist","floor":1,"turns":1},{"damage":0,"enemies":"Jaw Worm","floor":3,"turns":1},{"damage":0,"enemies":"Small Slimes","floor":5,"turns":1},{"damage":18,"enemies":"3 Sentries","floor":6,"turns":9},{"damage":30,"enemies":"Exordium Thugs","floor":7,"turns":6},{"damage":48,"enemies":"Gremlin Nob","floor":8,"turns":5}],"seed_played":"3587374090604662763","potions_obtained":[{"floor":1,"key":"LiquidBronze"},{"floor":5,"key":"SteroidPotion"},{"floor":6,"key":"SpeedPotion"}],"is_trial":false,"path_per_floor":["?","M","?"],"character_chosen":"DEFECT","items_purchased":[],"campfire_rested":0,"item_purchase_floors":[],"current_hp_per_floor":[68,68,68,68,68,57,34,0],"gold":188,"neow_bonus":"THREE_ENEMY_KILL","is_prod":false,"is_daily":false,"chose_seed":false,"campfire_upgraded":0,"win_rate":0,"timestamp":1553569516,"path_taken":["M","?","?","?","M","E","M","E"],"build_version":"2019-01-23","purchased_purges":0,"victory":false,"max_hp_per_floor":[75,75,75,75,75,75,75,75],"card_choices":[{"not_picked":["Stack","Go for the Eyes"],"picked":"Defragment","floor":1},{"not_picked":["Leap","Lockon"],"picked":"Self Repair","floor":3},{"not_picked":["Sweeping Beam","Hologram"],"picked":"Conserve Battery","floor":5},{"not_picked":["Reprogram","Gash","Hologram"],"picked":"SKIP","floor":6},{"not_picked":["Lockon","Static Discharge"],"picked":"Leap","floor":7}],"player_experience":1020338,"relics_obtained":[{"floor":6,"key":"Thread and Needle"}],"event_choices":[{"cards_removed":["Strike_B"],"damage_healed":0,"gold_gain":0,"player_choice":"Purged","damage_taken":0,"max_hp_gain":0,"max_hp_loss":0,"event_name":"Purifier","floor":2,"gold_loss":0},{"damage_healed":0,"gold_gain":0,"player_choice":"Upgraded","damage_taken":0,"max_hp_gain":0,"max_hp_loss":0,"event_name":"Upgrade Shrine","floor":4,"gold_loss":0,"cards_upgraded":["Zap"]}],"is_beta":false,"boss_relics":[],"items_purged_floors":[],"is_endless":false,"potions_floor_spawned":[1,5,6],"killed_by":"Gremlin Nob","ascension_level":9}