{"gold_per_floor":[113,113,126,226,146,146,166,166,190,221,2,18,38,38,38,137,137,62,81,81,101,111,111,130,130,153,153,181,36,48,48],"floor_reached":31,"playtime":1207,"items_purged":[],"score":306,"play_id":"b41725b4-6d80-44b6-9083-851e9f7500d3","local_time":"20180927112835","is_ascension_mode":true,"campfire_choices":[{"data":"Flame Barrier","floor":6,"key":"SMITH"},{"data":"Anger","floor":8,"key":"SMITH"},{"data":"Rampage","floor":15,"key":"SMITH"},{"floor":23,"key":"REST"},{"data":"Battle Trance","floor":25,"key":"SMITH"},{"data":"Shrug It Off","floor":27,"key":"SMITH"}],"neow_cost":"NONE","seed_source_timestamp":1186601020392349,"circlet_count":0,"master_deck":["Strike_R","Strike_R","Defend_R","Defend_R","Defend_R","Defend_R","Bash","Cleave","Anger+1","Flame Barrier+1","Rampage+1","Flex","Shrug It Off+1","Impervious","Battle Trance+1","Anger+1","Ghostly Armor+1"],"relics":["Burning Blood","Sundial","Lantern","MawBank","TheAbacus","White Beast Statue","Orichalcum","Oddly Smooth Stone","Bronze Scales"],"potions_floor_usage":[13,16,16,21,24,28,28,28,30],"damage_taken":[{"damage":1,"enemies":"Cultist","floor":1,"turns":3},{"damage":7,"enemies":"Jaw Worm","floor":3,"turns":3},{"damage":0,"enemies":"2 Louse","floor":7,"turns":1},{"damage":15,"enemies":"Lagavulin","floor":10,"turns":5},{"damage":2,"enemies":"Exordium Thugs","floor":12,"turns":3},{"damage":8,"enemies":"Large Slime","floor":13,"turns":5},{"damage":20,"enemies":"Hexaghost","floor":16,"turns":9},{"damage":10,"enemies":"2 Thieves","floor":18,"turns":5},{"damage":0,"enemies":"3 Byrds","floor":19,"turns":3},{"damage":50,"enemies":"Centurion and Healer","floor":21,"turns":8},{"damage":2,"enemies":"Shelled Parasite and Fungi","floor":22,"turns":6},{"damage":19,"enemies":"3 Cultists","floor":24,"turns":6},{"damage":32,"enemies":"Slavers","floor":28,"turns":6},{"damage":10,"enemies":"Centurion and Healer","floor":30,"turns":6},{"damage":29,"enemies":"Sentry and Sphere","floor":31,"turns":5}],"seed_played":"6977168930725680263","potions_obtained":[{"floor":7,"key":"Weak Potion"},{"floor":10,"key":"Dexterity Potion"},{"floor":12,"key":"FearPotion"},{"floor":14,"key":"Dexterity Potion"},{"floor":16,"key":"GamblersBrew"},{"floor":18,"key":"LiquidBronze"},{"floor":21,"key":"EssenceOfSteel"},{"floor":22,"key":"Poison Potion"},{"floor":24,"key":"Swift Potion"},{"floor":28,"key":"Block Potion"},{"floor":30,"key":"Poison Potion"}],"is_trial":false,"path_per_floor":["M","?","M","?","?","R","M","R","T","E","$","M","M","?","R","B",null,"M","M","?","M","M","R","M","R","T","R","E","$","M"],"character_chosen":"IRONCLAD","items_purchased":["TheAbacus","Flex","Bronze Scales"],"campfire_rested":1,"item_purchase_floors":[11,11,29],"current_hp_per_floor":[80,73,72,72,72,72,78,78,78,69,69,73,71,71,71,57,80,76,80,80,36,40,64,51,51,51,51,25,25,21,0],"gold":48,"neow_bonus":"TRANSFORM_CARD","is_prod":false,"is_daily":false,"chose_seed":false,"campfire_upgraded":5,"win_rate":0,"timestamp":1538069315,"path_taken":["M","?","M","?","?","R","?","R","T","E","$","?","M","?","R","BOSS","M","?","?","M","M","R","M","R","T","R","E","$","M","M"],"build_version":"2018-09-20","purchased_purges":0,"victory":false,"max_hp_per_floor":[80,80,80,80,80,80,80,80,80,80,80,80,80,80,80,80,80,80,80,80,80,80,80,80,80,80,80,80,80,80,80],"card_choices":[{"not_picked":["Fire Breathing","Sever Soul"],"picked":"Anger","floor":1},{"not_picked":["Headbutt","Iron Wave"],"picked":"Flame Barrier","floor":3},{"not_picked":["Flex","Power Through"],"picked":"Rampage","floor":7},{"not_picked":["Feel No Pain","Burning Pact","Rupture"],"picked":"SKIP","floor":10},{"not_picked":["Cleave","Thunderclap","Sword Boomerang"],"picked":"SKIP","floor":12},{"not_picked":["Heavy Blade","Burning Pact"],"picked":"Shrug It Off","floor":13},{"not_picked":["Exhume","Limit Break"],"picked":"Impervious","floor":16},{"not_picked":["Heavy Blade","Armaments"],"picked":"Battle Trance","floor":18},{"not_picked":["Heavy Blade","Uppercut","Sword Boomerang"],"picked":"SKIP","floor":19},{"not_picked":["Whirlwind","Sentinel+1","Flex"],"picked":"SKIP","floor":21},{"not_picked":["Body Slam","Twin Strike","Heavy Blade"],"picked":"SKIP","floor":22},{"not_picked":["Clothesline","Shockwave"],"picked":"Anger+1","floor":24},{"not_picked":["Fiend Fire","Anger"],"picked":"Ghostly Armor+1","floor":28},{"not_picked":["Power Through","Shockwave","Flex"],"picked":"SKIP","floor":30}],"player_experience":637304,"relics_obtained":[{"floor":9,"key":"Lantern"},{"floor":10,"key":"MawBank"},{"floor":26,"key":"Orichalcum"},{"floor":28,"key":"Oddly Smooth Stone"}],"event_choices":[{"event_name":"Golden Wing","player_choice":"Card Removal","floor":2,"damage_taken":0},{"event_name":"Golden Shrine","player_choice":"Pray","floor":4,"damage_taken":0},{"event_name":"WeMeetAgain","player_choice":"Gold","floor":5,"damage_taken":0},{"event_name":"The Lab","player_choice":"Got Potions","floor":14,"damage_taken":0},{"event_name":"Bonfire Elementals","player_choice":"BASIC","floor":20,"damage_taken":0}],"is_beta":false,"boss_relics":[{"not_picked":["Philosopher\u0027s Stone","Astrolabe"],"picked":"White Beast Statue"}],"items_purged_floors":[],"is_endless":false,"potions_floor_spawned":[7,10,12,16,18,19,21,22,24,28,30],"killed_by":"Sentry and Sphere","ascension_level":4}