{"gold_per_floor":[365,133,149,164,164,189,189,205,205,221,239,239,90,102,102,197,197,215,314,314,324,339,339,353,353],"floor_reached":25,"playtime":1712,"items_purged":["Dualcast","Defend_B"],"score":207,"play_id":"33a93bc7-762b-4df3-8f13-decff9678398","local_time":"20190219104943","is_ascension_mode":false,"campfire_choices":[{"data":"Zap","floor":7,"key":"SMITH"},{"floor":15,"key":"REST"},{"data":"White Noise","floor":23,"key":"SMITH"}],"neow_cost":"TEN_PERCENT_HP_LOSS","seed_source_timestamp":468849668820888,"circlet_count":0,"master_deck":["Strike_B","Strike_B","Strike_B","Strike_B","Defend_B","Defend_B","Defend_B","Zap+1","White Noise+1","Capacitor","Conserve Battery","Defragment","Echo Form","Conserve Battery"],"relics":["Cracked Core","Lantern","Ancient Tea Set","Mummified Hand","Oddly Smooth Stone","Sozu"],"potions_floor_usage":[14,18,24],"damage_taken":[{"damage":0,"enemies":"Cultist","floor":1,"turns":4},{"damage":0,"enemies":"Jaw Worm","floor":3,"turns":5},{"damage":5,"enemies":"Small Slimes","floor":4,"turns":3},{"damage":41,"enemies":"Lagavulin","floor":6,"turns":7},{"damage":7,"enemies":"Blue Slaver","floor":8,"turns":4},{"damage":5,"enemies":"3 Louse","floor":10,"turns":3},{"damage":4,"enemies":"Looter","floor":11,"turns":3},{"damage":0,"enemies":"Large Slime","floor":14,"turns":6},{"damage":12,"enemies":"Hexaghost","floor":16,"turns":7},{"damage":22,"enemies":"2 Thieves","floor":18,"turns":4},{"damage":14,"enemies":"Shell Parasite","floor":21,"turns":6},{"damage":0,"enemies":"Snecko","floor":22,"turns":6},{"damage":23,"enemies":"Snake Plant","floor":24,"turns":6},{"damage":13,"enemies":"Masked Bandits","floor":25,"turns":2}],"seed_played":"2783849833909435710","potions_obtained":[{"floor":1,"key":"EssenceOfSteel"},{"floor":3,"key":"Poison Potion"},{"floor":8,"key":"SkillPotion"},{"floor":11,"key":"Regen Potion"},{"floor":16,"key":"AttackPotion"}],"is_trial":false,"path_per_floor":["M","?","M","?","?","?","?"],"character_chosen":"DEFECT","items_purchased":["Lantern","Conserve Battery"],"campfire_rested":1,"item_purchase_floors":[2,13],"current_hp_per_floor":[68,68,68,63,63,22,22,15,15,10,6,6,6,21,41,29,68,46,46,46,32,32,32,9,0],"gold":353,"neow_bonus":"TWO_FIFTY_GOLD","is_prod":false,"is_daily":false,"chose_seed":false,"campfire_upgraded":2,"win_rate":0,"timestamp":1550591383,"path_taken":["M","$","?","M","?","E","R","M","T","?","M","?","$","M","R","BOSS","M","?","?","M","M","R","M","?"],"build_version":"2019-01-23","purchased_purges":2,"victory":false,"max_hp_per_floor":[68,68,68,68,68,68,68,68,68,68,68,68,68,68,68,68,68,68,68,68,68,68,68,68,68],"card_choices":[{"not_picked":["Skim","Cold Snap","Sweeping Beam"],"picked":"SKIP","floor":1},{"not_picked":["Streamline","Reinforced Body","Gash"],"picked":"SKIP","floor":3},{"not_picked":["Glacier","Turbo","Barrage"],"picked":"SKIP","floor":4},{"not_picked":["Go for the Eyes","Chill","Rebound"],"picked":"SKIP","floor":6},{"not_picked":["Go for the Eyes","Beam Cell"],"picked":"White Noise","floor":8},{"not_picked":["Glacier","Skim"],"picked":"Capacitor","floor":10},{"not_picked":["Leap","Compile Driver","Reprogram"],"picked":"SKIP","floor":11},{"not_picked":["Steam","Gash"],"picked":"Defragment","floor":14},{"not_picked":["Hyperbeam","Thunder Strike"],"picked":"Echo Form","floor":16},{"not_picked":["Sunder","Leap+1"],"picked":"Conserve Battery","floor":18},{"not_picked":["Stack+1","Blizzard+1","Go for the Eyes"],"picked":"SKIP","floor":21},{"not_picked":["Chill","Barrage","Hello World+1"],"picked":"SKIP","floor":22},{"not_picked":["Aggregate","BootSequence+1","Conserve Battery"],"picked":"SKIP","floor":24}],"player_experience":542383,"relics_obtained":[{"floor":6,"key":"Mummified Hand"},{"floor":9,"key":"Oddly Smooth Stone"}],"event_choices":[{"damage_healed":0,"gold_gain":0,"player_choice":"Gave Potion","damage_taken":0,"relics_obtained":["Ancient Tea Set"],"max_hp_gain":0,"max_hp_loss":0,"event_name":"WeMeetAgain","floor":5,"gold_loss":0},{"damage_healed":0,"gold_gain":0,"player_choice":"Ignored","damage_taken":0,"max_hp_gain":0,"max_hp_loss":0,"event_name":"Golden Wing","floor":12,"gold_loss":0},{"damage_healed":0,"gold_gain":99,"player_choice":"Stole From Cult","damage_taken":0,"max_hp_gain":0,"max_hp_loss":0,"event_name":"Nest","floor":19,"gold_loss":0},{"damage_healed":0,"gold_gain":0,"player_choice":"Ignored","damage_taken":0,"max_hp_gain":0,"max_hp_loss":0,"event_name":"Vampires","floor":20,"gold_loss":0},{"damage_healed":0,"gold_gain":0,"player_choice":"Fought Bandits","damage_taken":0,"max_hp_gain":0,"max_hp_loss":0,"event_name":"Masked Bandits","floor":25,"gold_loss":0}],"is_beta":false,"boss_relics":[{"not_picked":["Black Star","Snecko Eye"],"picked":"Sozu"}],"items_purged_floors":[2,13],"is_endless":false,"potions_floor_spawned":[1,3,8,11,16,21,22,24],"killed_by":"Masked Bandits","ascension_level":0}