{"gold_per_floor":[19,29,41,60,60,60,60,60,85,85,100,100,125,125,125,254,254,274,274,274,293,293,322,336,336,336,336,336,349,369,449,449,553,553,570,570,570,64,0,0,300,186,260,295,305,142,142,177,177,177],"floor_reached":51,"playtime":2317,"items_purged":["Injury"],"score":1076,"play_id":"654ea068-a53f-4817-b202-1eba0d43ac13","local_time":"20190301193601","is_ascension_mode":true,"campfire_choices":[{"data":"Neutralize","floor":6,"key":"SMITH"},{"data":"Blur","floor":12,"key":"SMITH"},{"floor":15,"key":"REST"},{"floor":25,"key":"REST"},{"data":"Tools of the Trade","floor":27,"key":"SMITH"},{"data":"Poisoned Stab","floor":32,"key":"SMITH"},{"floor":47,"key":"REST"},{"data":"Deadly Poison","floor":49,"key":"SMITH"}],"neow_cost":"NO_GOLD","seed_source_timestamp":4485922956705,"circlet_count":0,"master_deck":["Defend_G","Defend_G","Defend_G","Defend_G","Defend_G+1","Survivor+1","Neutralize+1","Malaise+1","Deflect","Poisoned Stab+1","Deadly Poison+1","Blur+1","Backflip+1","Deflect+1","Tools of the Trade+1","Crippling Poison+1","Venomology+1","Tools of the Trade+1","Calculated Gamble+1","Catalyst+1","Leg Sweep+1","Bane+1","Backflip+1","PiercingWail+1","Catalyst+1","Malaise+1","Footwork+1","Finesse+1","Deadly Poison+1","Noxious Fumes+1","Bouncing Flask+1","Leg Sweep+1","Escape Plan+1","Noxious Fumes+1","Bandage Up+1","Prepared+1"],"relics":["Ring of the Snake","Bloody Idol","Toxic Egg 2","War Paint","Kunai","Astrolabe","Omamori","Mercury Hourglass","Frozen Egg 2","White Beast Statue","Snake Skull","Pear","Red Mask","Ninja Scroll","Strawberry","The Courier"],"potions_floor_usage":[16,16,18,21,23,23,24,30,30,33,33,35,35,44,44,45,48,48,50,50,50],"damage_taken":[{"damage":0,"enemies":"Small Slimes","floor":1,"turns":5},{"damage":3,"enemies":"Jaw Worm","floor":2,"turns":6},{"damage":4,"enemies":"2 Louse","floor":3,"turns":3},{"damage":6,"enemies":"Exordium Wildlife","floor":4,"turns":3},{"damage":3,"enemies":"Large Slime","floor":11,"turns":7},{"damage":0,"enemies":"3 Louse","floor":13,"turns":4},{"damage":53,"enemies":"Slime Boss","floor":16,"turns":16},{"damage":0,"enemies":"3 Byrds","floor":18,"turns":4},{"damage":0,"enemies":"Chosen","floor":21,"turns":6},{"damage":26,"enemies":"Gremlin Leader","floor":23,"turns":8},{"damage":13,"enemies":"Sentry and Sphere","floor":24,"turns":7},{"damage":4,"enemies":"Snake Plant","floor":29,"turns":5},{"damage":22,"enemies":"Shelled Parasite and Fungi","floor":30,"turns":4},{"damage":12,"enemies":"Automaton","floor":33,"turns":12},{"damage":12,"enemies":"3 Darklings","floor":35,"turns":6},{"damage":38,"enemies":"Giant Head","floor":44,"turns":9},{"damage":8,"enemies":"3 Shapes","floor":45,"turns":5},{"damage":6,"enemies":"Nemesis","floor":48,"turns":5},{"damage":37,"enemies":"Awakened One","floor":50,"turns":13}],"seed_played":"4393751642915277797","potions_obtained":[{"floor":2,"key":"GamblersBrew"},{"floor":4,"key":"PowerPotion"},{"floor":13,"key":"Regen Potion"},{"floor":21,"key":"Block Potion"},{"floor":24,"key":"Dexterity Potion"},{"floor":33,"key":"Swift Potion"},{"floor":35,"key":"Poison Potion"},{"floor":44,"key":"Block Potion"},{"floor":45,"key":"Energy Potion"},{"floor":48,"key":"Strength Potion"}],"is_trial":false,"path_per_floor":["M","M","M","M","?","R","?","T","T","?","M","R","M","?","R","B",null,"M","?","?","M","?","E","M","R","T","R","?","M","M","T","R","B",null,"M","?","?","$","?","$","?","$","T","E","M","$","R","E","R","B",null],"character_chosen":"THE_SILENT","items_purchased":["Deadly Poison+1","Noxious Fumes+1","Snake Skull","Pear","Bouncing Flask+1","Noxious Fumes+1","Bandage Up+1"],"campfire_rested":3,"item_purchase_floors":[38,38,38,38,42,46,46],"current_hp_per_floor":[63,60,56,50,50,50,50,50,50,43,40,40,40,37,58,20,58,58,58,58,63,63,42,34,55,55,55,55,56,48,53,53,46,64,57,57,57,67,67,67,72,72,77,51,48,48,74,79,79,48],"gold":177,"neow_bonus":"THREE_RARE_CARDS","is_prod":false,"is_daily":false,"chose_seed":false,"campfire_upgraded":5,"win_rate":0,"timestamp":1551494161,"path_taken":["M","M","M","M","?","R","?","?","T","?","M","R","?","?","R","BOSS","M","?","?","M","?","E","M","R","T","R","?","M","M","?","R","BOSS","M","?","?","$","?","$","?","$","T","E","?","?","R","E","R","BOSS"],"build_version":"2019-01-23","purchased_purges":1,"victory":true,"max_hp_per_floor":[70,70,70,70,70,70,70,70,70,70,70,70,70,70,70,70,70,70,70,70,70,70,70,70,70,70,70,70,70,70,70,70,70,70,70,70,70,80,80,80,80,80,80,87,87,87,87,87,87,87],"card_choices":[{"not_picked":["Envenom","Burst"],"picked":"Malaise","floor":0},{"not_picked":["Underhanded Strike","Poisoned Stab"],"picked":"Deflect","floor":1},{"not_picked":["Quick Slash","Underhanded Strike"],"picked":"Poisoned Stab","floor":2},{"not_picked":["Slice","Prepared"],"picked":"Deadly Poison","floor":3},{"not_picked":["Cloak And Dagger","Infinite Blades"],"picked":"Blur","floor":4},{"not_picked":["Choke","Underhanded Strike"],"picked":"Backflip+1","floor":11},{"not_picked":["Reflex+1","Backflip+1"],"picked":"Deflect+1","floor":13},{"not_picked":["A Thousand Cuts","Wraith Form v2"],"picked":"Tools of the Trade","floor":16},{"not_picked":["Dagger Spray","Outmaneuver+1"],"picked":"Calculated Gamble+1","floor":18},{"not_picked":["Endless Agony","PiercingWail+1"],"picked":"Leg Sweep+1","floor":21},{"not_picked":["Wraith Form v2","Cloak And Dagger+1"],"picked":"Bane+1","floor":23},{"not_picked":["Tactician+1","Acrobatics+1"],"picked":"Backflip+1","floor":24},{"not_picked":["Terror+1","Tools of the Trade"],"picked":"PiercingWail+1","floor":29},{"not_picked":["Dodge and Roll+1","Backflip+1"],"picked":"Catalyst+1","floor":30},{"not_picked":["Glass Knife","Unload"],"picked":"Malaise+1","floor":33},{"not_picked":["Underhanded Strike","Dagger Throw+1"],"picked":"Footwork+1","floor":35},{"not_picked":["Trip+1","Bandage Up+1"],"picked":"Finesse+1","floor":37},{"not_picked":["Underhanded Strike+1","Riddle With Holes"],"picked":"Leg Sweep+1","floor":44},{"not_picked":["Dagger Throw","Tactician+1"],"picked":"Escape Plan+1","floor":45},{"not_picked":["Setup+1","Outmaneuver+1"],"picked":"Prepared+1","floor":48}],"player_experience":1634039,"relics_obtained":[{"floor":8,"key":"Toxic Egg 2"},{"floor":9,"key":"War Paint"},{"floor":23,"key":"Omamori"},{"floor":26,"key":"Mercury Hourglass"},{"floor":31,"key":"Frozen Egg 2"},{"floor":43,"key":"Ninja Scroll"},{"floor":44,"key":"Strawberry"},{"floor":48,"key":"The Courier"}],"event_choices":[{"damage_healed":0,"gold_gain":0,"player_choice":"Take Wound","damage_taken":0,"relics_obtained":["Golden Idol"],"max_hp_gain":0,"max_hp_loss":0,"event_name":"Golden Idol","floor":5,"gold_loss":0,"cards_obtained":["Injury"]},{"damage_healed":0,"gold_gain":0,"player_choice":"Grow","damage_taken":0,"max_hp_gain":0,"max_hp_loss":0,"event_name":"Living Wall","floor":7,"gold_loss":0,"cards_upgraded":["Malaise"]},{"cards_removed":["Strike_G"],"damage_healed":0,"gold_gain":0,"player_choice":"Card Removal","damage_taken":7,"max_hp_gain":0,"max_hp_loss":0,"event_name":"Golden Wing","floor":10,"gold_loss":0},{"damage_healed":0,"gold_gain":0,"player_choice":"Success","damage_taken":3,"relics_obtained":["Kunai"],"max_hp_gain":0,"max_hp_loss":0,"event_name":"Scrap Ooze","floor":14,"gold_loss":0},{"damage_healed":0,"gold_gain":0,"player_choice":"Gave Idol","damage_taken":0,"relics_obtained":["Bloody Idol"],"max_hp_gain":0,"max_hp_loss":0,"event_name":"Forgotten Altar","floor":19,"relics_lost":["Golden Idol"],"gold_loss":0},{"damage_healed":0,"gold_gain":0,"player_choice":"Read","damage_taken":0,"max_hp_gain":0,"max_hp_loss":0,"event_name":"The Library","floor":20,"gold_loss":0,"cards_obtained":["Catalyst"]},{"damage_healed":0,"gold_gain":0,"player_choice":"Ignored","damage_taken":0,"max_hp_gain":0,"max_hp_loss":0,"event_name":"Vampires","floor":22,"gold_loss":0},{"damage_healed":0,"gold_gain":0,"player_choice":"Ignored","damage_taken":0,"max_hp_gain":0,"max_hp_loss":0,"event_name":"Ghosts","floor":28,"gold_loss":0},{"cards_removed":["Strike_G"],"damage_healed":0,"gold_gain":0,"player_choice":"Removed Attack","damage_taken":0,"max_hp_gain":0,"max_hp_loss":0,"event_name":"Falling","floor":36,"gold_loss":0},{"damage_healed":0,"gold_gain":0,"player_choice":"Memory 1","damage_taken":0,"max_hp_gain":0,"max_hp_loss":0,"event_name":"SensoryStone","floor":37,"gold_loss":0},{"damage_healed":0,"gold_gain":0,"player_choice":"Paid","damage_taken":0,"relics_obtained":["Red Mask"],"max_hp_gain":0,"max_hp_loss":0,"event_name":"Tomb of Lord Red Mask","floor":39,"gold_loss":64},{"damage_healed":0,"gold_gain":300,"player_choice":"Gold","damage_taken":0,"max_hp_gain":0,"max_hp_loss":0,"event_name":"Wheel of Change","floor":41,"gold_loss":0}],"is_beta":false,"boss_relics":[{"not_picked":["Calling Bell","Pandora\u0027s Box"],"picked":"Astrolabe"},{"not_picked":["HoveringKite","Lizard Tail"],"picked":"White Beast Statue"}],"items_purged_floors":[42],"is_endless":false,"potions_floor_spawned":[2,4,13,21,24,33,35,44,45,48],"ascension_level":7}