{"gold_per_floor":[116,128,128,27,37,37,62,62,115,143,143,143,143,162,162,267,317,331,350,363,363,62,94,94,0,0,19,19,19,39,56,56,160,160,179,179,22,32,45,45,55,155,205,222,222,222,222,249,249,249],"floor_reached":51,"playtime":4638,"items_purged":["Defend_B","Strike_B"],"score":771,"play_id":"436fb08e-e16a-492f-8a26-725bf31fb3ed","local_time":"20190110131008","is_ascension_mode":true,"campfire_choices":[{"data":"Genetic Algorithm","floor":6.0,"key":"SMITH"},{"data":"Zap","floor":8.0,"key":"SMITH"},{"data":"Dualcast","floor":11.0,"key":"SMITH"},{"floor":15.0,"key":"REST"},{"data":"Hologram","floor":24.0,"key":"SMITH"},{"floor":32.0,"key":"REST"},{"data":"Apotheosis","floor":40.0,"key":"SMITH"},{"data":"Fission","floor":45.0,"key":"SMITH"},{"data":"Buffer","floor":47.0,"key":"SMITH"},{"data":"FTL","floor":49,"key":"SMITH"}],"neow_cost":"NONE","seed_source_timestamp":761583955006004,"circlet_count":0,"master_deck":["Strike_B","Strike_B","Defend_B","Defend_B","Defend_B","Zap+1","Dualcast+1","All For One","Gash","Glacier","Steam+1","Genetic Algorithm+1","Beam Cell","Sweeping Beam","Rebound","Steam","Buffer+1","Stack","Ball Lightning","Self Repair","Beam Cell","Hologram+1","FTL+1","Turbo","Gash","Auto Shields","Skim","Redo","Fission+1","Cold Snap","Apotheosis+1","Blind","Cold Snap+1","Leap+1","Beam Cell+1","Undo+1","Shame","Coolheaded+1"],"special_seed":0,"relics":["Cracked Core","Anchor","Dream Catcher","Centennial Puzzle","Potion Belt","Tiny House","Sling","Pen Nib","Girya","Cursed Key","Bag of Preparation","Unceasing Top","Juzu Bracelet","Vajra","Kunai"],"potions_floor_usage":[50,50],"damage_taken":[{"damage":1.0,"enemies":"Cultist","floor":1.0,"turns":3.0},{"damage":3.0,"enemies":"2 Louse","floor":2.0,"turns":2.0},{"damage":5.0,"enemies":"Small Slimes","floor":5.0,"turns":3.0},{"damage":12.0,"enemies":"Lagavulin","floor":7.0,"turns":10.0},{"damage":10.0,"enemies":"3 Sentries","floor":10.0,"turns":7.0},{"damage":0.0,"enemies":"Exordium Wildlife","floor":14.0,"turns":2.0},{"damage":19.0,"enemies":"Slime Boss","floor":16.0,"turns":7.0},{"damage":19.0,"enemies":"3 Byrds","floor":18.0,"turns":5.0},{"damage":5.0,"enemies":"Chosen","floor":19.0,"turns":6.0},{"damage":25.0,"enemies":"Snake Plant","floor":20.0,"turns":7.0},{"damage":18.0,"enemies":"Slavers","floor":23.0,"turns":8.0},{"damage":9.0,"enemies":"Shelled Parasite and Fungi","floor":27.0,"turns":8.0},{"damage":0.0,"enemies":"Centurion and Healer","floor":30.0,"turns":5.0},{"damage":8.0,"enemies":"Snake Plant","floor":31.0,"turns":4.0},{"damage":36.0,"enemies":"Champ","floor":33.0,"turns":13.0},{"damage":4.0,"enemies":"Orb Walker","floor":35.0,"turns":3.0},{"damage":18.0,"enemies":"3 Darklings","floor":38.0,"turns":4.0},{"damage":0.0,"enemies":"Jaw Worm Horde","floor":39.0,"turns":3.0},{"damage":12.0,"enemies":"Spire Growth","floor":41.0,"turns":5.0},{"damage":0.0,"enemies":"Mind Bloom Boss Battle","floor":42.0,"turns":6.0},{"damage":4.0,"enemies":"Transient","floor":44.0,"turns":5.0},{"damage":10.0,"enemies":"Reptomancer","floor":48.0,"turns":6.0},{"damage":23,"enemies":"Time Eater","floor":50,"turns":13}],"seed_played":"-9097820833117074130","potions_obtained":[{"floor":2.0,"key":"Fruit Juice"},{"floor":3.0,"key":"GamblersBrew"},{"floor":3.0,"key":"Weak Potion"},{"floor":10.0,"key":"Energy Potion"},{"floor":16.0,"key":"Swift Potion"},{"floor":17.0,"key":"GamblersBrew"},{"floor":18.0,"key":"SteroidPotion"},{"floor":20.0,"key":"Explosive Potion"},{"floor":31.0,"key":"Swift Potion"},{"floor":33.0,"key":"Weak Potion"},{"floor":35.0,"key":"Poison Potion"},{"floor":48.0,"key":"Dexterity Potion"}],"is_trial":false,"path_per_floor":["M","M","?","$","M","R","E","R","T","E","R","?","?","M","R","B",null,"M","M","M","?","$","E","R","$","T","M","?","?","M","M","R","B",null,"M","?","$","M","M","R","M","?","T","M","R","?","R","E","R","B",null],"character_chosen":"DEFECT","items_purchased":["Steam","Sling","FTL","Turbo","Bag of Preparation"],"campfire_rested":2,"item_purchase_floors":[4,22,25,25,37],"current_hp_per_floor":[74,71,71,76,71,71,59,59,59,49,49,31,24,24,48,29,85,66,61,43,43,43,32,32,32,32,30,14,14,21,20,47,18,90,86,81,81,73,80,80,78,88,88,90,90,90,90,80,80,57],"gold":249,"neow_bonus":"ONE_RANDOM_RARE_CARD","is_prod":false,"is_daily":false,"chose_seed":false,"campfire_upgraded":8,"win_rate":0,"timestamp":1547154608,"path_taken":["M","M","?","$","?","R","E","R","T","E","R","?","?","M","R","BOSS","M","M","M","?","$","E","R","$","T","M","?","?","M","M","R","BOSS","M","?","$","M","M","R","M","?","T","M","R","?","R","E","R","BOSS"],"build_version":"2019-01-03v4","purchased_purges":2,"victory":true,"max_hp_per_floor":[75,75,75,80,80,80,80,80,80,80,80,80,80,80,80,80,85,85,85,85,85,85,85,85,85,85,85,90,90,90,90,90,90,90,90,90,90,90,90,90,90,90,90,90,90,90,90,90,90,90],"card_choices":[{"not_picked":["Compile Driver","Turbo"],"picked":"Gash","floor":1.0},{"not_picked":["Leap","Cold Snap"],"picked":"Glacier","floor":2.0},{"not_picked":["Hello World","Sweeping Beam"],"picked":"Genetic Algorithm","floor":5.0},{"not_picked":["Stack","Force Field"],"picked":"Beam Cell","floor":7.0},{"not_picked":["Meteor Strike","Static Discharge"],"picked":"Sweeping Beam","floor":10.0},{"not_picked":["White Noise","Compile Driver"],"picked":"Rebound","floor":14.0},{"not_picked":["Darkness","Ball Lightning"],"picked":"Steam","floor":15.0},{"not_picked":["Meteor Strike","Amplify"],"picked":"Buffer","floor":16.0},{"not_picked":["Compile Driver","Steam"],"picked":"Stack","floor":17.0},{"not_picked":["Barrage","Fusion"],"picked":"Ball Lightning","floor":18.0},{"not_picked":["Barrage","Skim"],"picked":"Self Repair","floor":19.0},{"not_picked":["Doom and Gloom","Reinforced Body+1"],"picked":"Beam Cell","floor":20.0},{"not_picked":["Sunder","Steam"],"picked":"Hologram","floor":23.0},{"not_picked":["Capacitor+1","Consume"],"picked":"Gash","floor":27.0},{"not_picked":["Melter","Barrage"],"picked":"Auto Shields","floor":30.0},{"not_picked":["Rebound+1","Stack"],"picked":"Skim","floor":31.0},{"not_picked":["Steam","Rebound"],"picked":"Redo","floor":32.0},{"not_picked":["Rainbow","Thunder Strike"],"picked":"Fission","floor":33.0},{"not_picked":["Rebound","Doom and Gloom"],"picked":"Cold Snap","floor":35.0},{"not_picked":["Blind","Magnetism"],"picked":"Apotheosis","floor":36.0},{"not_picked":["Forethought","PanicButton"],"picked":"Blind","floor":36.0},{"not_picked":["Force Field","Consume"],"picked":"Cold Snap+1","floor":38.0},{"not_picked":["Aggregate+1","Melter+1"],"picked":"Leap+1","floor":39.0},{"not_picked":["Sweeping Beam","Rebound"],"picked":"Beam Cell+1","floor":41.0},{"not_picked":["Steam+1","Fission"],"picked":"Undo+1","floor":42.0},{"not_picked":["Turbo","Beam Cell","Rebound"],"picked":"SKIP","floor":44.0},{"not_picked":["Rebound+1","Streamline"],"picked":"Coolheaded+1","floor":48.0}],"player_experience":196051,"relics_obtained":[{"floor":7.0,"key":"Anchor"},{"floor":9.0,"key":"Dream Catcher"},{"floor":10.0,"key":"Centennial Puzzle"},{"floor":23.0,"key":"Pen Nib"},{"floor":26.0,"key":"Girya"},{"floor":42.0,"key":"Unceasing Top"},{"floor":43.0,"key":"Juzu Bracelet"},{"floor":46.0,"key":"Vajra"},{"floor":48.0,"key":"Kunai"}],"event_choices":[{"damage_healed":0.0,"max_hp_gain":0.0,"max_hp_loss":0.0,"gold_gain":0.0,"event_name":"Lab","player_choice":"Got Potions","floor":3.0,"gold_loss":0.0,"damage_taken":0.0},{"damage_healed":0.0,"max_hp_gain":0.0,"max_hp_loss":0.0,"gold_gain":0.0,"event_name":"Scrap Ooze","player_choice":"Success","floor":12.0,"gold_loss":0.0,"damage_taken":18.0,"relics_obtained":["Potion Belt"]},{"cards_removed":["Strike_B"],"damage_healed":0.0,"max_hp_gain":0.0,"max_hp_loss":0.0,"gold_gain":0.0,"event_name":"Golden Wing","player_choice":"Card Removal","floor":13.0,"gold_loss":0.0,"damage_taken":7.0},{"damage_healed":0.0,"max_hp_gain":0.0,"max_hp_loss":0.0,"gold_gain":0.0,"event_name":"Ghosts","player_choice":"Ignored","floor":21.0,"gold_loss":0.0,"damage_taken":0.0},{"damage_healed":0.0,"max_hp_gain":5.0,"max_hp_loss":0.0,"gold_gain":0.0,"event_name":"Forgotten Altar","player_choice":"Shed Blood","floor":28.0,"gold_loss":0.0,"damage_taken":21.0},{"damage_healed":0.0,"max_hp_gain":0.0,"max_hp_loss":0.0,"gold_gain":0.0,"event_name":"The Mausoleum","player_choice":"Ignored","floor":29.0,"gold_loss":0.0,"damage_taken":0.0},{"damage_healed":0.0,"max_hp_gain":0.0,"max_hp_loss":0.0,"gold_gain":0.0,"event_name":"SensoryStone","player_choice":"Memory 2","floor":36.0,"gold_loss":0.0,"damage_taken":5.0},{"damage_healed":0.0,"max_hp_gain":0.0,"max_hp_loss":0.0,"gold_gain":0.0,"event_name":"MindBloom","player_choice":"Fight","floor":42.0,"gold_loss":0.0,"damage_taken":0.0},{"damage_healed":0.0,"max_hp_gain":0.0,"max_hp_loss":0.0,"gold_gain":0.0,"event_name":"Wheel of Change","player_choice":"Relic","floor":46.0,"gold_loss":0.0,"damage_taken":0.0}],"is_beta":false,"boss_relics":[{"not_picked":["Lizard Tail","Busted Crown"],"picked":"Tiny House"},{"not_picked":["Velvet Choker","Philosopher\u0027s Stone"],"picked":"Cursed Key"}],"items_purged_floors":[4,22],"is_endless":false,"potions_floor_spawned":[2,10,16,18,20,31,33,35,42,48],"ascension_level":2}