{"gold_per_floor":[115,125,50,50,65,65,82,82,82,113,129,129,129,143,143,248,248,263,263,279,289,303,303,213,247,299,331,343,355,222,241,241,241],"floor_reached":33,"playtime":3172,"items_purged":["Strike_R","Defend_R"],"score":309,"play_id":"d49baa13-c355-4663-932f-2f727aa069ef","local_time":"20190407171725","is_ascension_mode":true,"campfire_choices":[{"data":"Body Slam","floor":6,"key":"SMITH"},{"data":"Bash","floor":8,"key":"SMITH"},{"floor":12,"key":"RECALL"},{"data":"Whirlwind","floor":15,"key":"SMITH"},{"floor":23,"key":"REST"},{"floor":28,"key":"REST"},{"floor":32,"key":"REST"}],"neow_cost":"NONE","seed_source_timestamp":710293966518600,"circlet_count":0,"master_deck":["Strike_R+1","Defend_R","Defend_R","Defend_R","Bash+1","Battle Trance","Armaments+1","Body Slam+1","Pommel Strike","Whirlwind+1","Demon Form","Seeing Red","Metallicize+1","Warcry+1","Shrug It Off","Shrug It Off","Reaper"],"relics":["Burning Blood","Question Card","Sozu","Peace Pipe","MawBank"],"potions_floor_usage":[7,10,16,18],"damage_taken":[{"damage":0,"enemies":"Small Slimes","floor":1,"turns":3},{"damage":6,"enemies":"Cultist","floor":2,"turns":3},{"damage":1,"enemies":"2 Louse","floor":5,"turns":2},{"damage":8,"enemies":"Lots of Slimes","floor":7,"turns":5},{"damage":24,"enemies":"Gremlin Nob","floor":10,"turns":4},{"damage":1,"enemies":"Looter","floor":11,"turns":3},{"damage":3,"enemies":"3 Louse","floor":14,"turns":4},{"damage":80,"enemies":"Slime Boss","floor":16,"turns":15},{"damage":10,"enemies":"3 Byrds","floor":18,"turns":4},{"damage":10,"enemies":"Spheric Guardian","floor":20,"turns":4},{"damage":38,"enemies":"Snake Plant","floor":21,"turns":5},{"damage":17,"enemies":"Centurion and Healer","floor":22,"turns":5},{"damage":50,"enemies":"Book of Stabbing","floor":25,"turns":6},{"damage":4,"enemies":"3 Cultists","floor":27,"turns":6},{"damage":27,"enemies":"Snake Plant","floor":31,"turns":4},{"damage":62,"enemies":"Collector","floor":33,"turns":7}],"seed_played":"466955822638973157","potions_obtained":[{"floor":0,"key":"Weak Potion"},{"floor":0,"key":"FairyPotion"},{"floor":0,"key":"BloodPotion"},{"floor":14,"key":"Block Potion"},{"floor":16,"key":"Poison Potion"}],"is_trial":false,"path_per_floor":["M","M","$","?","M","R","M","R","T","E","M","R","?","M","R","B",null,"M","?","M","M","M","R","?","E","T","M","R","?","$","M","R","B"],"character_chosen":"IRONCLAD","items_purchased":["Shrug It Off"],"campfire_rested":3,"item_purchase_floors":[30],"current_hp_per_floor":[80,80,80,80,80,80,78,78,78,68,73,73,73,76,76,14,80,76,76,72,40,29,53,53,9,9,11,35,35,35,14,38,0],"gold":241,"neow_bonus":"THREE_SMALL_POTIONS","is_prod":false,"is_daily":false,"chose_seed":false,"campfire_upgraded":3,"win_rate":0,"timestamp":1554671845,"path_taken":["M","M","$","?","M","R","M","R","T","E","?","R","?","?","R","BOSS","M","?","M","M","M","R","?","E","T","?","R","?","$","M","R","BOSS"],"build_version":"2019-01-23","purchased_purges":2,"victory":false,"max_hp_per_floor":[80,80,80,80,80,80,80,80,80,80,80,80,80,80,80,80,80,80,80,80,80,80,80,80,80,80,80,80,80,80,80,80,80],"card_choices":[{"not_picked":["Searing Blow","Feel No Pain"],"picked":"Battle Trance","floor":1},{"not_picked":["Cleave","Twin Strike"],"picked":"Armaments","floor":2},{"not_picked":["Cleave","Thunderclap"],"picked":"Body Slam","floor":5},{"not_picked":["Cleave","Perfected Strike","Heavy Blade"],"picked":"SKIP","floor":7},{"not_picked":["Clothesline","Blood for Blood"],"picked":"Pommel Strike","floor":10},{"not_picked":["Brutality","Thunderclap","Clash","Rampage"],"picked":"SKIP","floor":11},{"not_picked":["Blood for Blood","Reckless Charge","Pummel"],"picked":"Whirlwind","floor":14},{"not_picked":["Limit Break","Impervious","Immolate"],"picked":"Demon Form","floor":16},{"not_picked":["Warcry","Battle Trance+1","Spot Weakness+1","Combust"],"picked":"SKIP","floor":18},{"not_picked":["Dropkick+1","Clothesline+1","Rupture"],"picked":"Seeing Red","floor":20},{"not_picked":["Metallicize+1","True Grit","Twin Strike","Havoc"],"picked":"SKIP","floor":21},{"not_picked":["True Grit","Twin Strike","Havoc"],"picked":"Metallicize+1","floor":21},{"not_picked":["Body Slam","Dark Embrace","Infernal Blade"],"picked":"Warcry+1","floor":22},{"not_picked":["Evolve+1","Berserk","Perfected Strike","Sword Boomerang"],"picked":"SKIP","floor":25},{"not_picked":["Havoc","Sword Boomerang","Thunderclap"],"picked":"Shrug It Off","floor":27},{"not_picked":["Sword Boomerang","Headbutt+1","Iron Wave"],"picked":"Reaper","floor":31}],"player_experience":229491,"relics_obtained":[{"floor":10,"key":"Question Card"},{"floor":25,"key":"Peace Pipe"},{"floor":26,"key":"MawBank"}],"event_choices":[{"damage_healed":0,"gold_gain":0,"player_choice":"Forge","damage_taken":0,"max_hp_gain":0,"max_hp_loss":0,"event_name":"Accursed Blacksmith","floor":4,"gold_loss":0,"cards_upgraded":["Armaments"]},{"cards_removed":["Strike_R"],"damage_healed":0,"gold_gain":0,"player_choice":"Purged","damage_taken":0,"max_hp_gain":0,"max_hp_loss":0,"event_name":"Purifier","floor":13,"gold_loss":0},{"damage_healed":0,"gold_gain":0,"player_choice":"Ignored","damage_taken":0,"max_hp_gain":0,"max_hp_loss":0,"event_name":"Ghosts","floor":19,"gold_loss":0},{"cards_removed":["Strike_R"],"damage_healed":0,"gold_gain":0,"player_choice":"Upgrade and Remove","damage_taken":0,"max_hp_gain":0,"max_hp_loss":0,"event_name":"Designer","floor":24,"gold_loss":90,"cards_upgraded":["Strike_R"]},{"cards_removed":["Strike_R"],"damage_healed":0,"gold_gain":0,"player_choice":"Offered Basic","damage_taken":0,"max_hp_gain":0,"max_hp_loss":0,"event_name":"Bonfire Elementals","floor":29,"gold_loss":0}],"is_beta":false,"boss_relics":[{"not_picked":["Cursed Key","Ectoplasm"],"picked":"Sozu"}],"items_purged_floors":[3,30],"is_endless":false,"potions_floor_spawned":[2,14,16,18,20,25,31],"killed_by":"Collector","ascension_level":3}