{"gold_per_floor":[13,13,13,13,13,13,13,13,13,52,85,177,177,205,205,326,326,311,331,331],"floor_reached":20,"playtime":790,"items_purged":[],"score":231,"play_id":"e53cfd52-ce0a-4862-8c10-8e3f50788ef7","local_time":"20181027151432","is_ascension_mode":true,"campfire_choices":[{"data":"Regret","floor":6,"key":"PURGE"},{"data":"Wild Strike","floor":8,"key":"SMITH"},{"data":"True Grit","floor":13,"key":"SMITH"},{"floor":15,"key":"REST"}],"neow_cost":"NO_GOLD","seed_source_timestamp":1459776707687881,"circlet_count":0,"master_deck":["Strike_R","Strike_R","Strike_R","Strike_R","Strike_R","Defend_R","Defend_R","Defend_R","Defend_R","Bash","Magnetism+1","Wild Strike+1","HandOfGreed","True Grit+1","Reaper","Rage","True Grit","Demon Form","Thunderclap","Feel No Pain","Pummel","Shrug It Off","Twin Strike","Sentinel"],"relics":["Burning Blood","Peace Pipe","Ancient Tea Set","Ginger","Red Skull","Orrery"],"potions_floor_usage":[12,14,19],"damage_taken":[{"damage":6,"enemies":"Cultist","floor":1,"turns":4},{"damage":2,"enemies":"2 Louse","floor":10,"turns":3},{"damage":0,"enemies":"Jaw Worm","floor":11,"turns":3},{"damage":35,"enemies":"3 Sentries","floor":12,"turns":8},{"damage":13,"enemies":"Gremlin Nob","floor":14,"turns":3},{"damage":15,"enemies":"Slime Boss","floor":16,"turns":13},{"damage":20,"enemies":"2 Thieves","floor":18,"turns":4},{"damage":39,"enemies":"Colosseum Slavers","floor":19,"turns":6},{"damage":66,"enemies":"Masked Bandits","floor":20,"turns":3}],"seed_played":"-5836233554038611023","potions_obtained":[{"floor":11,"key":"SkillPotion"},{"floor":12,"key":"Poison Potion"},{"floor":14,"key":"Weak Potion"}],"is_trial":false,"path_per_floor":["M","$","?","?","?","R","$","R","T","M","M","E","R","E","R","B",null,"M","?"],"character_chosen":"IRONCLAD","items_purchased":[],"campfire_rested":1,"item_purchase_floors":[],"current_hp_per_floor":[72,72,72,72,72,72,72,72,72,76,80,59,59,58,80,71,78,64,39,0],"gold":331,"neow_bonus":"RANDOM_COLORLESS_2","is_prod":false,"is_daily":false,"chose_seed":false,"campfire_upgraded":2,"win_rate":0,"timestamp":1540674872,"path_taken":["M","?","?","?","?","R","$","R","T","?","M","E","R","E","R","BOSS","M","?","?"],"build_version":"2018-10-25v2","purchased_purges":0,"victory":false,"max_hp_per_floor":[80,80,80,80,80,80,80,80,80,80,80,80,80,80,80,80,80,80,80,80],"card_choices":[{"not_picked":["Clothesline","Sword Boomerang"],"picked":"Wild Strike","floor":1},{"not_picked":["Reckless Charge","Cleave"],"picked":"True Grit","floor":10},{"not_picked":["Carnage","Rampage"],"picked":"Reaper","floor":11},{"not_picked":["Reaper","Clothesline"],"picked":"Rage","floor":12},{"not_picked":["Limit Break","Clash"],"picked":"True Grit","floor":14},{"not_picked":["Fiend Fire","Double Tap"],"picked":"Demon Form","floor":16},{"not_picked":["Clothesline","Carnage"],"picked":"Thunderclap","floor":17},{"not_picked":["Rampage","Thunderclap"],"picked":"Feel No Pain","floor":17},{"not_picked":["Iron Wave","Anger"],"picked":"Pummel","floor":17},{"not_picked":["Anger","Clothesline"],"picked":"Shrug It Off","floor":17},{"not_picked":["Feed","Intimidate"],"picked":"Twin Strike","floor":17},{"not_picked":["Reckless Charge","Anger"],"picked":"Sentinel","floor":18}],"player_experience":906823,"relics_obtained":[{"floor":9,"key":"Ancient Tea Set"},{"floor":12,"key":"Ginger"},{"floor":14,"key":"Red Skull"}],"event_choices":[{"damage_healed":0,"gold_gain":0,"player_choice":"Box","damage_taken":0,"relics_obtained":["Peace Pipe"],"max_hp_gain":0,"max_hp_loss":0,"event_name":"Big Fish","floor":3,"gold_loss":0,"cards_obtained":["Regret"]},{"damage_healed":0,"gold_gain":0,"cards_transformed":["Forethought"],"player_choice":"Transformed","damage_taken":0,"max_hp_gain":0,"max_hp_loss":0,"event_name":"Transmorgrifier","floor":4,"gold_loss":0,"cards_obtained":["HandOfGreed"]},{"damage_healed":0,"gold_gain":0,"player_choice":"Upgraded","damage_taken":0,"max_hp_gain":0,"max_hp_loss":0,"event_name":"Upgrade Shrine","floor":5,"gold_loss":0,"cards_upgraded":["Magnetism"]},{"damage_healed":0,"gold_gain":0,"player_choice":"Fight","damage_taken":0,"max_hp_gain":0,"max_hp_loss":0,"event_name":"Colosseum","floor":19,"gold_loss":0},{"damage_healed":0,"gold_gain":0,"player_choice":"Fled From Nobs","damage_taken":0,"max_hp_gain":0,"max_hp_loss":0,"event_name":"Colosseum","floor":19,"gold_loss":0},{"damage_healed":0,"gold_gain":0,"player_choice":"Fought Bandits","damage_taken":0,"max_hp_gain":0,"max_hp_loss":0,"event_name":"Masked Bandits","floor":20,"gold_loss":0}],"is_beta":false,"boss_relics":[{"not_picked":["Runic Cube","Tiny House"],"picked":"Orrery"}],"items_purged_floors":[],"is_endless":false,"potions_floor_spawned":[11,12,14],"killed_by":"Masked Bandits","ascension_level":6}