{"path_per_floor":["M","?","?","?","$","E","R","M","T","M","R","M","$","?","R","B",null,"M","M","M","M","M","R","E","R","T","E","R","E","M","T","R","B",null,"M","?","M","M","?","E","R","M","T","M","M","R","$","?","R","B"],"character_chosen":"IRONCLAD","items_purchased":["Unceasing Top","Apotheosis","Armaments","Blind"],"gold_per_floor":[17,17,17,17,17,52,52,63,63,74,74,85,10,40,40,142,142,153,169,182,194,208,208,238,238,316,348,348,373,384,432,432,537,537,555,608,621,639,639,665,665,678,678,691,706,706,59,59,59,59],"floor_reached":51,"campfire_rested":3,"playtime":3213,"current_hp_per_floor":[75,75,80,68,68,33,33,37,37,41,41,38,38,38,38,30,71,69,62,55,42,41,66,53,78,78,67,67,65,71,71,71,76,87,91,64,67,62,62,49,49,57,57,40,53,53,53,53,81,54],"items_purged":["Defend_R"],"gold":59,"score":940,"play_id":"27c6e99d-44e4-4d5b-8974-b22ae15277c7","local_time":"20180412215424","is_prod":false,"is_daily":false,"chose_seed":false,"is_ascension_mode":true,"campfire_upgraded":7,"timestamp":1523584464,"path_taken":["M","?","?","?","?","E","R","M","T","?","R","M","$","?","R","BOSS","M","M","M","M","M","R","E","R","T","E","R","E","M","?","R","BOSS","M","?","M","M","?","E","R","M","T","M","M","R","$","?","R","BOSS"],"build_version":"2018-04-12","seed_source_timestamp":0,"purchased_purges":1,"victory":true,"master_deck":["Strike_R","Strike_R","Defend_R+1","Bash+1","Shrug It Off+1","Offering+1","Bloodletting","Feel No Pain","Body Slam+1","Immolate","Spot Weakness+1","Dark Embrace+1","Corruption+1","Ghostly Armor","Thunderclap","True Grit+1","Rupture+1","Warcry+1","Pommel Strike","Bloodletting","Barricade","Pummel","Warcry","True Grit+1","Armaments+1","Feel No Pain","Searing Blow+3","Shrug It Off","True Grit+1","Apotheosis","Armaments","Blind"],"max_hp_per_floor":[80,80,85,85,85,85,85,85,85,85,85,85,85,85,85,85,85,85,85,85,85,85,85,85,85,85,85,85,85,85,85,85,85,89,91,91,93,93,93,93,93,93,93,95,95,95,95,95,95,95],"relics":["Burning Blood","Blood Vial","Bird Faced Urn","Pantograph","Toolbox","Astrolabe","War Paint","Tiny Chest","Singing Bowl","Shuriken","Bronze Scales","Orrery","Red Skull","Molten Egg 2","Gambling Chip","Unceasing Top"],"card_choices":[{"not_picked":["Twin Strike","Body Slam"],"picked":"Shrug It Off","floor":1.0},{"not_picked":["Anger","Clash"],"picked":"Offering","floor":6.0},{"not_picked":["Twin Strike","Entrench"],"picked":"Bloodletting","floor":8.0},{"not_picked":["Pommel Strike","Heavy Blade"],"picked":"Feel No Pain","floor":10.0},{"not_picked":["Thunderclap","Clothesline"],"picked":"Body Slam","floor":12.0},{"not_picked":["Barricade","Dark Embrace"],"picked":"Immolate","floor":16.0},{"not_picked":["Dropkick","Thunderclap"],"picked":"Corruption","floor":18.0},{"not_picked":["Armaments","Sword Boomerang"],"picked":"Ghostly Armor","floor":19.0},{"not_picked":["Clothesline","Blood for Blood"],"picked":"Thunderclap","floor":21.0},{"not_picked":["Anger","Flex"],"picked":"True Grit","floor":22.0},{"not_picked":["Iron Wave","Cleave"],"picked":"Rupture","floor":24.0},{"not_picked":["Immolate","Body Slam"],"picked":"Warcry","floor":27.0},{"not_picked":["Heavy Blade","Sword Boomerang"],"picked":"Pommel Strike","floor":29.0},{"not_picked":["Shrug It Off","Burning Pact"],"picked":"Bloodletting","floor":30.0},{"not_picked":["Brutality","Immolate"],"picked":"Barricade","floor":33.0},{"not_picked":["Heavy Blade","Sever Soul"],"picked":"Pummel","floor":34.0},{"not_picked":["Perfected Strike","Rupture"],"picked":"Warcry","floor":34.0},{"not_picked":["Spot Weakness","Pommel Strike"],"picked":"True Grit","floor":34.0},{"not_picked":["Hemokinesis","Spot Weakness"],"picked":"Armaments","floor":36.0},{"not_picked":["Shrug It Off","Blood for Blood"],"picked":"Feel No Pain","floor":38.0},{"not_picked":["Sever Soul","Perfected Strike"],"picked":"Searing Blow","floor":40.0},{"not_picked":["Seeing Red","Inflame"],"picked":"Shrug It Off","floor":42.0},{"not_picked":["Second Wind","Blood for Blood"],"picked":"True Grit","floor":45.0}],"player_experience":90441,"potions_floor_usage":[],"damage_taken":[{"damage":11.0,"enemies":"2 Louse","floor":1.0,"turns":3.0},{"damage":43.0,"enemies":"3 Sentries","floor":6.0,"turns":10.0},{"damage":4.0,"enemies":"Small Slimes","floor":8.0,"turns":3.0},{"damage":4.0,"enemies":"Cultist","floor":10.0,"turns":2.0},{"damage":13.0,"enemies":"Looter","floor":12.0,"turns":2.0},{"damage":43.0,"enemies":"Slime Boss","floor":16.0,"turns":10.0},{"damage":18.0,"enemies":"3 Byrds","floor":18.0,"turns":3.0},{"damage":19.0,"enemies":"2 Thieves","floor":19.0,"turns":3.0},{"damage":21.0,"enemies":"Centurion and Healer","floor":20.0,"turns":3.0},{"damage":27.0,"enemies":"3 Cultists","floor":21.0,"turns":3.0},{"damage":13.0,"enemies":"Snecko","floor":22.0,"turns":3.0},{"damage":27.0,"enemies":"Book of Stabbing","floor":24.0,"turns":3.0},{"damage":27.0,"enemies":"Gremlin Leader","floor":27.0,"turns":4.0},{"damage":14.0,"enemies":"Slavers","floor":29.0,"turns":2.0},{"damage":10.0,"enemies":"Centurion and Healer","floor":30.0,"turns":3.0},{"damage":21.0,"enemies":"Automaton","floor":33.0,"turns":5.0},{"damage":11.0,"enemies":"Orb Walker","floor":35.0,"turns":4.0},{"damage":39.0,"enemies":"Mysterious Sphere","floor":36.0,"turns":2.0},{"damage":15.0,"enemies":"Flame Bruiser 1 Orb","floor":37.0,"turns":3.0},{"damage":23.0,"enemies":"Spire Growth","floor":38.0,"turns":4.0},{"damage":33.0,"enemies":"Giant Head","floor":40.0,"turns":8.0},{"damage":12.0,"enemies":"Maw","floor":42.0,"turns":5.0},{"damage":31.0,"enemies":"4 Shapes","floor":44.0,"turns":2.0},{"damage":7.0,"enemies":"Flame Bruiser 2 Orb","floor":45.0,"turns":3.0},{"damage":57,"enemies":"Time Eater","floor":50,"turns":6}],"event_choices":[{"event_name":"The Cleric","player_choice":"Leave","floor":2.0,"damage_taken":0.0},{"event_name":"Big Fish","player_choice":"Donut","floor":3.0,"damage_taken":0.0},{"event_name":"Scrap Ooze","player_choice":"success","floor":4.0,"damage_taken":12.0},{"event_name":"Dead Adventurer","player_choice":"Searched \u00272\u0027 times","floor":14.0,"damage_taken":0.0},{"event_name":"Mysterious Sphere","player_choice":"Fight","floor":36.0,"damage_taken":0.0},{"event_name":"Tomb of Lord Red Mask","player_choice":"Ignored","floor":39.0,"damage_taken":0.0}],"boss_relics":[],"potions_floor_spawned":[8,12,16,19,22,30,33,35,38,44,45],"seed_played":"-132785517191493005","ascension_level":5,"is_trial":false}