{"gold_per_floor":[119,44,144,163,181,181,191,141,141,141,141,155,155,155,155,155],"floor_reached":16,"playtime":249,"items_purged":[],"score":90,"play_id":"7bb47004-a7cb-4b80-925f-46d0d8a58bcf","local_time":"20190122214926","is_ascension_mode":false,"campfire_choices":[{"data":"Intimidate","floor":6,"key":"SMITH"},{"data":"Thunderclap","floor":11,"key":"SMITH"},{"data":"Flame Barrier","floor":13,"key":"SMITH"},{"data":"Strike_R","floor":15,"key":"SMITH"}],"neow_cost":"NONE","seed_source_timestamp":865339772765090,"circlet_count":0,"master_deck":["Strike_R","Strike_R","Strike_R","Strike_R+1","Defend_R","Defend_R","Defend_R","Defend_R","Bash","Cleave","Intimidate+1","Thunderclap","Warcry","Thunderclap+1","Flame Barrier+1"],"relics":["Black Star","Pantograph"],"potions_floor_usage":[],"damage_taken":[{"damage":8,"enemies":"Small Slimes","floor":1,"turns":4},{"damage":6,"enemies":"Cultist","floor":4,"turns":3},{"damage":1,"enemies":"2 Louse","floor":5,"turns":3},{"damage":9,"enemies":"Looter","floor":7,"turns":4},{"damage":4,"enemies":"Exordium Wildlife","floor":12,"turns":3},{"damage":0,"enemies":"Slime Boss","floor":16,"turns":1}],"seed_played":"1186101725586849670","potions_obtained":[{"floor":4,"key":"FearPotion"},{"floor":12,"key":"Fruit Juice"}],"is_trial":false,"path_per_floor":["M","$","?","M","M","R","M","?","T","?","R","M","R","$","R","B"],"character_chosen":"IRONCLAD","items_purchased":["Intimidate"],"campfire_rested":0,"item_purchase_floors":[2],"current_hp_per_floor":[72,72,72,66,65,65,56,56,56,61,61,57,57,57,57,82],"gold":155,"neow_bonus":"BOSS_RELIC","is_prod":false,"is_daily":false,"chose_seed":false,"campfire_upgraded":4,"win_rate":0,"timestamp":1548222566,"path_taken":["M","$","?","M","?","R","M","?","T","?","R","M","R","?","R","BOSS"],"build_version":"2019-01-17v2","purchased_purges":0,"victory":false,"max_hp_per_floor":[80,80,80,80,80,80,80,80,80,85,85,85,85,85,85,85],"card_choices":[{"not_picked":["Warcry","Rage"],"picked":"Cleave","floor":1},{"not_picked":["Heavy Blade","Flex"],"picked":"Thunderclap","floor":4},{"not_picked":["Immolate","Uppercut"],"picked":"Warcry","floor":5},{"not_picked":["Clothesline","True Grit"],"picked":"Thunderclap","floor":7},{"not_picked":["Second Wind","Sword Boomerang"],"picked":"Flame Barrier","floor":12}],"player_experience":282500,"relics_obtained":[{"floor":9,"key":"Pantograph"}],"event_choices":[{"damage_healed":0,"gold_gain":100,"player_choice":"Pray","damage_taken":0,"max_hp_gain":0,"max_hp_loss":0,"event_name":"Golden Shrine","floor":3,"gold_loss":0},{"cards_removed":["Strike_R"],"damage_healed":0,"gold_gain":0,"player_choice":"Card Removal","damage_taken":0,"max_hp_gain":0,"max_hp_loss":0,"event_name":"The Cleric","floor":8,"gold_loss":50},{"damage_healed":0,"gold_gain":0,"player_choice":"Donut","damage_taken":0,"max_hp_gain":5,"max_hp_loss":0,"event_name":"Big Fish","floor":10,"gold_loss":0}],"is_beta":false,"boss_relics":[],"items_purged_floors":[],"is_endless":false,"potions_floor_spawned":[4,12],"killed_by":"Slime Boss","ascension_level":0}