{"gold_per_floor":[110,60,60,77,91,121,121,139,162,162,176,176,176,186,186,186],"floor_reached":16,"playtime":738,"items_purged":[],"score":102,"play_id":"f9584c52-3883-4766-a30a-b5b555345fa1","local_time":"20190218232145","is_ascension_mode":false,"campfire_choices":[{"floor":7,"key":"REST"},{"floor":10,"key":"REST"},{"floor":15,"key":"REST"}],"neow_cost":"NONE","seed_source_timestamp":428546920043178,"circlet_count":0,"master_deck":["Strike_B","Strike_B","Strike_B+1","Strike_B","Defend_B+1","Defend_B","Zap","Dualcast","Impatience","Conserve Battery","Capacitor"],"relics":["Cracked Core","Dream Catcher","Potion Belt"],"potions_floor_usage":[4,11],"damage_taken":[{"damage":7,"enemies":"Small Slimes","floor":1,"turns":4},{"damage":0,"enemies":"2 Louse","floor":4,"turns":3},{"damage":6,"enemies":"Jaw Worm","floor":5,"turns":4},{"damage":48,"enemies":"3 Sentries","floor":6,"turns":7},{"damage":7,"enemies":"2 Fungi Beasts","floor":8,"turns":3},{"damage":17,"enemies":"Gremlin Gang","floor":11,"turns":3},{"damage":6,"enemies":"Exordium Wildlife","floor":14,"turns":5},{"damage":68,"enemies":"The Guardian","floor":16,"turns":12}],"seed_played":"4077153546823498097","potions_obtained":[{"floor":1,"key":"Poison Potion"},{"floor":6,"key":"Explosive Potion"}],"is_trial":false,"path_per_floor":["?","?","?","?"],"character_chosen":"DEFECT","items_purchased":[],"campfire_rested":3,"item_purchase_floors":[],"current_hp_per_floor":[68,68,68,68,62,14,36,29,29,51,34,59,44,38,60,0],"gold":186,"neow_bonus":"RANDOM_COLORLESS","is_prod":false,"is_daily":false,"chose_seed":false,"campfire_upgraded":0,"win_rate":0,"timestamp":1550550105,"path_taken":["M","?","?","M","M","E","R","M","T","R","M","?","?","M","R","BOSS"],"build_version":"2019-01-23","purchased_purges":0,"victory":false,"max_hp_per_floor":[75,75,75,75,75,75,75,75,75,75,75,75,75,75,75,75],"card_choices":[{"not_picked":["Chaos","Go for the Eyes","Genetic Algorithm"],"picked":"SKIP","floor":1},{"not_picked":["Beam Cell","Heatsinks","Barrage"],"picked":"SKIP","floor":4},{"not_picked":["Coolheaded","Barrage","Streamline"],"picked":"SKIP","floor":5},{"not_picked":["Heatsinks","Steam","Genetic Algorithm"],"picked":"SKIP","floor":6},{"not_picked":["Ball Lightning","Sweeping Beam"],"picked":"Conserve Battery","floor":8},{"not_picked":["Thunder Strike","Cold Snap","Go for the Eyes"],"picked":"SKIP","floor":11},{"not_picked":["Redo","Beam Cell","Static Discharge"],"picked":"SKIP","floor":14},{"not_picked":["Cold Snap","Beam Cell"],"picked":"Capacitor","floor":15}],"player_experience":530923,"relics_obtained":[{"floor":6,"key":"Dream Catcher"},{"floor":9,"key":"Potion Belt"}],"event_choices":[{"cards_removed":["Defend_B"],"damage_healed":0,"gold_gain":0,"player_choice":"Card Removal","damage_taken":0,"max_hp_gain":0,"max_hp_loss":0,"event_name":"The Cleric","floor":2,"gold_loss":50},{"cards_removed":["Defend_B"],"damage_healed":0,"gold_gain":0,"player_choice":"Forget","damage_taken":0,"max_hp_gain":0,"max_hp_loss":0,"event_name":"Living Wall","floor":3,"gold_loss":0},{"damage_healed":25,"gold_gain":0,"player_choice":"Banana","damage_taken":0,"max_hp_gain":0,"max_hp_loss":0,"event_name":"Big Fish","floor":12,"gold_loss":0},{"damage_healed":0,"gold_gain":0,"player_choice":"Entered Light","damage_taken":15,"max_hp_gain":0,"max_hp_loss":0,"event_name":"Shining Light","floor":13,"gold_loss":0,"cards_upgraded":["Strike_B","Defend_B"]}],"is_beta":false,"boss_relics":[],"items_purged_floors":[],"is_endless":false,"potions_floor_spawned":[1,6],"killed_by":"The Guardian","ascension_level":0}