{"gold_per_floor":[111,111,63,63,63,94,59,90,114,114,129,164,164,164,164,265,265,280,280,298,298,312,312,342,342,342,370,390,409,332,347,347,450,450,462,474,474,474,486,512,512,525,525,543,574,28,28,38,38,38],"floor_reached":51,"playtime":2374,"items_purged":[],"score":1005,"play_id":"e63eb575-0b1d-4c54-988d-9b7075cfbc57","local_time":"20180818044252","is_ascension_mode":true,"campfire_choices":[{"data":"Prepared","floor":10,"key":"SMITH"},{"data":"1","floor":15,"key":"LIFT"},{"floor":23,"key":"REST"},{"data":"2","floor":25,"key":"LIFT"},{"floor":32,"key":"REST"},{"data":"3","floor":41,"key":"LIFT"},{"floor":47,"key":"REST"},{"data":"After Image","floor":49,"key":"SMITH"}],"neow_cost":"NONE","seed_source_timestamp":35206389661360,"circlet_count":0,"master_deck":["Defend_G","Defend_G","Defend_G","Defend_G","Defend_G+1","Strike_G","Strike_G","Survivor+1","Neutralize","Finisher","Prepared+1","Backflip","Terror","Dagger Spray","Tactician","Eviscerate","Eviscerate","Malaise+1","Distraction+1","Backflip","Backstab","Reflex+1","Outmaneuver+1","Backflip+1","Dagger Throw+1","J.A.X.","Calculated Gamble","After Image+1","Deflect+1","Acrobatics","Master of Strategy","Discovery","Master of Strategy","Prepared","Prepared","Prepared+1","Backflip+1","Footwork+1","Acrobatics","Bandage Up","Underhanded Strike","Underhanded Strike+1"],"relics":["Ring of the Serpent","NeowsBlessing","War Paint","Omamori","Vajra","Girya","Calipers","Sozu","Torii","Bag of Marbles","Tingsha","Frozen Egg 2","Regal Pillow","Oddly Smooth Stone","Bronze Scales","Tough Bandages"],"potions_floor_usage":[16,33],"damage_taken":[{"damage":0,"enemies":"Small Slimes","floor":1,"turns":1},{"damage":4,"enemies":"3 Sentries","floor":6,"turns":2},{"damage":0,"enemies":"Gremlin Nob","floor":8,"turns":1},{"damage":3,"enemies":"Jaw Worm","floor":11,"turns":3},{"damage":12,"enemies":"Lagavulin","floor":12,"turns":5},{"damage":27,"enemies":"The Guardian","floor":16,"turns":7},{"damage":0,"enemies":"3 Byrds","floor":18,"turns":3},{"damage":15,"enemies":"Spheric Guardian","floor":20,"turns":5},{"damage":17,"enemies":"Centurion and Healer","floor":22,"turns":8},{"damage":8,"enemies":"Gremlin Leader","floor":24,"turns":6},{"damage":8,"enemies":"Slavers","floor":27,"turns":6},{"damage":11,"enemies":"Snake Plant","floor":28,"turns":3},{"damage":18,"enemies":"Cultist and Chosen","floor":29,"turns":7},{"damage":0,"enemies":"Snecko","floor":31,"turns":3},{"damage":11,"enemies":"Automaton","floor":33,"turns":10},{"damage":0,"enemies":"3 Darklings","floor":35,"turns":3},{"damage":0,"enemies":"Orb Walker","floor":36,"turns":2},{"damage":15,"enemies":"3 Darklings","floor":39,"turns":4},{"damage":3,"enemies":"Giant Head","floor":40,"turns":3},{"damage":3,"enemies":"Spire Growth","floor":42,"turns":2},{"damage":0,"enemies":"Transient","floor":44,"turns":5},{"damage":3,"enemies":"Nemesis","floor":45,"turns":3},{"damage":0,"enemies":"3 Darklings","floor":48,"turns":1},{"damage":3,"enemies":"Awakened One","floor":50,"turns":6}],"seed_played":"-5493233099609403753","potions_obtained":[{"floor":8,"key":"SpeedPotion"},{"floor":12,"key":"Fire Potion"}],"is_trial":false,"path_per_floor":["M","?","$","?","?","E","?","E","T","R","M","E","?","T","R","B",null,"M","?","M","?","M","R","E","R","T","E","M","M","?","M","R","B",null,"M","M","T","?","M","E","R","M","T","M","E","$","R","M","R","B"],"character_chosen":"THE_SILENT","items_purchased":["Backflip","Tough Bandages","Footwork+1","Acrobatics","Bandage Up","Underhanded Strike"],"campfire_rested":3,"item_purchase_floors":[3,46,46,46,46,46],"current_hp_per_floor":[70,70,70,63,63,59,70,70,70,70,67,55,70,70,70,43,70,70,57,42,42,25,47,39,39,39,31,20,2,2,2,24,13,75,75,75,75,65,50,47,47,44,44,44,41,41,75,75,75,75],"gold":38,"neow_bonus":"THREE_ENEMY_KILL","is_prod":false,"is_daily":false,"chose_seed":false,"campfire_upgraded":2,"win_rate":0,"timestamp":1534581772,"path_taken":["M","?","$","?","?","E","?","E","T","R","?","E","?","?","R","BOSS","M","?","M","?","M","R","E","R","T","E","?","M","?","M","R","BOSS","M","?","?","?","M","E","R","M","T","M","E","$","R","M","R","BOSS"],"build_version":"2018-08-16","purchased_purges":0,"victory":true,"max_hp_per_floor":[70,70,70,70,70,70,70,70,70,70,70,70,70,70,70,70,70,70,75,75,75,75,75,75,75,75,75,75,75,75,75,75,75,75,75,75,75,75,75,75,75,75,75,75,75,75,75,75,75,75],"card_choices":[{"not_picked":["Flying Knee","Reflex"],"picked":"Finisher","floor":1},{"not_picked":["Quick Slash","Caltrops"],"picked":"Dagger Spray","floor":6},{"not_picked":["Catalyst","Acrobatics"],"picked":"Tactician","floor":8},{"not_picked":["Bane","Noxious Fumes"],"picked":"Eviscerate","floor":11},{"not_picked":["Terror","Backstab"],"picked":"Eviscerate","floor":12},{"not_picked":["Burst","Die Die Die"],"picked":"Malaise","floor":16},{"not_picked":["Quick Slash+1","Footwork"],"picked":"Distraction+1","floor":18},{"not_picked":["Choke","Cloak And Dagger"],"picked":"Backflip","floor":20},{"not_picked":["Slice+1","Flying Knee"],"picked":"Backstab","floor":22},{"not_picked":["Flying Knee","Bullet Time"],"picked":"Reflex+1","floor":24},{"not_picked":["Quick Slash","Skewer+1"],"picked":"Outmaneuver+1","floor":27},{"not_picked":["Predator+1","Tactician"],"picked":"Backflip+1","floor":28},{"not_picked":["Underhanded Strike","Dodge and Roll"],"picked":"Dagger Throw+1","floor":29},{"not_picked":["Slice","Catalyst"],"picked":"Calculated Gamble","floor":31},{"not_picked":["Envenom","Adrenaline"],"picked":"After Image","floor":33},{"not_picked":["Accuracy+1","Bouncing Flask+1"],"picked":"Deflect+1","floor":35},{"not_picked":["Dodge and Roll+1","Noxious Fumes+1"],"picked":"Acrobatics","floor":36},{"not_picked":["Enlightenment","Chrysalis"],"picked":"Master of Strategy","floor":38},{"not_picked":["Forethought","Dramatic Entrance"],"picked":"Discovery","floor":38},{"not_picked":["Mind Blast","Discovery"],"picked":"Master of Strategy","floor":38},{"not_picked":["Deadly Poison","Cloak And Dagger+1"],"picked":"Prepared","floor":39},{"not_picked":["Outmaneuver","Sucker Punch"],"picked":"Prepared","floor":40},{"not_picked":["Skewer","Bane+1","Quick Slash+1"],"picked":"SKIP","floor":42},{"not_picked":["PiercingWail","Slice"],"picked":"Prepared+1","floor":44},{"not_picked":["Catalyst+1","PiercingWail"],"picked":"Backflip+1","floor":45},{"not_picked":["Endless Agony","Noxious Fumes+1"],"picked":"Underhanded Strike+1","floor":48}],"player_experience":175682,"relics_obtained":[{"floor":6,"key":"War Paint"},{"floor":8,"key":"Omamori"},{"floor":9,"key":"Vajra"},{"floor":12,"key":"Girya"},{"floor":14,"key":"Calipers"},{"floor":24,"key":"Torii"},{"floor":26,"key":"Bag of Marbles"},{"floor":27,"key":"Tingsha"},{"floor":37,"key":"Frozen Egg 2"},{"floor":40,"key":"Regal Pillow"},{"floor":43,"key":"Oddly Smooth Stone"},{"floor":45,"key":"Bronze Scales"}],"event_choices":[{"event_name":"Living Wall","player_choice":"Change","floor":2,"damage_taken":0},{"event_name":"Golden Wing","player_choice":"Card Removal","floor":4,"damage_taken":0},{"event_name":"Transmorgrifier","player_choice":"Transform","floor":5,"damage_taken":0},{"event_name":"The Cleric","player_choice":"Healed","floor":7,"damage_taken":0},{"event_name":"Mushrooms","player_choice":"Healed and dodged fight","floor":13,"damage_taken":0},{"event_name":"Forgotten Altar","player_choice":"Shed Blood","floor":19,"damage_taken":0},{"event_name":"Upgrade Shrine","player_choice":"Upgraded","floor":21,"damage_taken":0},{"event_name":"Drug Dealer","player_choice":"Got JAXXED","floor":30,"damage_taken":0},{"event_name":"SensoryStone","player_choice":"Memory 3","floor":38,"damage_taken":0}],"is_beta":true,"boss_relics":[{"not_picked":["Lizard Tail","Snecko Eye"],"picked":"Sozu"},{"not_picked":["Calling Bell","Runic Pyramid"],"picked":"Ring of the Serpent"}],"items_purged_floors":[],"is_endless":false,"potions_floor_spawned":[8,12,20,22,27,29,39,40,44,45],"ascension_level":1}