{"gold_per_floor":[111,81,96,96,96,96,152,152,152,152,168,185,197,105,105,206,206,222,222,222,294,313,313,325,336,336,336,354,365,365,385,385,385],"floor_reached":33,"playtime":1300,"items_purged":[],"score":239,"play_id":"3e7652ec-c3fd-4e35-87b8-5fb995dfe1f8","local_time":"20181121103300","is_ascension_mode":false,"campfire_choices":[{"data":"Body Slam","floor":6,"key":"SMITH"},{"data":"Shrug It Off","floor":10,"key":"SMITH"},{"data":"Mind Blast","floor":15,"key":"SMITH"},{"floor":23,"key":"REST"},{"floor":27,"key":"REST"},{"floor":32,"key":"REST"}],"neow_cost":"TEN_PERCENT_HP_LOSS","seed_source_timestamp":664372273170709,"circlet_count":0,"master_deck":["Strike_R","Strike_R","Strike_R","Strike_R","Strike_R","Defend_R","Defend_R","Defend_R","Defend_R","Bash","Dark Shackles","Dramatic Entrance","Shrug It Off+1","Body Slam+1","Regret","Exhume","Ghostly Armor","Reckless Charge","Mind Blast+1","Dark Embrace","Pommel Strike+1","RitualDagger","Pommel Strike","Reckless Charge+1","Intimidate","Uppercut+1"],"relics":["Burning Blood","Pear","Incense Burner","Gremlin Horn","Lizard Tail","Mummified Hand","Paper Frog","Bottled Lightning"],"potions_floor_usage":[3,7,16,16,25,28,33],"damage_taken":[{"damage":5,"enemies":"Small Slimes","floor":1,"turns":4},{"damage":0,"enemies":"Cultist","floor":3,"turns":3},{"damage":19,"enemies":"Lagavulin Event","floor":7,"turns":5},{"damage":0,"enemies":"2 Louse","floor":11,"turns":2},{"damage":21,"enemies":"Large Slime","floor":12,"turns":9},{"damage":0,"enemies":"2 Fungi Beasts","floor":13,"turns":3},{"damage":18,"enemies":"The Guardian","floor":16,"turns":13},{"damage":50,"enemies":"Spheric Guardian","floor":18,"turns":10},{"damage":12,"enemies":"Shell Parasite","floor":22,"turns":8},{"damage":19,"enemies":"3 Cultists","floor":24,"turns":7},{"damage":35,"enemies":"Shelled Parasite and Fungi","floor":25,"turns":9},{"damage":26,"enemies":"Centurion and Healer","floor":28,"turns":5},{"damage":28,"enemies":"Chosen and Byrds","floor":29,"turns":6},{"damage":11,"enemies":"Snake Plant","floor":31,"turns":3},{"damage":79,"enemies":"Automaton","floor":33,"turns":6}],"seed_played":"-8848657583142664381","potions_obtained":[{"floor":1,"key":"PowerPotion"},{"floor":2,"key":"AttackPotion"},{"floor":2,"key":"Strength Potion"},{"floor":11,"key":"LiquidBronze"},{"floor":12,"key":"AttackPotion"},{"floor":24,"key":"Block Potion"},{"floor":25,"key":"Fire Potion"},{"floor":29,"key":"PowerPotion"}],"is_trial":false,"path_per_floor":["M","?","M","?","?","R","?","T","T","R","M","M","M","$","R","B",null,"M","?","?","T","M","R","M","M","T","R","M","M","T","M","R","B"],"character_chosen":"IRONCLAD","items_purchased":["Mind Blast"],"campfire_rested":3,"item_purchase_floors":[14],"current_hp_per_floor":[72,72,72,72,82,82,69,69,69,69,75,60,66,66,66,54,82,38,32,32,32,26,50,37,8,8,32,12,38,38,33,57,0],"gold":385,"neow_bonus":"RANDOM_COLORLESS_2","is_prod":false,"is_daily":false,"chose_seed":false,"campfire_upgraded":3,"win_rate":0,"timestamp":1542821580,"path_taken":["M","?","?","?","?","R","?","?","T","R","M","M","M","?","R","BOSS","M","?","?","?","?","R","M","?","T","R","M","M","?","M","R","BOSS"],"build_version":"2018-11-15","purchased_purges":0,"victory":false,"max_hp_per_floor":[72,72,72,72,82,82,82,82,82,82,82,82,82,82,82,82,82,82,82,82,82,82,82,82,82,82,82,82,82,82,82,82,82],"card_choices":[{"not_picked":["Wild Strike","Metallicize"],"picked":"Shrug It Off","floor":1},{"not_picked":["True Grit","Twin Strike"],"picked":"Body Slam","floor":3},{"not_picked":["Warcry","Second Wind"],"picked":"Exhume","floor":11},{"not_picked":["True Grit","Iron Wave"],"picked":"Ghostly Armor","floor":12},{"not_picked":["Warcry","Iron Wave"],"picked":"Reckless Charge","floor":13},{"not_picked":["Limit Break","Berserk"],"picked":"Dark Embrace","floor":16},{"not_picked":["Hemokinesis","Clothesline"],"picked":"Pommel Strike+1","floor":18},{"not_picked":["Whirlwind","Fire Breathing"],"picked":"Pommel Strike","floor":22},{"not_picked":["Cleave","Clothesline"],"picked":"Reckless Charge+1","floor":24},{"not_picked":["Headbutt","Fire Breathing","Blood for Blood"],"picked":"SKIP","floor":25},{"not_picked":["Dark Embrace","Cleave+1","Heavy Blade"],"picked":"SKIP","floor":28},{"not_picked":["Heavy Blade","Armaments"],"picked":"Intimidate","floor":29},{"not_picked":["Body Slam","Havoc+1"],"picked":"Uppercut+1","floor":31}],"player_experience":1118509,"relics_obtained":[{"floor":7,"key":"Incense Burner"},{"floor":8,"key":"Gremlin Horn"},{"floor":21,"key":"Mummified Hand"},{"floor":26,"key":"Paper Frog"},{"floor":30,"key":"Bottled Lightning"}],"event_choices":[{"damage_healed":0,"gold_gain":0,"player_choice":"Bought 2 Potions","damage_taken":0,"max_hp_gain":0,"max_hp_loss":0,"event_name":"The Woman in Blue","floor":2,"gold_loss":0},{"damage_healed":0,"gold_gain":0,"player_choice":"Ignored","damage_taken":0,"max_hp_gain":0,"max_hp_loss":0,"event_name":"Shining Light","floor":4,"gold_loss":0},{"damage_healed":0,"gold_gain":0,"player_choice":"Box","damage_taken":0,"relics_obtained":["Pear"],"max_hp_gain":0,"max_hp_loss":0,"event_name":"Big Fish","floor":5,"gold_loss":0,"cards_obtained":["Regret"]},{"damage_healed":0,"gold_gain":0,"player_choice":"Searched \u00271\u0027 times","damage_taken":0,"max_hp_gain":0,"max_hp_loss":0,"event_name":"Dead Adventurer","floor":7,"gold_loss":0},{"damage_healed":0,"gold_gain":0,"player_choice":"Joined the Cult","damage_taken":6,"max_hp_gain":0,"max_hp_loss":0,"event_name":"Nest","floor":19,"gold_loss":0,"cards_obtained":["RitualDagger"]},{"damage_healed":0,"gold_gain":0,"player_choice":"Ignored","damage_taken":0,"max_hp_gain":0,"max_hp_loss":0,"event_name":"Cursed Tome","floor":20,"gold_loss":0}],"is_beta":false,"boss_relics":[{"not_picked":["Velvet Choker","Philosopher\u0027s Stone"],"picked":"Lizard Tail"}],"items_purged_floors":[],"is_endless":false,"potions_floor_spawned":[1,11,12,13,24,25,29],"killed_by":"Automaton","ascension_level":0}