{"gold_per_floor":[114,114,124,124,74,74,106,118,118,135,170,195,205,218,218,318,318,332,332,342,342,342,342],"floor_reached":23,"playtime":797,"items_purged":[],"score":249,"play_id":"fcf7c3b9-6016-4ce8-b559-b30dad6133ab","local_time":"20180829173603","is_ascension_mode":true,"campfire_choices":[{"data":"Chaos","floor":6,"key":"SMITH"},{"floor":15,"key":"REST"}],"neow_cost":"NONE","seed_source_timestamp":1095173399711195,"circlet_count":0,"master_deck":["Strike_B+1","Strike_B","Strike_B","Defend_B","Defend_B","Defend_B","Defend_B","Zap+1","Dualcast","Reboot+1","Cold Snap","Chaos+1","Redo","Machine Learning","Ball Lightning","Leap","Coolheaded","Ball Lightning","Cold Snap","BootSequence","Storm","Seek","Echo Form","Hello World","Coolheaded+1","Zap","Meteor Strike","Conserve Battery","Streamline+1","RitualDagger"],"relics":["FrozenCore","Prayer Wheel","Pantograph","Emotion Chip","Strawberry","NlothsMask"],"potions_floor_usage":[11,11,16,23],"damage_taken":[{"damage":3,"enemies":"Small Slimes","floor":1,"turns":3},{"damage":5,"enemies":"Jaw Worm","floor":3,"turns":2},{"damage":29,"enemies":"Gremlin Nob","floor":7,"turns":5},{"damage":0,"enemies":"Cultist","floor":8,"turns":2},{"damage":7,"enemies":"2 Fungi Beasts","floor":10,"turns":3},{"damage":0,"enemies":"3 Sentries","floor":11,"turns":4},{"damage":1,"enemies":"Looter","floor":13,"turns":2},{"damage":0,"enemies":"Blue Slaver","floor":14,"turns":3},{"damage":7,"enemies":"Slime Boss","floor":16,"turns":7},{"damage":6,"enemies":"Chosen","floor":18,"turns":5},{"damage":7,"enemies":"2 Thieves","floor":20,"turns":5},{"damage":67,"enemies":"Gremlin Leader","floor":23,"turns":4}],"seed_played":"-1446689111446610284","potions_obtained":[{"floor":1,"key":"FocusPotion"},{"floor":3,"key":"EssenceOfSteel"},{"floor":10,"key":"Poison Potion"},{"floor":13,"key":"FocusPotion"},{"floor":16,"key":"Ancient Potion"}],"is_trial":false,"path_per_floor":["M","?","M","?","?","R","E","M","T","M","E","T","M","M","R","B",null,"M","?","M","?","?"],"character_chosen":"DEFECT","items_purchased":[],"campfire_rested":1,"item_purchase_floors":[],"current_hp_per_floor":[72,72,67,52,52,52,23,23,23,16,16,23,22,22,46,64,82,76,76,69,63,63,0],"gold":342,"neow_bonus":"ONE_RANDOM_RARE_CARD","is_prod":false,"is_daily":false,"chose_seed":false,"campfire_upgraded":1,"win_rate":0,"timestamp":1535585763,"path_taken":["M","?","?","?","?","R","E","M","T","M","E","?","?","M","R","BOSS","M","?","?","?","?","E"],"build_version":"2018-08-23v2","purchased_purges":0,"victory":false,"max_hp_per_floor":[75,75,75,75,75,75,75,75,75,75,75,82,82,82,82,82,82,82,82,82,82,82,82],"card_choices":[{"not_picked":["Doom and Gloom","Rebound"],"picked":"Cold Snap","floor":1},{"not_picked":["Skim","Conserve Battery"],"picked":"Chaos","floor":3},{"not_picked":["Sweeping Beam","Compile Driver"],"picked":"Redo","floor":7},{"not_picked":["Gash","Ball Lightning"],"picked":"Machine Learning","floor":8},{"not_picked":["Consume","Conserve Battery"],"picked":"Ball Lightning","floor":8},{"not_picked":["Double Energy","FTL"],"picked":"Leap","floor":10},{"not_picked":["Turbo","Redo"],"picked":"Coolheaded","floor":10},{"not_picked":["Amplify","Conserve Battery"],"picked":"Ball Lightning","floor":11},{"not_picked":["Turbo","Skim"],"picked":"Cold Snap","floor":13},{"not_picked":["Loop","Gash"],"picked":"BootSequence","floor":13},{"not_picked":["Sweeping Beam","Conserve Battery"],"picked":"Storm","floor":14},{"not_picked":["Gash","Compile Driver"],"picked":"Seek","floor":14},{"not_picked":["Core Surge","Biased Cognition"],"picked":"Echo Form","floor":16},{"not_picked":["Gash","Barrage"],"picked":"Hello World","floor":18},{"not_picked":["Auto Shields","Chill"],"picked":"Coolheaded+1","floor":18},{"not_picked":["Hologram","Hello World+1"],"picked":"Conserve Battery","floor":20},{"not_picked":["Aggregate+1","Static Discharge"],"picked":"Streamline+1","floor":20}],"player_experience":412209,"relics_obtained":[{"floor":7,"key":"Prayer Wheel"},{"floor":9,"key":"Pantograph"},{"floor":11,"key":"Emotion Chip"},{"floor":12,"key":"Strawberry"}],"event_choices":[{"event_name":"Living Wall","player_choice":"Grow","floor":2,"damage_taken":0},{"event_name":"Shining Light","player_choice":"Entered Light","floor":4,"damage_taken":0},{"event_name":"The Cleric","player_choice":"Card Removal","floor":5,"damage_taken":0},{"event_name":"Match and Keep!","player_choice":"2 cards matched","floor":19,"damage_taken":0},{"event_name":"Nest","player_choice":"Joined the Cult","floor":21,"damage_taken":0},{"event_name":"FaceTrader","player_choice":"Trade","floor":22,"damage_taken":0}],"is_beta":false,"boss_relics":[{"not_picked":["Coffee Dripper","Philosopher\u0027s Stone"],"picked":"FrozenCore"}],"items_purged_floors":[],"is_endless":false,"potions_floor_spawned":[1,3,10,13,16],"killed_by":"Gremlin Leader","ascension_level":2}