{"gold_per_floor":[18,45,59,76,96,96,125,125,125,136,16,16,33,45,45,143,143,83,95,95,107,7,7,42,42,42,42,77,77,77,77,77,77],"floor_reached":33,"playtime":1982,"items_purged":["Strike_R","Strike_R"],"score":283,"play_id":"b83d8148-8583-413d-8499-144767b2ee11","local_time":"20190206160552","is_ascension_mode":false,"campfire_choices":[{"data":"Body Slam","floor":6,"key":"SMITH"},{"floor":15,"key":"REST"},{"floor":23,"key":"REST"},{"floor":25,"key":"REST"},{"data":"True Grit","floor":30,"key":"SMITH"},{"floor":32,"key":"REST"}],"neow_cost":"NO_GOLD","seed_source_timestamp":752267799928569,"circlet_count":0,"master_deck":["Strike_R","Defend_R","Defend_R","Defend_R","Defend_R","Bash","Body Slam+1","Rampage","True Grit+1","Iron Wave","Impervious","Shrug It Off","RitualDagger","Iron Wave"],"relics":["Burning Blood","Regal Pillow","Pear","Ornamental Fan","Lizard Tail","Meat on the Bone","Question Card","Unceasing Top"],"potions_floor_usage":[16,28,28,28],"damage_taken":[{"damage":6,"enemies":"Cultist","floor":1,"turns":3},{"damage":15,"enemies":"Jaw Worm","floor":3,"turns":4},{"damage":5,"enemies":"Small Slimes","floor":4,"turns":4},{"damage":21,"enemies":"Gremlin Gang","floor":5,"turns":6},{"damage":44,"enemies":"3 Sentries","floor":7,"turns":8},{"damage":9,"enemies":"Blue Slaver","floor":10,"turns":3},{"damage":2,"enemies":"3 Louse","floor":13,"turns":4},{"damage":11,"enemies":"Large Slime","floor":14,"turns":7},{"damage":59,"enemies":"Slime Boss","floor":16,"turns":13},{"damage":28,"enemies":"2 Thieves","floor":18,"turns":4},{"damage":23,"enemies":"Shell Parasite","floor":19,"turns":10},{"damage":39,"enemies":"Cultist and Chosen","floor":21,"turns":10},{"damage":59,"enemies":"Slavers","floor":24,"turns":11},{"damage":94,"enemies":"Book of Stabbing","floor":28,"turns":9},{"damage":135,"enemies":"Automaton","floor":33,"turns":12}],"seed_played":"2681868451851809765","potions_obtained":[{"floor":3,"key":"SteroidPotion"},{"floor":13,"key":"GamblersBrew"},{"floor":16,"key":"Poison Potion"},{"floor":24,"key":"PowerPotion"}],"is_trial":false,"path_per_floor":["T","M","?","?","M","?","?","?","$"],"character_chosen":"IRONCLAD","items_purchased":["Iron Wave"],"campfire_rested":4,"item_purchase_floors":[11],"current_hp_per_floor":[80,80,71,72,57,57,29,22,22,19,19,19,23,18,60,7,90,68,51,81,48,48,90,37,79,79,73,45,45,45,45,87,0],"gold":77,"neow_bonus":"THREE_RARE_CARDS","is_prod":false,"is_daily":false,"chose_seed":false,"campfire_upgraded":2,"win_rate":0,"timestamp":1549487152,"path_taken":["M","?","M","M","?","R","E","?","T","M","$","?","M","M","R","BOSS","M","?","?","M","$","R","E","R","T","?","E","?","R","?","R","BOSS"],"build_version":"2019-01-23","purchased_purges":2,"victory":false,"max_hp_per_floor":[80,80,80,80,80,80,90,90,90,90,90,90,90,90,90,90,90,90,90,90,90,90,90,90,90,90,90,90,90,90,90,90,90],"card_choices":[{"not_picked":["Rampage","Havoc"],"picked":"Body Slam","floor":1},{"not_picked":["Headbutt","Havoc"],"picked":"Rampage","floor":3},{"not_picked":["Cleave","Perfected Strike"],"picked":"True Grit","floor":4},{"not_picked":["Havoc","Anger","Pommel Strike"],"picked":"SKIP","floor":5},{"not_picked":["Dark Embrace","Body Slam","Battle Trance"],"picked":"SKIP","floor":7},{"not_picked":["Cleave","Evolve","Sever Soul"],"picked":"SKIP","floor":10},{"not_picked":["Rage","Combust","Sword Boomerang"],"picked":"SKIP","floor":13},{"not_picked":["Clash","Flex","Perfected Strike"],"picked":"SKIP","floor":14},{"not_picked":["Dual Wield","Havoc","Perfected Strike"],"picked":"SKIP","floor":18},{"not_picked":["Body Slam+1","Havoc"],"picked":"Shrug It Off","floor":19},{"not_picked":["Hemokinesis+1","Feel No Pain+1","Cleave+1"],"picked":"SKIP","floor":21},{"not_picked":["Second Wind+1","Thunderclap","Perfected Strike"],"picked":"SKIP","floor":24},{"not_picked":["Dual Wield","Blood for Blood+1","Flex"],"picked":"Iron Wave","floor":28}],"player_experience":319836,"relics_obtained":[{"floor":2,"key":"Regal Pillow"},{"floor":7,"key":"Pear"},{"floor":9,"key":"Ornamental Fan"},{"floor":24,"key":"Meat on the Bone"},{"floor":26,"key":"Question Card"},{"floor":28,"key":"Unceasing Top"}],"event_choices":[{"cards_removed":["Strike_R"],"damage_healed":0,"gold_gain":0,"player_choice":"Card Removal","damage_taken":7,"max_hp_gain":0,"max_hp_loss":0,"event_name":"Golden Wing","floor":8,"gold_loss":0},{"damage_healed":0,"gold_gain":0,"cards_transformed":["Strike_R"],"player_choice":"Transformed","damage_taken":0,"max_hp_gain":0,"max_hp_loss":0,"event_name":"Transmorgrifier","floor":12,"gold_loss":0,"cards_obtained":["Impervious"]},{"damage_healed":30,"gold_gain":0,"player_choice":"Heal","damage_taken":0,"max_hp_gain":0,"max_hp_loss":0,"event_name":"The Library","floor":20,"gold_loss":0},{"damage_healed":0,"gold_gain":0,"player_choice":"Joined the Cult","damage_taken":6,"max_hp_gain":0,"max_hp_loss":0,"event_name":"Nest","floor":27,"gold_loss":0,"cards_obtained":["RitualDagger"]},{"damage_healed":0,"gold_gain":0,"player_choice":"Ignored","damage_taken":0,"max_hp_gain":0,"max_hp_loss":0,"event_name":"Ghosts","floor":29,"gold_loss":0}],"is_beta":false,"boss_relics":[{"not_picked":["Velvet Choker","White Beast Statue"],"picked":"Lizard Tail"}],"items_purged_floors":[11,22],"is_endless":false,"potions_floor_spawned":[3,13,16,24],"killed_by":"Automaton","ascension_level":0}