{"gold_per_floor":[110,128,147,73,91,91,116,96,119,119,152,163,190,210,210,310,310,323,323,28,28,28,28,47,47,70,85,104,104,116,151,151,254,254,266,278,296,24,34,64,79,109,109,109,129,54,54,70,70,70,70,70,0,0],"floor_reached":54,"playtime":3113,"items_purged":["Strike_B"],"score":1125,"play_id":"e52e53aa-daa6-4c5a-865d-e1a0951f7735","local_time":"20190131163436","is_ascension_mode":true,"campfire_choices":[{"data":"Defragment","floor":6.0,"key":"SMITH"},{"data":"Self Repair","floor":10.0,"key":"SMITH"},{"data":"Coolheaded","floor":15.0,"key":"SMITH"},{"floor":23.0,"key":"DIG"},{"floor":25.0,"key":"DIG"},{"floor":29.0,"key":"DIG"},{"floor":32.0,"key":"DIG"},{"floor":40.0,"key":"DIG"},{"floor":47.0,"key":"DIG"},{"floor":49.0,"key":"RECALL"},{"data":"Buffer","floor":52.0,"key":"SMITH"}],"neow_cost":"NONE","seed_source_timestamp":359877423370082,"circlet_count":0,"master_deck":["Defend_B","Defend_B","Defend_B","Defend_B","Zap","Dualcast","Loop","Defragment+1","Self Repair+1","Capacitor","Coolheaded","Chaos","Coolheaded+1","Glacier","Go for the Eyes","Rainbow+1","Ghostly","Ghostly","Ghostly","Ghostly","Ghostly+1","Loop","White Noise","Cold Snap","Buffer+1","Rebound+1","Blizzard","Defragment","Capacitor","Consume","Redo","Reprogram"],"special_seed":0,"relics":["Cracked Core","Bronze Scales","PreservedInsect","Happy Flower","Calipers","Sozu","Shovel","DataDisk","War Paint","Dream Catcher","Ancient Tea Set","Vajra","Centennial Puzzle","Empty Cage","Art of War","Tiny Chest","Bag of Marbles","Potion Belt"],"potions_floor_usage":[],"damage_taken":[{"damage":1.0,"enemies":"Cultist","floor":1.0,"turns":3.0},{"damage":14.0,"enemies":"Small Slimes","floor":2.0,"turns":4.0},{"damage":7.0,"enemies":"Jaw Worm","floor":3.0,"turns":3.0},{"damage":7.0,"enemies":"Looter","floor":5.0,"turns":4.0},{"damage":22.0,"enemies":"Gremlin Nob","floor":7.0,"turns":5.0},{"damage":32.0,"enemies":"3 Sentries","floor":11.0,"turns":7.0},{"damage":6.0,"enemies":"Blue Slaver","floor":12.0,"turns":4.0},{"damage":20.0,"enemies":"Gremlin Nob","floor":13.0,"turns":5.0},{"damage":6.0,"enemies":"Gremlin Gang","floor":14.0,"turns":5.0},{"damage":0.0,"enemies":"The Guardian","floor":16.0,"turns":13.0},{"damage":8.0,"enemies":"Spheric Guardian","floor":18.0,"turns":5.0},{"damage":17.0,"enemies":"Colosseum Slavers","floor":19.0,"turns":5.0},{"damage":2.0,"enemies":"Chosen","floor":24.0,"turns":6.0},{"damage":0.0,"enemies":"Snake Plant","floor":27.0,"turns":5.0},{"damage":0.0,"enemies":"Snecko","floor":28.0,"turns":6.0},{"damage":0.0,"enemies":"Cultist and Chosen","floor":30.0,"turns":7.0},{"damage":0.0,"enemies":"Book of Stabbing","floor":31.0,"turns":6.0},{"damage":9.0,"enemies":"Champ","floor":33.0,"turns":18.0},{"damage":0.0,"enemies":"Orb Walker","floor":35.0,"turns":4.0},{"damage":3.0,"enemies":"3 Darklings","floor":36.0,"turns":6.0},{"damage":17.0,"enemies":"Transient","floor":37.0,"turns":5.0},{"damage":0.0,"enemies":"Maw","floor":39.0,"turns":10.0},{"damage":2.0,"enemies":"Writhing Mass","floor":41.0,"turns":10.0},{"damage":3.0,"enemies":"Nemesis","floor":42.0,"turns":11.0},{"damage":0.0,"enemies":"Spire Growth","floor":45.0,"turns":8.0},{"damage":0.0,"enemies":"Maw","floor":48.0,"turns":10.0},{"damage":1.0,"enemies":"Donu and Deca","floor":50.0,"turns":14.0},{"damage":40,"enemies":"Shield and Spear","floor":54,"turns":2}],"seed_played":"5814342787908296946","potions_obtained":[{"floor":0.0,"key":"Energy Potion"},{"floor":0.0,"key":"Weak Potion"},{"floor":0.0,"key":"Regen Potion"},{"floor":8.0,"key":"SteroidPotion"},{"floor":12.0,"key":"Swift Potion"},{"floor":13.0,"key":"FearPotion"}],"is_trial":false,"path_per_floor":["M","M","M","$","M","R","E","?","T","R","E","M","E","M","R","B",null,"M","?","$","?","?","R","M","R","T","M","M","R","M","E","R","B",null,"M","M","M","$","M","R","M","E","T","?","M","$","R","M","R","B",null,"R","$","E"],"character_chosen":"DEFECT","items_purchased":["Capacitor","Shovel","Art of War","Blizzard","Defragment","Reprogram"],"campfire_rested":0,"item_purchase_floors":[4,20,38,38,38,53],"current_hp_per_floor":[67,53,46,46,46,46,31,31,31,31,24,28,18,22,22,32,64,66,59,59,59,37,37,37,37,37,37,37,37,37,37,37,37,37,37,37,30,30,37,37,37,37,37,37,37,37,37,37,37,37,37,37,37,0],"gold":0,"neow_bonus":"THREE_SMALL_POTIONS","is_prod":false,"is_daily":false,"chose_seed":false,"campfire_upgraded":4,"win_rate":0,"timestamp":1548981276,"path_taken":["M","?","M","$","M","R","E","?","T","R","E","?","E","M","R","BOSS","M","?","$","?","?","R","M","R","T","?","?","R","M","E","R","BOSS","M","M","M","$","M","R","M","E","T","?","?","$","R","M","R","BOSS","R","$","E"],"build_version":"2019-01-23","purchased_purges":1,"victory":false,"max_hp_per_floor":[75,75,75,75,75,75,75,75,75,75,75,75,75,75,75,75,75,75,75,75,75,37,37,37,37,37,37,37,37,37,37,37,37,37,37,37,37,37,37,37,37,37,37,37,37,37,37,37,37,37,37,37,37,37],"card_choices":[{"not_picked":["Double Energy","BootSequence"],"picked":"Loop","floor":1.0},{"not_picked":["Go for the Eyes","Rebound"],"picked":"Defragment","floor":2.0},{"not_picked":["Gash","Steam"],"picked":"Self Repair","floor":3.0},{"not_picked":["Chaos","All For One"],"picked":"Coolheaded","floor":5.0},{"not_picked":["Hello World","Double Energy"],"picked":"Chaos","floor":7.0},{"not_picked":["Turbo","Blizzard"],"picked":"Coolheaded","floor":11.0},{"not_picked":["Stack","Turbo"],"picked":"Glacier","floor":12.0},{"not_picked":["Blizzard","Force Field"],"picked":"Go for the Eyes","floor":13.0},{"not_picked":["Aggregate","Lockon","Sweeping Beam"],"picked":"SKIP","floor":14.0},{"not_picked":["Hyperbeam","Multi-Cast"],"picked":"Rainbow","floor":16.0},{"not_picked":["Go for the Eyes","Steam Power","Beam Cell"],"picked":"SKIP","floor":18.0},{"not_picked":["Hologram","Doom and Gloom"],"picked":"Loop","floor":24.0},{"not_picked":["Gash","Coolheaded","Scrape"],"picked":"SKIP","floor":27.0},{"not_picked":["Tempest","Turbo"],"picked":"White Noise","floor":28.0},{"not_picked":["Sweeping Beam","Double Energy","Redo"],"picked":"SKIP","floor":30.0},{"not_picked":["Streamline","Redo"],"picked":"Cold Snap","floor":31.0},{"not_picked":["Thunder Strike","All For One"],"picked":"Buffer","floor":33.0},{"not_picked":["Melter+1","Leap","Coolheaded"],"picked":"SKIP","floor":35.0},{"not_picked":["Stack","Steam","Go for the Eyes"],"picked":"SKIP","floor":36.0},{"not_picked":["Turbo+1","Streamline"],"picked":"Rebound+1","floor":37.0},{"not_picked":["Aggregate","Conserve Battery+1"],"picked":"Capacitor","floor":39.0},{"not_picked":["Cold Snap+1","Rip and Tear+1"],"picked":"Consume","floor":41.0},{"not_picked":["Hello World","Conserve Battery+1","Ball Lightning+1"],"picked":"SKIP","floor":42.0},{"not_picked":["Compile Driver+1","Reinforced Body"],"picked":"Redo","floor":45.0},{"not_picked":["Cold Snap","Ball Lightning+1","Blizzard+1"],"picked":"SKIP","floor":48.0}],"player_experience":339671,"relics_obtained":[{"floor":7.0,"key":"Bronze Scales"},{"floor":9.0,"key":"PreservedInsect"},{"floor":11.0,"key":"Happy Flower"},{"floor":13.0,"key":"Calipers"},{"floor":23.0,"key":"DataDisk"},{"floor":25.0,"key":"War Paint"},{"floor":26.0,"key":"Dream Catcher"},{"floor":29.0,"key":"Ancient Tea Set"},{"floor":31.0,"key":"Vajra"},{"floor":32.0,"key":"Centennial Puzzle"},{"floor":40.0,"key":"Tiny Chest"},{"floor":42.0,"key":"Bag of Marbles"},{"floor":47.0,"key":"Potion Belt"}],"event_choices":[{"damage_healed":0.0,"max_hp_gain":0.0,"max_hp_loss":0.0,"gold_gain":0.0,"event_name":"The Woman in Blue","player_choice":"Bought 1 Potion","floor":8.0,"gold_loss":0.0,"damage_taken":0.0},{"damage_healed":0.0,"max_hp_gain":0.0,"max_hp_loss":0.0,"gold_gain":0.0,"event_name":"Colosseum","player_choice":"Fight","floor":19.0,"gold_loss":0.0,"damage_taken":0.0},{"damage_healed":0.0,"max_hp_gain":0.0,"max_hp_loss":0.0,"gold_gain":0.0,"event_name":"Colosseum","player_choice":"Fled From Nobs","floor":19.0,"gold_loss":0.0,"damage_taken":0.0},{"damage_healed":0.0,"max_hp_gain":0.0,"max_hp_loss":0.0,"gold_gain":0.0,"event_name":"Beggar","player_choice":"Ignored","floor":21.0,"gold_loss":0.0,"damage_taken":0.0},{"damage_healed":0.0,"max_hp_gain":0.0,"max_hp_loss":38.0,"gold_gain":0.0,"event_name":"Ghosts","player_choice":"Became a Ghost","floor":22.0,"gold_loss":0.0,"damage_taken":0.0,"cards_obtained":["Ghostly","Ghostly","Ghostly","Ghostly","Ghostly"]},{"cards_removed":["Strike_B"],"damage_healed":0.0,"max_hp_gain":0.0,"max_hp_loss":0.0,"gold_gain":0.0,"event_name":"Purifier","player_choice":"Purged","floor":44.0,"gold_loss":0.0,"damage_taken":0.0}],"is_beta":false,"boss_relics":[{"not_picked":["Eternal Feather","Nuclear Battery"],"picked":"Sozu"},{"not_picked":["Pandora\u0027s Box","Tiny House"],"picked":"Empty Cage"}],"items_purged_floors":[46],"is_endless":false,"potions_floor_spawned":[3,12,13,19,28,30,36,37,42,45],"killed_by":"Shield and Spear","ascension_level":8}