{"gold_per_floor":[17,31,48,123,123,123,298,298,367,383,396,415,144,157,157,256,256,267,282,282,282,300,300,317,161,161,161,179,179,197,197],"floor_reached":31,"playtime":996,"items_purged":["Doubt"],"score":231,"play_id":"7188680c-8985-40b1-ac70-ecd56080061e","local_time":"20190213162150","is_ascension_mode":false,"campfire_choices":[{"data":"Rage","floor":6.0,"key":"SMITH"},{"data":"True Grit","floor":8.0,"key":"SMITH"},{"data":"Armaments","floor":15.0,"key":"SMITH"},{"data":"Searing Blow","floor":23,"key":"SMITH"},{"floor":27,"key":"REST"}],"neow_cost":"NO_GOLD","seed_source_timestamp":75202054566046,"circlet_count":0,"master_deck":["Strike_R","Strike_R","Strike_R","Defend_R","Defend_R","Defend_R","Bash","Twin Strike","Rage+1","Cleave","True Grit+1","Pommel Strike","Seeing Red","Warcry","True Grit","Trip","Armaments+1","Double Tap","Seeing Red","Searing Blow+1","Clash","Seeing Red+1","Warcry+1","Madness","Infernal Blade","Iron Wave","Iron Wave","Havoc","True Grit"],"special_seed":0,"relics":["Burning Blood"],"potions_floor_usage":[22,28,31],"damage_taken":[{"damage":6.0,"enemies":"Cultist","floor":1.0,"turns":3.0},{"damage":2.0,"enemies":"2 Louse","floor":2.0,"turns":3.0},{"damage":2.0,"enemies":"Jaw Worm","floor":3.0,"turns":2.0},{"damage":1.0,"enemies":"Looter","floor":10.0,"turns":3.0},{"damage":1.0,"enemies":"Exordium Wildlife","floor":11.0,"turns":3.0},{"damage":14.0,"enemies":"Large Slime","floor":12.0,"turns":4.0},{"damage":16.0,"enemies":"Lots of Slimes","floor":14.0,"turns":3.0},{"damage":57.0,"enemies":"Hexaghost","floor":16.0,"turns":10.0},{"damage":25.0,"enemies":"Spheric Guardian","floor":18.0,"turns":6.0},{"damage":9.0,"enemies":"2 Thieves","floor":19.0,"turns":3.0},{"damage":8,"enemies":"Snake Plant","floor":22,"turns":5},{"damage":20,"enemies":"Shelled Parasite and Fungi","floor":24,"turns":5},{"damage":16,"enemies":"Snecko","floor":28,"turns":5},{"damage":38,"enemies":"Sentry and Sphere","floor":30,"turns":6},{"damage":21,"enemies":"Shelled Parasite and Fungi","floor":31,"turns":4}],"seed_played":"6697402921876553025","potions_obtained":[{"floor":2.0,"key":"Dexterity Potion"},{"floor":11.0,"key":"Block Potion"},{"floor":14.0,"key":"SteroidPotion"},{"floor":30,"key":"Block Potion"}],"is_trial":false,"path_per_floor":["M","M","M","?","T","R","?","R","T","M","M","M","$","M","R","B",null,"M","M","?","?","M","R","M","$","T","R","M","?","M","M"],"character_chosen":"IRONCLAD","items_purchased":["Hemokinesis","True Grit","Trip","Madness","Infernal Blade"],"campfire_rested":1,"item_purchase_floors":[13,13,13,25,25],"current_hp_per_floor":[80,80,80,69,69,69,69,69,69,74,79,71,71,61,61,10,80,61,58,43,43,41,41,27,27,27,52,42,42,10,0],"gold":197,"neow_bonus":"TRANSFORM_TWO_CARDS","is_prod":false,"is_daily":false,"chose_seed":false,"campfire_upgraded":4,"win_rate":0,"timestamp":1550100110,"path_taken":["M","M","?","?","?","R","?","R","T","M","M","?","$","M","R","BOSS","M","M","?","?","?","R","M","$","T","R","M","?","M","M"],"build_version":"2019-01-23","purchased_purges":1,"victory":false,"max_hp_per_floor":[80,80,80,80,80,80,80,80,80,80,80,80,80,80,80,80,80,80,80,85,85,85,85,85,85,85,85,85,85,85,85],"card_choices":[{"not_picked":["Thunderclap","Headbutt"],"picked":"Rage","floor":1.0},{"not_picked":["True Grit","Intimidate"],"picked":"Cleave","floor":2.0},{"not_picked":["Sever Soul","Whirlwind"],"picked":"True Grit","floor":3.0},{"not_picked":["Whirlwind","Clothesline"],"picked":"Pommel Strike","floor":10.0},{"not_picked":["Rage","Thunderclap"],"picked":"Seeing Red","floor":11.0},{"not_picked":["Heavy Blade","Combust"],"picked":"Warcry","floor":12.0},{"not_picked":["Barricade","Searing Blow"],"picked":"Armaments","floor":14.0},{"not_picked":["Brutality","Offering"],"picked":"Double Tap","floor":16.0},{"not_picked":["Thunderclap","Pommel Strike"],"picked":"Seeing Red","floor":18.0},{"not_picked":["Power Through","Sword Boomerang"],"picked":"Searing Blow","floor":19.0},{"not_picked":["Bloodletting","Sword Boomerang"],"picked":"Seeing Red+1","floor":22},{"not_picked":["Searing Blow","Burning Pact"],"picked":"Warcry+1","floor":24},{"not_picked":["Reckless Charge","Dark Embrace"],"picked":"Iron Wave","floor":28},{"not_picked":["Anger+1","Wild Strike"],"picked":"True Grit","floor":30}],"player_experience":1457842,"relics_obtained":[],"event_choices":[{"damage_healed":0.0,"max_hp_gain":0.0,"max_hp_loss":0.0,"gold_gain":75.0,"event_name":"World of Goop","player_choice":"Gather Gold","floor":4.0,"gold_loss":0.0,"damage_taken":11.0},{"damage_healed":0.0,"max_hp_gain":0.0,"max_hp_loss":0.0,"gold_gain":175.0,"event_name":"Liars Game","player_choice":"AGREE","floor":7.0,"gold_loss":0.0,"damage_taken":0.0,"cards_obtained":["Doubt"]},{"damage_healed":0.0,"max_hp_gain":5.0,"max_hp_loss":0.0,"gold_gain":0.0,"event_name":"Forgotten Altar","player_choice":"Shed Blood","floor":20.0,"gold_loss":0.0,"damage_taken":20.0},{"damage_healed":0.0,"max_hp_gain":0.0,"max_hp_loss":0.0,"gold_gain":0.0,"cards_transformed":["Hemokinesis"],"event_name":"Transmorgrifier","player_choice":"Transformed","floor":21.0,"gold_loss":0.0,"damage_taken":0.0,"cards_obtained":["Clash"]},{"damage_healed":0,"gold_gain":0,"cards_transformed":["Clash","Strike_R"],"player_choice":"Became Test Subject","damage_taken":0,"max_hp_gain":0,"max_hp_loss":0,"event_name":"Drug Dealer","floor":29,"gold_loss":0,"cards_obtained":["Iron Wave","Havoc"]}],"is_beta":false,"boss_relics":[{"not_picked":["Pandora\u0027s Box","Astrolabe","White Beast Statue"]}],"items_purged_floors":[13],"is_endless":false,"potions_floor_spawned":[2,11,14,30],"killed_by":"Shelled Parasite and Fungi","ascension_level":0}