{"gold_per_floor":[115,126,126,141,158,158,175,193,193,223,254,287,312,336,348,457,469,498,510,553,576,588],"floor_reached":22,"playtime":1516,"items_purged":[],"score":190,"play_id":"db359704-7546-4c74-baa5-2afa6acdfee4","local_time":"20180730160441","is_ascension_mode":false,"campfire_choices":[{"data":"Seeing Red","floor":6,"key":"SMITH"},{"data":"Metallicize","floor":15,"key":"SMITH"}],"neow_cost":"NONE","seed_source_timestamp":338201381809109,"circlet_count":0,"master_deck":["Strike_R","Strike_R","Strike_R","Strike_R","Strike_R","Defend_R","Defend_R","Defend_R","Defend_R","Bash","Berserk","Metallicize+1","Twin Strike","Sword Boomerang","Seeing Red+1","Inflame","Iron Wave","Reaper","Pommel Strike","Flex","Iron Wave","Exhume","Perfected Strike","Perfected Strike","Shrug It Off","Cleave","Armaments","Battle Trance+1","Perfected Strike","Flame Barrier+1"],"relics":["Burning Blood","Red Skull","MawBank","Odd Mushroom","Orrery","Red Mask"],"potions_floor_usage":[4,4,11,16,20,21,22],"damage_taken":[{"damage":2,"enemies":"2 Louse","floor":1,"turns":4},{"damage":9,"enemies":"Small Slimes","floor":2,"turns":4},{"damage":0,"enemies":"Cultist","floor":4,"turns":4},{"damage":4,"enemies":"Blue Slaver","floor":5,"turns":5},{"damage":9,"enemies":"2 Fungi Beasts","floor":7,"turns":4},{"damage":14,"enemies":"3 Louse","floor":8,"turns":4},{"damage":24,"enemies":"3 Sentries","floor":11,"turns":6},{"damage":31,"floor":12,"turns":5},{"damage":5,"enemies":"Looter","floor":13,"turns":3},{"damage":4,"enemies":"Large Slime","floor":14,"turns":7},{"damage":39,"enemies":"Hexaghost","floor":16,"turns":8},{"damage":33,"enemies":"Shell Parasite","floor":18,"turns":7},{"damage":18,"floor":20,"turns":4},{"damage":39,"enemies":"3 Byrds","floor":21,"turns":7},{"damage":41,"enemies":"Centurion and Healer","floor":22,"turns":7}],"seed_played":"-2318469149926827718","potions_obtained":[{"floor":1,"key":"PowerPotion"},{"floor":2,"key":"Weak Potion"},{"floor":4,"key":"Swift Potion"},{"floor":14,"key":"LiquidBronze"},{"floor":16,"key":"FearPotion"},{"floor":20,"key":"Weak Potion"},{"floor":21,"key":"Explosive Potion"}],"is_trial":false,"path_per_floor":["M","M","?","M","M","R","M","M","T","?","E","?","M","M","R","B",null,"M","?","?","M"],"character_chosen":"IRONCLAD","items_purchased":[],"campfire_rested":0,"item_purchase_floors":[],"current_hp_per_floor":[80,77,77,80,80,80,77,69,69,69,51,38,48,62,62,33,80,54,39,44,26,0],"gold":588,"neow_bonus":"ONE_RANDOM_RARE_CARD","is_prod":false,"is_daily":false,"chose_seed":false,"campfire_upgraded":2,"win_rate":0,"timestamp":1532988281,"path_taken":["M","M","?","M","M","R","M","M","T","?","E","?","M","M","R","BOSS","M","?","?","M","M"],"build_version":"2018-07-26","purchased_purges":0,"victory":false,"max_hp_per_floor":[80,80,80,80,80,80,80,80,80,80,80,80,80,80,80,80,80,80,85,85,85,85],"card_choices":[{"not_picked":["Whirlwind","Dropkick"],"picked":"Metallicize","floor":1},{"not_picked":["Dual Wield","Havoc"],"picked":"Twin Strike","floor":2},{"not_picked":["Iron Wave","Battle Trance"],"picked":"Sword Boomerang","floor":4},{"not_picked":["Havoc","Disarm"],"picked":"Seeing Red","floor":5},{"not_picked":["Pommel Strike","Iron Wave"],"picked":"Inflame","floor":7},{"not_picked":["Evolve","Disarm"],"picked":"Iron Wave","floor":8},{"not_picked":["Warcry","Thunderclap"],"picked":"Reaper","floor":11},{"not_picked":["Intimidate","Sever Soul"],"picked":"Pommel Strike","floor":12},{"not_picked":["Entrench","Rampage"],"picked":"Flex","floor":13},{"not_picked":["Rampage","Clothesline"],"picked":"Iron Wave","floor":14},{"not_picked":["Dark Embrace","Offering"],"picked":"Exhume","floor":16},{"not_picked":["True Grit","Uppercut"],"picked":"Perfected Strike","floor":17},{"not_picked":["Burning Pact","Rage"],"picked":"Perfected Strike","floor":17},{"not_picked":["Headbutt","Clash"],"picked":"Shrug It Off","floor":17},{"not_picked":["Havoc","Warcry"],"picked":"Cleave","floor":17},{"not_picked":["Seeing Red","Headbutt"],"picked":"Armaments","floor":17},{"not_picked":["Rupture+1","Warcry"],"picked":"Battle Trance+1","floor":18},{"not_picked":["Shrug It Off","Whirlwind"],"picked":"Perfected Strike","floor":20},{"not_picked":["Pommel Strike","Burning Pact"],"picked":"Flame Barrier+1","floor":21}],"player_experience":105490,"relics_obtained":[{"floor":9,"key":"Red Skull"},{"floor":11,"key":"MawBank"},{"floor":12,"key":"Odd Mushroom"},{"floor":20,"key":"Red Mask"}],"event_choices":[{"event_name":"The Cleric","player_choice":"Leave","floor":3,"damage_taken":0},{"event_name":"Dead Adventurer","player_choice":"Searched \u00272\u0027 times","floor":10,"damage_taken":0},{"event_name":"Mushrooms","player_choice":"Fought Mushrooms","floor":12,"damage_taken":0},{"event_name":"Forgotten Altar","player_choice":"Shed Blood","floor":19,"damage_taken":0},{"event_name":"Masked Bandits","player_choice":"Fought over 522 gold","floor":20,"damage_taken":0}],"is_beta":false,"boss_relics":[{"not_picked":["Runic Cube","Sozu"],"picked":"Orrery"}],"items_purged_floors":[],"is_endless":false,"potions_floor_spawned":[1,2,4,14,16,20,21],"killed_by":"Centurion and Healer","ascension_level":0}