{"gold_per_floor":[109,109,384,394,34,34,51,71,95,56,56,91,104,179,179,279,279,298,238],"floor_reached":19,"playtime":1181,"items_purged":["Regret"],"score":242,"play_id":"11276ba8-f8c8-4fb5-ac0b-bc0f72851782","local_time":"20190325113126","is_ascension_mode":true,"campfire_choices":[{"data":"True Grit","floor":6,"key":"SMITH"},{"floor":11,"key":"REST"},{"data":"True Grit","floor":15,"key":"SMITH"}],"neow_cost":"PERCENT_DAMAGE","seed_source_timestamp":820619084780632,"circlet_count":0,"master_deck":["Strike_R","Strike_R","Strike_R","Strike_R","Strike_R","Defend_R","Defend_R","Defend_R","Defend_R","Bash","Shockwave","Iron Wave","True Grit+1","Metallicize","True Grit+1","Seeing Red","Disarm","Reaper","True Grit","Dark Embrace","Warcry","Flame Barrier","Second Wind","Pummel","Pummel+1"],"relics":["Burning Blood","Charon\u0027s Ashes","Dream Catcher","Regal Pillow","PreservedInsect","Darkstone Periapt","Orrery"],"potions_floor_usage":[16,18],"damage_taken":[{"damage":2,"enemies":"2 Louse","floor":1,"turns":6},{"damage":12,"enemies":"Jaw Worm","floor":4,"turns":3},{"damage":2,"enemies":"Cultist","floor":7,"turns":5},{"damage":14,"enemies":"Large Slime","floor":8,"turns":9},{"damage":16,"enemies":"3 Sentries","floor":12,"turns":6},{"damage":0,"enemies":"2 Fungi Beasts","floor":13,"turns":4},{"damage":67,"enemies":"Slime Boss","floor":16,"turns":15},{"damage":54,"enemies":"Spheric Guardian","floor":18,"turns":18},{"damage":18,"enemies":"2 Thieves","floor":19,"turns":2}],"seed_played":"5208412241737525131","potions_obtained":[{"floor":7,"key":"Dexterity Potion"},{"floor":13,"key":"Fire Potion"},{"floor":16,"key":"Block Potion"}],"is_trial":false,"path_per_floor":["?","?","M","?"],"character_chosen":"IRONCLAD","items_purchased":["True Grit","Metallicize","Regal Pillow","Seeing Red"],"campfire_rested":1,"item_purchase_floors":[5,5,5,10],"current_hp_per_floor":[55,48,48,42,42,42,46,38,38,38,77,67,79,68,68,15,64,16,0],"gold":238,"neow_bonus":"ONE_RARE_RELIC","is_prod":false,"is_daily":false,"chose_seed":false,"campfire_upgraded":2,"win_rate":0,"timestamp":1553527886,"path_taken":["M","?","?","?","$","R","M","M","T","$","R","E","M","?","R","BOSS","M","M"],"build_version":"2019-01-23","purchased_purges":1,"victory":false,"max_hp_per_floor":[80,80,80,80,80,80,80,80,80,80,80,80,80,80,80,80,80,80,80],"card_choices":[{"not_picked":["Cleave","Heavy Blade"],"picked":"Shockwave","floor":1},{"not_picked":["Clash","Rupture"],"picked":"Iron Wave","floor":4},{"not_picked":["Evolve","Sever Soul","Armaments"],"picked":"SKIP","floor":7},{"not_picked":["Pommel Strike","Armaments"],"picked":"True Grit","floor":8},{"not_picked":["Clothesline","Bloodletting"],"picked":"Disarm","floor":11},{"not_picked":["Cleave","Warcry"],"picked":"Reaper","floor":12},{"not_picked":["Power Through","Pommel Strike"],"picked":"True Grit","floor":13},{"not_picked":["Double Tap","Exhume"],"picked":"Dark Embrace","floor":16},{"not_picked":["Clash","Flex"],"picked":"Warcry","floor":17},{"not_picked":["Sentinel","Sword Boomerang"],"picked":"Flame Barrier","floor":17},{"not_picked":["Bloodletting","Sentinel"],"picked":"Second Wind","floor":17},{"not_picked":["Flex","Headbutt"],"picked":"Pummel","floor":17},{"not_picked":["Dark Embrace","Iron Wave"],"picked":"Pummel+1","floor":18}],"player_experience":986335,"relics_obtained":[{"floor":9,"key":"PreservedInsect"},{"floor":12,"key":"Darkstone Periapt"}],"event_choices":[{"damage_healed":0,"gold_gain":0,"player_choice":"Success","damage_taken":7,"relics_obtained":["Dream Catcher"],"max_hp_gain":0,"max_hp_loss":0,"event_name":"Scrap Ooze","floor":2,"gold_loss":0},{"damage_healed":0,"gold_gain":275,"player_choice":"Desecrate","damage_taken":0,"max_hp_gain":0,"max_hp_loss":0,"event_name":"Golden Shrine","floor":3,"gold_loss":0,"cards_obtained":["Regret"]},{"damage_healed":0,"gold_gain":75,"player_choice":"Gather Gold","damage_taken":11,"max_hp_gain":0,"max_hp_loss":0,"event_name":"World of Goop","floor":14,"gold_loss":0}],"is_beta":false,"boss_relics":[{"not_picked":["Astrolabe","Eternal Feather"],"picked":"Orrery"}],"items_purged_floors":[5],"is_endless":false,"potions_floor_spawned":[7,13,16],"killed_by":"2 Thieves","ascension_level":9}