{"path_per_floor":["M","$","?","M","?","E","R","M","T","M","?","E","M","$","R","B",null,"M","?","$","M","M"],"character_chosen":"DEFECT","items_purchased":["Genetic Algorithm","Mummified Hand","Blue Candle","Singing Bowl"],"gold_per_floor":[114,47,47,61,61,89,89,106,130,149,249,275,290,46,46,145,145,155,405,22,33,53,53],"floor_reached":23,"campfire_rested":0,"playtime":1173,"item_purchase_floors":[2,14,20,20],"current_hp_per_floor":[75,75,75,75,75,75,75,75,75,68,68,60,59,59,59,42,93,93,99,99,91,32,0],"items_purged":[],"gold":53,"score":251,"play_id":"2df784e4-aecc-4c12-a390-9d3da6dbc22f","local_time":"20180522125652","is_prod":false,"is_daily":false,"chose_seed":false,"is_ascension_mode":false,"campfire_upgraded":2,"timestamp":1527008212,"campfire_choices":[{"data":"Tempest","floor":7,"key":"SMITH"},{"data":"Buffer","floor":15,"key":"SMITH"}],"path_taken":["M","$","?","M","?","E","R","?","T","M","?","E","M","?","R","BOSS","M","?","?","M","M","E"],"build_version":"2018-05-21v2","seed_source_timestamp":340855965033568,"purchased_purges":0,"victory":false,"master_deck":["Strike_B","Strike_B","Strike_B","Strike_B","Defend_B+1","Defend_B+1","Defend_B","Zap","Dualcast","Go for the Eyes","Genetic Algorithm+1","Tempest+1","Go for the Eyes","Capacitor","Sweeping Beam","Buffer+1","Lockon","Electrodynamics","Writhe","Decay","Injury","Stack","Regret","Stack+1","Stack"],"max_hp_per_floor":[75,75,75,75,75,75,75,75,75,75,75,75,75,75,75,75,93,93,99,99,99,99,99],"relics":["Cracked Core","NeowsBlessing","Happy Flower","War Paint","Darkstone Periapt","Mummified Hand","Calling Bell","Bronze Scales","Question Card","Sundial","Blue Candle","Singing Bowl"],"card_choices":[{"not_picked":["Stack","Steam"],"picked":"Go for the Eyes","floor":1},{"not_picked":["Axe Kick","Go for the Eyes"],"picked":"Tempest","floor":4},{"not_picked":["Steam Power","Auto Shields"],"picked":"Go for the Eyes","floor":6},{"not_picked":["Redo","All For One"],"picked":"Capacitor","floor":8},{"not_picked":["Rebound","Steam Power"],"picked":"Sweeping Beam","floor":10},{"not_picked":["Beam Cell","Capacitor"],"picked":"Buffer","floor":12},{"not_picked":["Stack","Go for the Eyes"],"picked":"Lockon","floor":13},{"not_picked":["Machine Learning","Biased Cognition"],"picked":"Electrodynamics","floor":16},{"not_picked":["Streamline","Barrage","Rebound+1"],"picked":"Stack","floor":18},{"not_picked":["Skim+1","Sweeping Beam","Turbo"],"picked":"Stack+1","floor":21},{"not_picked":["Axe Kick+1","Scrape","Aggregate+1"],"picked":"Stack","floor":22}],"player_experience":110759,"potions_floor_usage":[12,13,21,22,23],"damage_taken":[{"damage":0,"enemies":"2 Louse","floor":1,"turns":1},{"damage":0,"enemies":"Cultist","floor":4,"turns":1},{"damage":0,"enemies":"3 Sentries","floor":6,"turns":1},{"damage":0,"enemies":"Small Slimes","floor":8,"turns":3},{"damage":7,"enemies":"Exordium Wildlife","floor":10,"turns":3},{"damage":8,"enemies":"Gremlin Nob","floor":12,"turns":4},{"damage":1,"enemies":"Gremlin Gang","floor":13,"turns":2},{"damage":17,"enemies":"Slime Boss","floor":16,"turns":10},{"damage":0,"enemies":"Chosen","floor":18,"turns":6},{"damage":8,"enemies":"3 Byrds","floor":21,"turns":2},{"damage":59,"enemies":"Cultist and Chosen","floor":22,"turns":7},{"damage":37,"enemies":"Book of Stabbing","floor":23,"turns":5}],"relics_obtained":[{"floor":6,"key":"Happy Flower"},{"floor":9,"key":"War Paint"},{"floor":12,"key":"Darkstone Periapt"},{"floor":17,"key":"Bronze Scales"},{"floor":17,"key":"Question Card"},{"floor":17,"key":"Sundial"}],"event_choices":[{"event_name":"Purifier","player_choice":"One Purge","floor":3,"damage_taken":0},{"event_name":"Living Wall","player_choice":"Grow","floor":5,"damage_taken":0},{"event_name":"Golden Shrine","player_choice":"Pray","floor":11,"damage_taken":0},{"event_name":"Golden Shrine","player_choice":"Desecrate","floor":19,"damage_taken":0}],"boss_relics":[{"not_picked":["Sozu","Tiny House"],"picked":"Calling Bell"}],"items_purged_floors":[],"potions_floor_spawned":[8,10,16,18,21],"seed_played":"-8736409998896340923","killed_by":"Book of Stabbing","ascension_level":0,"potions_obtained":[{"floor":8,"key":"Swift Potion"},{"floor":10,"key":"Explosive Potion"},{"floor":16,"key":"Poison Potion"},{"floor":18,"key":"LiquidBronze"},{"floor":21,"key":"SneckoOil"}],"is_trial":false}