{"gold_per_floor":[109,128,147,166,180,180,191,224,224,93,106,106,106,139,139,139],"floor_reached":16,"playtime":1882,"items_purged":[],"score":137,"play_id":"4a3a72ab-5a3b-4bad-ae89-d15ac7f16a6b","local_time":"20190411161317","is_ascension_mode":true,"campfire_choices":[{"data":"Uppercut","floor":6,"key":"SMITH"},{"floor":12,"key":"REST"},{"floor":15,"key":"REST"}],"neow_cost":"TEN_PERCENT_HP_LOSS","seed_source_timestamp":89197993829121,"circlet_count":0,"master_deck":["Strike_R","Strike_R","Strike_R","Strike_R","Defend_R","Defend_R","Defend_R","Bash","Sever Soul","Warcry","Infernal Blade","Uppercut+1","Warcry","Thunderclap","Shockwave","Burning Pact","Sentinel","Armaments","Thunderclap","Dark Embrace"],"relics":["Burning Blood","Oddly Smooth Stone","Matryoshka","Red Skull","Omamori"],"potions_floor_usage":[3,7,11,14],"damage_taken":[{"damage":5,"enemies":"Cultist","floor":1,"turns":4},{"damage":1,"enemies":"2 Louse","floor":2,"turns":2},{"damage":1,"enemies":"Small Slimes","floor":3,"turns":2},{"damage":0,"enemies":"2 Fungi Beasts","floor":4,"turns":2},{"damage":7,"enemies":"Exordium Wildlife","floor":5,"turns":3},{"damage":21,"enemies":"Large Slime","floor":7,"turns":6},{"damage":37,"enemies":"Gremlin Nob","floor":8,"turns":5},{"damage":0,"enemies":"Red Slaver","floor":11,"turns":4},{"damage":20,"enemies":"3 Sentries","floor":14,"turns":5},{"damage":50,"enemies":"The Guardian","floor":16,"turns":7}],"seed_played":"-2932707910583992133","potions_obtained":[{"floor":2,"key":"Energy Potion"},{"floor":3,"key":"SkillPotion"},{"floor":7,"key":"Swift Potion"},{"floor":8,"key":"BloodPotion"},{"floor":11,"key":"Ancient Potion"}],"is_trial":false,"path_per_floor":["M","M","M","M","M","R","M","E","T","$","M","R","?","E","R","B"],"character_chosen":"IRONCLAD","items_purchased":["Sentinel","Armaments"],"campfire_rested":2,"item_purchase_floors":[10,10],"current_hp_per_floor":[72,72,72,72,71,71,56,25,25,25,38,59,41,27,48,0],"gold":139,"neow_bonus":"TRANSFORM_TWO_CARDS","is_prod":false,"is_daily":false,"chose_seed":false,"campfire_upgraded":1,"win_rate":0,"timestamp":1554995597,"path_taken":["M","M","?","M","M","R","M","E","T","$","M","R","?","E","R","BOSS"],"build_version":"2019-01-23","purchased_purges":0,"victory":false,"max_hp_per_floor":[72,72,72,72,72,72,72,72,72,72,72,72,72,72,72,72],"card_choices":[{"not_picked":["Cleave","Reckless Charge"],"picked":"Infernal Blade","floor":1},{"not_picked":["Twin Strike","Intimidate"],"picked":"Uppercut","floor":2},{"not_picked":["Searing Blow","Infernal Blade"],"picked":"Warcry","floor":3},{"not_picked":["Sever Soul","Evolve"],"picked":"Thunderclap","floor":4},{"not_picked":["Warcry","Clash"],"picked":"Shockwave","floor":5},{"not_picked":["Twin Strike","Havoc"],"picked":"Burning Pact","floor":7},{"not_picked":["Combust","Rupture","True Grit"],"picked":"SKIP","floor":8},{"not_picked":["Blood for Blood","Heavy Blade"],"picked":"Thunderclap","floor":11},{"not_picked":["Carnage","Rampage"],"picked":"Dark Embrace","floor":14}],"player_experience":414225,"relics_obtained":[{"floor":8,"key":"Oddly Smooth Stone"},{"floor":9,"key":"Matryoshka"},{"floor":14,"key":"Omamori"}],"event_choices":[{"damage_healed":0,"gold_gain":0,"player_choice":"Success","damage_taken":18,"relics_obtained":["Red Skull"],"max_hp_gain":0,"max_hp_loss":0,"event_name":"Scrap Ooze","floor":13,"gold_loss":0}],"is_beta":false,"boss_relics":[],"items_purged_floors":[],"is_endless":false,"potions_floor_spawned":[2,3,7,8,11],"killed_by":"The Guardian","ascension_level":4}