{"gold_per_floor":[215,225,237,57,67,67,102,102,126,160,190],"floor_reached":11,"playtime":487,"items_purged":[],"score":137,"play_id":"43adf441-230b-4def-81da-cc88703d6c1b","local_time":"20190401003520","is_ascension_mode":true,"campfire_choices":[{"data":"Neutralize","floor":6,"key":"SMITH"},{"floor":8,"key":"REST"}],"neow_cost":"NONE","seed_source_timestamp":1386746275756104,"circlet_count":0,"master_deck":["AscendersBane","Defend_G","Defend_G","Defend_G","Defend_G","Defend_G","Strike_G","Strike_G","Strike_G","Strike_G","Strike_G","Survivor","Neutralize+1","Slice","All Out Attack","Noxious Fumes","Caltrops","Caltrops"],"relics":["Ring of the Snake","Bronze Scales","Strawberry","Art of War","PreservedInsect"],"potions_floor_usage":[11],"damage_taken":[{"damage":0,"enemies":"Small Slimes","floor":1,"turns":4},{"damage":11,"enemies":"Jaw Worm","floor":2,"turns":9},{"damage":0,"enemies":"Cultist","floor":3,"turns":3},{"damage":20,"enemies":"Exordium Wildlife","floor":5,"turns":4},{"damage":24,"enemies":"Lagavulin","floor":7,"turns":8},{"damage":28,"enemies":"Gremlin Nob","floor":10,"turns":5},{"damage":14,"enemies":"Gremlin Nob","floor":11,"turns":3}],"seed_played":"6057535584848468222","potions_obtained":[{"floor":2,"key":"Energy Potion"}],"is_trial":false,"path_per_floor":["?"],"character_chosen":"THE_SILENT","items_purchased":["Bronze Scales","Caltrops"],"campfire_rested":1,"item_purchase_floors":[4,4],"current_hp_per_floor":[63,52,52,52,32,32,15,38,38,10,0],"gold":190,"neow_bonus":"HUNDRED_GOLD","is_prod":false,"is_daily":false,"chose_seed":false,"campfire_upgraded":1,"win_rate":0,"timestamp":1554093320,"path_taken":["M","M","M","$","M","R","E","R","T","E","?"],"build_version":"2019-01-23","purchased_purges":0,"victory":false,"max_hp_per_floor":[70,70,70,70,70,70,77,77,77,77,77],"card_choices":[{"not_picked":["Bane","Skewer"],"picked":"Slice","floor":1},{"not_picked":["Underhanded Strike","Outmaneuver"],"picked":"All Out Attack","floor":2},{"not_picked":["Outmaneuver","Crippling Poison"],"picked":"Noxious Fumes","floor":3},{"not_picked":["Prepared","Outmaneuver"],"picked":"Caltrops","floor":5},{"not_picked":["Masterful Stab","Bane","Quick Slash"],"picked":"SKIP","floor":7},{"not_picked":["Catalyst","Outmaneuver","Grand Finale"],"picked":"SKIP","floor":10}],"player_experience":1361665,"relics_obtained":[{"floor":7,"key":"Strawberry"},{"floor":9,"key":"Art of War"},{"floor":10,"key":"PreservedInsect"}],"event_choices":[{"damage_healed":0,"gold_gain":30,"player_choice":"Searched \u00273\u0027 times","damage_taken":0,"max_hp_gain":0,"max_hp_loss":0,"event_name":"Dead Adventurer","floor":11,"gold_loss":0}],"is_beta":false,"boss_relics":[],"items_purged_floors":[],"is_endless":false,"potions_floor_spawned":[2],"killed_by":"Gremlin Nob","ascension_level":13}