{"gold_per_floor":[19,19,39,39,57,57,77,77,77,93,120,195,206,277,277,381,381,399,417,114,124,49,49,60,93,93,93,93,110,110,125,125,226,226,242,1241,1256,1274,1274,1608,1608],"floor_reached":41,"playtime":3575,"items_purged":["Pain"],"score":674,"play_id":"6fb48cee-96e4-4624-a0b1-c1ff0eb49e69","local_time":"20181001123525","is_ascension_mode":true,"campfire_choices":[{"data":"Body Slam","floor":6,"key":"SMITH"},{"data":"Power Through","floor":15,"key":"SMITH"},{"floor":23,"key":"REST"},{"data":"Barricade","floor":28,"key":"SMITH"},{"floor":32,"key":"REST"}],"neow_cost":"NO_GOLD","seed_source_timestamp":1533848327663100,"circlet_count":0,"master_deck":["Strike_R","Strike_R","Defend_R","Defend_R","Defend_R","Defend_R","Bash","Body Slam+1","Power Through+1","Pummel","Shrug It Off+1","Iron Wave","Disarm","Second Wind+1","True Grit+1","Cleave","Barricade+1","Parasite","Clumsy","Pommel Strike+1","Infernal Blade+1","True Grit+1","Deep Breath+1","Carnage","Burning Pact+1","True Grit+1","Flame Barrier+1","Exhume+1","Iron Wave+1","Normality","Normality","Wild Strike","Impatience+1"],"relics":["Burning Blood","Unceasing Top","Toxic Egg 2","PreservedInsect","Bottled Lightning","Calling Bell","Bag of Marbles","Letter Opener","WingedGreaves","The Courier","Bottled Tornado","MutagenicStrength","Bag of Preparation","Sozu","Old Coin"],"potions_floor_usage":[16,21,33,35,41],"damage_taken":[{"damage":7,"enemies":"Small Slimes","floor":1,"turns":4},{"damage":0,"enemies":"2 Louse","floor":3,"turns":3},{"damage":0,"enemies":"Jaw Worm","floor":5,"turns":4},{"damage":5,"enemies":"Red Slaver","floor":7,"turns":3},{"damage":0,"enemies":"Looter","floor":10,"turns":4},{"damage":16,"enemies":"Lagavulin","floor":11,"turns":10},{"damage":0,"enemies":"2 Fungi Beasts","floor":13,"turns":6},{"damage":45,"enemies":"Hexaghost","floor":16,"turns":19},{"damage":20,"enemies":"Shell Parasite","floor":18,"turns":10},{"damage":31,"enemies":"Spheric Guardian","floor":19,"turns":7},{"damage":23,"enemies":"Centurion and Healer","floor":21,"turns":10},{"damage":0,"enemies":"Shelled Parasite and Fungi","floor":24,"turns":6},{"damage":28,"enemies":"Book of Stabbing","floor":25,"turns":6},{"damage":0,"enemies":"Sentry and Sphere","floor":29,"turns":10},{"damage":21,"enemies":"Snake Plant","floor":31,"turns":5},{"damage":0,"enemies":"Champ","floor":33,"turns":14},{"damage":26,"enemies":"3 Darklings","floor":35,"turns":8},{"damage":3,"enemies":"Orb Walker","floor":37,"turns":4},{"damage":1,"enemies":"Maw","floor":38,"turns":10},{"damage":66,"enemies":"2 Orb Walkers","floor":40,"turns":8},{"damage":20,"enemies":"Transient","floor":41,"turns":3}],"seed_played":"3307486726605954148","potions_obtained":[{"floor":1,"key":"AttackPotion"},{"floor":7,"key":"Ancient Potion"},{"floor":11,"key":"GamblersBrew"},{"floor":13,"key":"Fire Potion"},{"floor":19,"key":"PowerPotion"},{"floor":31,"key":"Poison Potion"},{"floor":33,"key":"Weak Potion"}],"is_trial":false,"path_per_floor":["M","?","M","?","M","R","M","?","T","M","E","?","M","T","R","B",null,"M","M","$","M","?","R","M","E","T","?","R","M","?","M","R","B",null,"M","?","M","M","?","E"],"character_chosen":"IRONCLAD","items_purchased":["True Grit+1","Deep Breath+1","Carnage"],"campfire_rested":2,"item_purchase_floors":[20,20,20],"current_hp_per_floor":[79,61,67,67,73,73,74,74,74,80,70,59,65,65,65,26,80,66,41,41,24,24,48,54,32,32,32,32,38,38,23,47,53,80,60,60,63,68,68,8,0],"gold":1608,"neow_bonus":"TRANSFORM_TWO_CARDS","is_prod":false,"is_daily":false,"chose_seed":false,"campfire_upgraded":3,"win_rate":0,"timestamp":1538418925,"path_taken":["M","?","M","?","M","R","M","?","T","M","E","?","?","?","R","BOSS","M","?","$","M","?","R","M","E","T","?","R","?","?","M","R","BOSS","M","?","?","M","?","E","M"],"build_version":"2018-09-27","purchased_purges":1,"victory":false,"max_hp_per_floor":[80,80,80,80,80,80,80,80,80,80,80,80,80,80,80,80,80,80,80,80,80,80,80,80,80,80,80,80,80,80,80,80,80,80,80,80,80,80,80,80,80],"card_choices":[{"not_picked":["Uppercut","Flex"],"picked":"Power Through","floor":1},{"not_picked":["Wild Strike","Sword Boomerang"],"picked":"Pummel","floor":3},{"not_picked":["Warcry","Sentinel"],"picked":"Iron Wave","floor":5},{"not_picked":["Twin Strike","Heavy Blade"],"picked":"Disarm","floor":7},{"not_picked":["True Grit+1","Sever Soul"],"picked":"Second Wind+1","floor":10},{"not_picked":["Headbutt","Sentinel+1"],"picked":"True Grit+1","floor":11},{"not_picked":["Second Wind+1","Headbutt"],"picked":"Cleave","floor":13},{"not_picked":["Feed","Exhume+1"],"picked":"Barricade","floor":16},{"not_picked":["Intimidate+1","Cleave"],"picked":"Pommel Strike+1","floor":18},{"not_picked":["Thunderclap+1","Carnage"],"picked":"Infernal Blade+1","floor":19},{"not_picked":["Cleave","Bloodletting+1","Carnage"],"picked":"SKIP","floor":21},{"not_picked":["Clash","Sword Boomerang"],"picked":"Burning Pact+1","floor":24},{"not_picked":["Wild Strike+1","Heavy Blade"],"picked":"True Grit+1","floor":25},{"not_picked":["Offering+1","True Grit+1","Corruption+1"],"picked":"SKIP","floor":29},{"not_picked":["Cleave","Havoc+1"],"picked":"Flame Barrier+1","floor":31},{"not_picked":["Fiend Fire","Juggernaut"],"picked":"Exhume+1","floor":33},{"not_picked":["Clothesline","Ghostly Armor+1"],"picked":"Iron Wave+1","floor":35},{"not_picked":["Clothesline","Flame Barrier+1","Whirlwind+1"],"picked":"SKIP","floor":37},{"not_picked":["Whirlwind","Sword Boomerang"],"picked":"Wild Strike","floor":38},{"not_picked":["Madness+1","Discovery+1"],"picked":"Impatience+1","floor":39},{"not_picked":["Corruption","Pummel","Headbutt"],"picked":"SKIP","floor":40}],"player_experience":658461,"relics_obtained":[{"floor":9,"key":"Toxic Egg 2"},{"floor":11,"key":"PreservedInsect"},{"floor":14,"key":"Bottled Lightning"},{"floor":17,"key":"Bag of Marbles"},{"floor":17,"key":"Letter Opener"},{"floor":17,"key":"WingedGreaves"},{"floor":25,"key":"The Courier"},{"floor":26,"key":"Bottled Tornado"},{"floor":40,"key":"Old Coin"}],"event_choices":[{"event_name":"Scrap Ooze","player_choice":"success","floor":2,"damage_taken":18},{"event_name":"Transmorgrifier","player_choice":"Transform","floor":4,"damage_taken":0},{"event_name":"Living Wall","player_choice":"Grow","floor":8,"damage_taken":0},{"event_name":"World of Goop","player_choice":"Gather Gold","floor":12,"damage_taken":0},{"event_name":"Beggar","player_choice":"Gave Gold","floor":22,"damage_taken":0},{"event_name":"Drug Dealer","player_choice":"Inject Mutagens","floor":27,"damage_taken":0},{"event_name":"The Mausoleum","player_choice":"Yes","floor":30,"damage_taken":0},{"event_name":"MindBloom","player_choice":"Gold","floor":36,"damage_taken":0},{"event_name":"SensoryStone","player_choice":"Memory 1","floor":39,"damage_taken":0}],"is_beta":false,"boss_relics":[{"not_picked":["Lizard Tail","Fusion Hammer"],"picked":"Calling Bell"},{"not_picked":["Orrery","Runic Dome"],"picked":"Sozu"}],"items_purged_floors":[20],"is_endless":false,"potions_floor_spawned":[1,7,11,13,19,31,33,37],"killed_by":"Transient","ascension_level":4}