{"gold_per_floor":[119,139,159,159,159,184,184,208,208,208,225,225,235,260,260,362,362,381,296,296,313,313,345,305,317,365,365,365,375,375,408,408,408],"floor_reached":33,"playtime":2806,"items_purged":[],"score":308,"play_id":"1dd8bbed-7d49-43c9-803c-555191ed9434","local_time":"20181025214442","is_ascension_mode":true,"campfire_choices":[{"floor":7,"key":"REST"},{"data":"Deadly Poison","floor":10,"key":"SMITH"},{"floor":15,"key":"REST"},{"floor":27,"key":"REST"},{"data":"Adrenaline","floor":30,"key":"SMITH"},{"floor":32,"key":"REST"}],"neow_cost":"NONE","seed_source_timestamp":1308366533563137,"circlet_count":0,"master_deck":["Defend_G+1","Defend_G+1","Defend_G+1","Defend_G+1","Defend_G+1","Strike_G+1","Strike_G+1","Strike_G+1","Strike_G+1","Survivor+1","Neutralize","Underhanded Strike","Deadly Poison+1","Quick Slash","Bane","Slice","Dash","Backflip","Blur+1","Adrenaline+1","Slice+1","Deadly Poison","Bouncing Flask+1","Prepared","Poisoned Stab+1","Flechettes+1","Quick Slash+1"],"relics":["Ring of the Snake","Regal Pillow","Bag of Marbles","Happy Flower","Blue Candle","Ornamental Fan","Black Star","Molten Egg 2","Juzu Bracelet","Anchor","Orichalcum","Bronze Scales","Blood Vial"],"potions_floor_usage":[6,13,14,16,16,16,16,23,33],"damage_taken":[{"damage":0,"enemies":"Small Slimes","floor":1,"turns":5},{"damage":0,"enemies":"2 Louse","floor":2,"turns":4},{"damage":0,"enemies":"Cultist","floor":3,"turns":3},{"damage":17,"enemies":"Gremlin Nob","floor":6,"turns":4},{"damage":11,"enemies":"Large Slime","floor":11,"turns":6},{"damage":1,"enemies":"Blue Slaver","floor":13,"turns":4},{"damage":19,"enemies":"Lagavulin","floor":14,"turns":7},{"damage":29,"enemies":"Hexaghost","floor":16,"turns":10},{"damage":0,"enemies":"Chosen","floor":18,"turns":4},{"damage":24,"enemies":"Spheric Guardian","floor":21,"turns":6},{"damage":29,"enemies":"Slavers","floor":23,"turns":8},{"damage":7,"enemies":"Centurion and Healer","floor":25,"turns":7},{"damage":5,"enemies":"Snake Plant","floor":29,"turns":4},{"damage":4,"enemies":"Book of Stabbing","floor":31,"turns":4},{"damage":89,"enemies":"Collector","floor":33,"turns":6}],"seed_played":"-1161093013777495330","potions_obtained":[{"floor":0,"key":"SmokeBomb"},{"floor":0,"key":"EntropicBrew"},{"floor":0,"key":"SkillPotion"},{"floor":6,"key":"PowerPotion"},{"floor":13,"key":"SteroidPotion"},{"floor":14,"key":"EssenceOfSteel"},{"floor":21,"key":"Fire Potion"},{"floor":25,"key":"Weak Potion"},{"floor":29,"key":"SpeedPotion"}],"is_trial":false,"path_per_floor":["M","M","M","?","?","E","R","T","T","R","M","?","M","E","R","B",null,"M","?","?","M","?","E","?","M","T","R","?","M","R","E","R"],"character_chosen":"THE_SILENT","items_purchased":[],"campfire_rested":4,"item_purchase_floors":[],"current_hp_per_floor":[70,70,70,45,45,28,64,64,64,64,53,53,52,33,69,40,70,70,70,70,46,46,17,17,10,10,46,46,41,41,37,70,0],"gold":408,"neow_bonus":"THREE_SMALL_POTIONS","is_prod":false,"is_daily":false,"chose_seed":false,"campfire_upgraded":2,"win_rate":0,"timestamp":1540525482,"path_taken":["M","M","M","?","?","E","R","?","T","R","?","?","M","E","R","BOSS","M","?","?","M","?","E","?","M","T","R","?","M","R","E","R","BOSS"],"build_version":"2018-10-25","purchased_purges":0,"victory":false,"max_hp_per_floor":[70,70,70,70,70,70,70,70,70,70,70,70,70,70,70,70,70,70,70,70,70,70,70,70,70,70,70,70,70,70,70,70,70],"card_choices":[{"not_picked":["Distraction","Acrobatics"],"picked":"Underhanded Strike","floor":1},{"not_picked":["Setup","Outmaneuver"],"picked":"Deadly Poison","floor":2},{"not_picked":["Expertise","Heel Hook"],"picked":"Quick Slash","floor":3},{"not_picked":["All Out Attack","Finisher"],"picked":"Bane","floor":6},{"not_picked":["Acrobatics","Riddle With Holes"],"picked":"Slice","floor":11},{"not_picked":["A Thousand Cuts","Quick Slash"],"picked":"Backflip","floor":13},{"not_picked":["Bane","Dodge and Roll"],"picked":"Blur","floor":14},{"not_picked":["Corpse Explosion","Storm of Steel"],"picked":"Adrenaline","floor":16},{"not_picked":["Escape Plan","Terror"],"picked":"Slice+1","floor":18},{"not_picked":["Well Laid Plans","Underhanded Strike+1"],"picked":"Deadly Poison","floor":21},{"not_picked":["Flying Knee+1","Dodge and Roll"],"picked":"Bouncing Flask+1","floor":23},{"not_picked":["Choke+1","Riddle With Holes+1"],"picked":"Prepared","floor":25},{"not_picked":["Escape Plan","Masterful Stab+1"],"picked":"Flechettes+1","floor":29},{"not_picked":["Eviscerate+1","Accuracy"],"picked":"Quick Slash+1","floor":31}],"player_experience":849144,"relics_obtained":[{"floor":6,"key":"Bag of Marbles"},{"floor":8,"key":"Happy Flower"},{"floor":9,"key":"Blue Candle"},{"floor":14,"key":"Ornamental Fan"},{"floor":23,"key":"Juzu Bracelet"},{"floor":23,"key":"Anchor"},{"floor":26,"key":"Orichalcum"},{"floor":31,"key":"Bronze Scales"},{"floor":31,"key":"Blood Vial"}],"event_choices":[{"damage_healed":0,"gold_gain":0,"player_choice":"Success","damage_taken":25,"relics_obtained":["Regal Pillow"],"max_hp_gain":0,"max_hp_loss":0,"event_name":"Scrap Ooze","floor":4,"gold_loss":0},{"damage_healed":0,"gold_gain":0,"cards_transformed":["Strike_G"],"player_choice":"Transformed","damage_taken":0,"max_hp_gain":0,"max_hp_loss":0,"event_name":"Transmorgrifier","floor":5,"gold_loss":0,"cards_obtained":["Accuracy"]},{"damage_healed":0,"gold_gain":0,"cards_transformed":["Accuracy"],"player_choice":"Change","damage_taken":0,"max_hp_gain":0,"max_hp_loss":0,"event_name":"Living Wall","floor":12,"gold_loss":0,"cards_obtained":["Dash"]},{"damage_healed":0,"gold_gain":0,"player_choice":"Obtained Relic","damage_taken":0,"relics_obtained":["Molten Egg 2"],"max_hp_gain":0,"max_hp_loss":0,"event_name":"Addict","floor":19,"gold_loss":85},{"damage_healed":0,"gold_gain":0,"player_choice":"Ignored","damage_taken":0,"max_hp_gain":0,"max_hp_loss":0,"event_name":"Cursed Tome","floor":20,"gold_loss":0},{"damage_healed":0,"gold_gain":0,"player_choice":"Simplicity","damage_taken":0,"max_hp_gain":0,"max_hp_loss":0,"event_name":"Back to Basics","floor":22,"gold_loss":0,"cards_upgraded":["Defend_G","Defend_G","Defend_G","Defend_G","Defend_G","Strike_G","Strike_G","Strike_G","Strike_G"]},{"damage_healed":0,"gold_gain":0,"player_choice":"Upgraded Two","damage_taken":0,"max_hp_gain":0,"max_hp_loss":0,"event_name":"Designer","floor":24,"gold_loss":40,"cards_upgraded":["Blur","Survivor"]},{"damage_healed":0,"gold_gain":0,"player_choice":"Read","damage_taken":0,"max_hp_gain":0,"max_hp_loss":0,"event_name":"The Library","floor":28,"gold_loss":0,"cards_obtained":["Poisoned Stab"]}],"is_beta":false,"boss_relics":[{"not_picked":["Empty Cage","Astrolabe"],"picked":"Black Star"}],"items_purged_floors":[],"is_endless":false,"potions_floor_spawned":[2,6,13,14,21,25,29],"killed_by":"Collector","ascension_level":1}