{"gold_per_floor":[111,124,138,17,33,33,59,59,59,72,172,186,201,64,64,161,161,177,177,102,120,136,136],"floor_reached":23,"playtime":965,"items_purged":["Strike_R","Strike_R"],"score":205,"play_id":"8fa41a4c-357c-4375-b3a2-d7340711e04a","local_time":"20180818110752","is_ascension_mode":true,"campfire_choices":[{"data":"Carnage","floor":6,"key":"SMITH"},{"data":"Shrug It Off","floor":8,"key":"SMITH"},{"floor":15,"key":"REST"}],"neow_cost":"NONE","seed_source_timestamp":121290806412828,"circlet_count":0,"master_deck":["Strike_R","Defend_R","Defend_R","Defend_R","Bash","Carnage+1","Shrug It Off+1","Shrug It Off","Rampage"],"relics":["Empty Cage","Lantern","Ancient Tea Set"],"potions_floor_usage":[7,13,16,23],"damage_taken":[{"damage":10,"enemies":"Jaw Worm","floor":1,"turns":4},{"damage":1,"enemies":"Cultist","floor":2,"turns":3},{"damage":0,"enemies":"Small Slimes","floor":3,"turns":3},{"damage":0,"enemies":"3 Louse","floor":5,"turns":3},{"damage":23,"enemies":"Lagavulin","floor":7,"turns":5},{"damage":2,"enemies":"Looter","floor":10,"turns":3},{"damage":0,"enemies":"Lots of Slimes","floor":12,"turns":5},{"damage":8,"enemies":"Red Slaver","floor":13,"turns":2},{"damage":19,"enemies":"The Guardian","floor":16,"turns":14},{"damage":0,"enemies":"Chosen","floor":18,"turns":4},{"damage":9,"enemies":"Shell Parasite","floor":21,"turns":7},{"damage":9,"enemies":"Snake Plant","floor":22,"turns":4},{"damage":59,"enemies":"Slavers","floor":23,"turns":6}],"seed_played":"-4825317722840716305","potions_obtained":[{"floor":2,"key":"Ancient Potion"},{"floor":3,"key":"SteroidPotion"},{"floor":7,"key":"AttackPotion"},{"floor":10,"key":"FearPotion"},{"floor":13,"key":"Swift Potion"}],"is_trial":false,"path_per_floor":["M","M","M","$","M","R","E","R","T","M","?","M","M","$","R","B",null,"M","?","?","M","M"],"character_chosen":"IRONCLAD","items_purchased":["Shrug It Off","Rampage"],"campfire_rested":1,"item_purchase_floors":[4,14],"current_hp_per_floor":[70,69,69,69,69,69,46,46,46,44,44,44,36,36,60,41,80,80,72,72,63,54,0],"gold":136,"neow_bonus":"BOSS_RELIC","is_prod":false,"is_daily":false,"chose_seed":false,"campfire_upgraded":2,"win_rate":0,"timestamp":1534612072,"path_taken":["M","M","M","$","M","R","E","R","T","M","?","?","M","$","R","BOSS","M","?","?","M","?","E"],"build_version":"2018-08-16","purchased_purges":2,"victory":false,"max_hp_per_floor":[80,80,80,80,80,80,80,80,80,80,80,80,80,80,80,80,80,80,80,80,80,80,80],"card_choices":[{"not_picked":["Flex","Sword Boomerang","Seeing Red"],"picked":"SKIP","floor":1},{"not_picked":["Power Through","True Grit"],"picked":"Carnage","floor":2},{"not_picked":["Body Slam","Rupture","Heavy Blade"],"picked":"SKIP","floor":3},{"not_picked":["Cleave","Body Slam"],"picked":"Shrug It Off","floor":5},{"not_picked":["Dropkick","Warcry","Wild Strike"],"picked":"SKIP","floor":7},{"not_picked":["Pommel Strike","Clash","Infernal Blade"],"picked":"SKIP","floor":10},{"not_picked":["Wild Strike","Cleave","Warcry"],"picked":"SKIP","floor":12},{"not_picked":["Armaments","Rupture","Warcry"],"picked":"SKIP","floor":13},{"not_picked":["Feel No Pain","Sword Boomerang","Pommel Strike"],"picked":"SKIP","floor":18},{"not_picked":["Spot Weakness+1","Wild Strike","Twin Strike"],"picked":"SKIP","floor":21},{"not_picked":["Pommel Strike","Metallicize","Entrench+1"],"picked":"SKIP","floor":22}],"player_experience":246608,"relics_obtained":[{"floor":7,"key":"Lantern"},{"floor":9,"key":"Ancient Tea Set"}],"event_choices":[{"event_name":"Golden Shrine","player_choice":"Pray","floor":11,"damage_taken":0},{"event_name":"Knowing Skull","player_choice":"","floor":19,"damage_taken":0},{"event_name":"Beggar","player_choice":"Gave Gold","floor":20,"damage_taken":0}],"is_beta":false,"boss_relics":[{"not_picked":["Orrery","Coffee Dripper","Calling Bell"]}],"items_purged_floors":[4,14],"is_endless":false,"potions_floor_spawned":[2,3,7,10,13],"killed_by":"Slavers","ascension_level":1}