{"gold_per_floor":[110,122,122,297,297,297,317,317,371,385,385,419,431,451,451,451],"floor_reached":16,"playtime":553,"items_purged":[],"score":165,"play_id":"6a0b481b-c43f-4117-be32-14a5721ff3a2","local_time":"20190129131625","is_ascension_mode":true,"campfire_choices":[{"data":"Hemokinesis","floor":6,"key":"SMITH"},{"data":"True Grit","floor":8,"key":"SMITH"},{"floor":15,"key":"REST"}],"neow_cost":"NONE","seed_source_timestamp":3667595783618,"circlet_count":0,"master_deck":["AscendersBane","Strike_R","Strike_R","Strike_R","Strike_R","Strike_R","Defend_R+1","Defend_R","Defend_R","Defend_R","Bash","Impervious","Hemokinesis+1","Power Through+1","Doubt","True Grit+1","Perfected Strike","Rage","Wild Strike","Thunderclap","Reckless Charge","Twin Strike"],"relics":["Burning Blood","War Paint","Odd Mushroom","Centennial Puzzle","The Courier"],"potions_floor_usage":[12,14],"damage_taken":[{"damage":0,"enemies":"2 Louse","floor":1,"turns":3},{"damage":7,"enemies":"Jaw Worm","floor":2,"turns":5},{"damage":23,"enemies":"The Mushroom Lair","floor":7,"turns":7},{"damage":10,"enemies":"Small Slimes","floor":10,"turns":3},{"damage":16,"enemies":"Lagavulin","floor":12,"turns":5},{"damage":1,"enemies":"2 Fungi Beasts","floor":13,"turns":4},{"damage":11,"enemies":"Lots of Slimes","floor":14,"turns":5},{"damage":65,"enemies":"Hexaghost","floor":16,"turns":14}],"seed_played":"1492445333932701714","potions_obtained":[{"floor":10,"key":"FearPotion"},{"floor":13,"key":"Swift Potion"},{"floor":14,"key":"Energy Potion"}],"is_trial":false,"path_per_floor":["M","M","?","?","?","R","?","R","T","M","?","E","M","M","R","B"],"character_chosen":"IRONCLAD","items_purchased":[],"campfire_rested":1,"item_purchase_floors":[],"current_hp_per_floor":[78,77,77,77,70,70,53,53,53,49,49,39,44,39,63,0],"gold":451,"neow_bonus":"ONE_RANDOM_RARE_CARD","is_prod":false,"is_daily":false,"chose_seed":false,"campfire_upgraded":2,"win_rate":0,"timestamp":1548792985,"path_taken":["M","M","?","?","?","R","?","R","T","M","?","E","M","M","R","BOSS"],"build_version":"2019-01-23","purchased_purges":0,"victory":false,"max_hp_per_floor":[80,80,80,80,80,80,80,80,80,80,80,80,80,80,80,80],"card_choices":[{"not_picked":["Anger","Clothesline"],"picked":"Hemokinesis","floor":1},{"not_picked":["Armaments","Twin Strike"],"picked":"Power Through","floor":2},{"not_picked":["Sword Boomerang","Warcry"],"picked":"True Grit","floor":7},{"not_picked":["Headbutt","Armaments"],"picked":"Perfected Strike","floor":10},{"not_picked":["Carnage","Fire Breathing"],"picked":"Thunderclap","floor":12},{"not_picked":["Spot Weakness","Dropkick"],"picked":"Reckless Charge","floor":13},{"not_picked":["Offering","Thunderclap"],"picked":"Twin Strike","floor":14}],"player_experience":1329394,"relics_obtained":[{"floor":7,"key":"Odd Mushroom"},{"floor":9,"key":"Centennial Puzzle"},{"floor":12,"key":"The Courier"}],"event_choices":[{"damage_healed":0,"gold_gain":0,"player_choice":"Leave","damage_taken":0,"max_hp_gain":0,"max_hp_loss":0,"event_name":"The Cleric","floor":3,"gold_loss":0},{"damage_healed":0,"gold_gain":175,"player_choice":"AGREE","damage_taken":0,"max_hp_gain":0,"max_hp_loss":0,"event_name":"Liars Game","floor":4,"gold_loss":0,"cards_obtained":["Doubt"]},{"damage_healed":0,"gold_gain":0,"player_choice":"Success","damage_taken":7,"relics_obtained":["War Paint"],"max_hp_gain":0,"max_hp_loss":0,"event_name":"Scrap Ooze","floor":5,"gold_loss":0},{"damage_healed":0,"gold_gain":0,"player_choice":"Fought Mushrooms","damage_taken":0,"max_hp_gain":0,"max_hp_loss":0,"event_name":"Mushrooms","floor":7,"gold_loss":0},{"damage_healed":0,"gold_gain":0,"player_choice":"2 cards matched","damage_taken":0,"max_hp_gain":0,"max_hp_loss":0,"event_name":"Match and Keep!","floor":11,"gold_loss":0,"cards_obtained":["Rage","Wild Strike"]}],"is_beta":false,"boss_relics":[],"items_purged_floors":[],"is_endless":false,"potions_floor_spawned":[10,13,14],"killed_by":"Hexaghost","ascension_level":13}