{"gold_per_floor":[217,228,245,245,260,295,295,336,363,363,403,426,426],"floor_reached":13,"playtime":1224,"items_purged":[],"score":184,"play_id":"dd48d536-f923-46a8-a4b6-aceb907bfdf4","local_time":"20190411144356","is_ascension_mode":true,"campfire_choices":[{"floor":7,"key":"REST"},{"data":"Lockon","floor":10,"key":"SMITH"}],"neow_cost":"NONE","seed_source_timestamp":2300925048823331,"circlet_count":0,"master_deck":["AscendersBane","Strike_B","Strike_B","Strike_B","Strike_B","Defend_B","Defend_B","Defend_B","Defend_B","Zap","Dualcast","FTL","Lockon+1","Compile Driver","Sweeping Beam","Coolheaded","Rip and Tear","Creative AI","White Noise"],"relics":["Cracked Core","Golden Idol","Mummified Hand","Ancient Tea Set","Smiling Mask","Pen Nib"],"potions_floor_usage":[8,11,13],"damage_taken":[{"damage":9,"enemies":"Jaw Worm","floor":1,"turns":4},{"damage":2,"enemies":"2 Louse","floor":2,"turns":2},{"damage":0,"enemies":"Cultist","floor":3,"turns":2},{"damage":13,"enemies":"Blue Slaver","floor":5,"turns":3},{"damage":25,"enemies":"Lagavulin","floor":6,"turns":6},{"damage":11,"enemies":"3 Sentries","floor":8,"turns":6},{"damage":16,"enemies":"Gremlin Nob","floor":11,"turns":3},{"damage":0,"enemies":"Exordium Wildlife","floor":12,"turns":2},{"damage":9,"enemies":"The Mushroom Lair","floor":13,"turns":1}],"seed_played":"798253322755071206","potions_obtained":[{"floor":1,"key":"FearPotion"},{"floor":3,"key":"Fire Potion"},{"floor":8,"key":"FocusPotion"}],"is_trial":false,"path_per_floor":["?","?"],"character_chosen":"DEFECT","items_purchased":[],"campfire_rested":1,"item_purchase_floors":[],"current_hp_per_floor":[55,53,53,53,40,15,34,23,23,23,7,7,0],"gold":426,"neow_bonus":"HUNDRED_GOLD","is_prod":false,"is_daily":false,"chose_seed":false,"campfire_upgraded":1,"win_rate":0,"timestamp":1555008236,"path_taken":["M","M","M","?","M","E","R","E","T","R","E","M","?"],"build_version":"2019-01-23","purchased_purges":0,"victory":false,"max_hp_per_floor":[71,71,71,64,64,64,64,64,64,64,64,64,64],"card_choices":[{"not_picked":["Redo","Stack"],"picked":"FTL","floor":1},{"not_picked":["Streamline","Barrage"],"picked":"Lockon","floor":2},{"not_picked":["Aggregate","Meteor Strike"],"picked":"Compile Driver","floor":3},{"not_picked":["Streamline","Hologram"],"picked":"Sweeping Beam","floor":5},{"not_picked":["Gash","Streamline"],"picked":"Coolheaded","floor":6},{"not_picked":["Double Energy","Consume"],"picked":"Rip and Tear","floor":8},{"not_picked":["Hologram","Go for the Eyes"],"picked":"Creative AI","floor":11},{"not_picked":["Leap","Gash"],"picked":"White Noise","floor":12}],"player_experience":1813513,"relics_obtained":[{"floor":6,"key":"Mummified Hand"},{"floor":8,"key":"Ancient Tea Set"},{"floor":9,"key":"Smiling Mask"},{"floor":11,"key":"Pen Nib"}],"event_choices":[{"damage_healed":0,"gold_gain":0,"player_choice":"Lose Max HP","damage_taken":0,"relics_obtained":["Golden Idol"],"max_hp_gain":0,"max_hp_loss":7,"event_name":"Golden Idol","floor":4,"gold_loss":0},{"damage_healed":0,"gold_gain":0,"player_choice":"Fought Mushrooms","damage_taken":0,"max_hp_gain":0,"max_hp_loss":0,"event_name":"Mushrooms","floor":13,"gold_loss":0}],"is_beta":false,"boss_relics":[],"items_purged_floors":[],"is_endless":false,"potions_floor_spawned":[1,3,6,8],"killed_by":"The Mushroom Lair","ascension_level":15}