{"gold_per_floor":[114,214,226,242,37,37,47,47,47,62,62,89,105,85,85,182,182,200,117,117,0,0,17,35,35,35,45,65,17,17,30,30,30],"floor_reached":33,"playtime":2756,"items_purged":[],"score":249,"play_id":"cb52a517-a162-45a8-8f0b-729c01835f25","local_time":"20180727171533","is_ascension_mode":false,"campfire_choices":[{"data":"Redo","floor":6,"key":"SMITH"},{"data":"Zap","floor":8,"key":"SMITH"},{"data":"Gash","floor":11,"key":"SMITH"},{"floor":15,"key":"REST"},{"floor":25,"key":"REST"},{"floor":32,"key":"REST"}],"neow_cost":"","seed_source_timestamp":82009051156114,"circlet_count":0,"master_deck":["Strike_B","Strike_B","Strike_B","Strike_B","Defend_B","Defend_B","Defend_B","Defend_B","Zap+1","Dualcast","Ball Lightning","Cold Snap","Steam","Redo+1","Doom and Gloom","Capacitor","Steam","Conserve Battery","Gash+1","FTL","Steam","Thunder Strike","Beam Cell","Sweeping Beam","Defragment","Gash","Leap","Doom and Gloom","Gash+1","Leap","Beam Cell","Compile Driver+1"],"relics":["Cracked Core","Orichalcum","Dodecahedron","Black Star","Mercury Hourglass"],"potions_floor_usage":[24],"damage_taken":[{"damage":3,"enemies":"Small Slimes","floor":1,"turns":3},{"damage":1,"enemies":"Cultist","floor":3,"turns":3},{"damage":1,"enemies":"Jaw Worm","floor":4,"turns":3},{"damage":2,"enemies":"Blue Slaver","floor":7,"turns":3},{"damage":0,"enemies":"Large Slime","floor":10,"turns":6},{"damage":10,"enemies":"Lagavulin","floor":12,"turns":5},{"damage":4,"enemies":"Red Slaver","floor":13,"turns":4},{"damage":43,"enemies":"Hexaghost","floor":16,"turns":11},{"damage":8,"enemies":"Shell Parasite","floor":18,"turns":5},{"damage":0,"enemies":"Chosen","floor":23,"turns":4},{"damage":29,"enemies":"Slaver and Parasite","floor":24,"turns":6},{"damage":11,"enemies":"Centurion and Healer","floor":27,"turns":7},{"damage":28,"enemies":"Chosen and Byrds","floor":28,"turns":5},{"damage":11,"enemies":"3 Cultists","floor":31,"turns":5},{"damage":33,"enemies":"Collector","floor":33,"turns":5}],"seed_played":"-4304372316162940451","potions_obtained":[{"floor":1,"key":"Fire Potion"},{"floor":4,"key":"FearPotion"},{"floor":13,"key":"PowerPotion"},{"floor":18,"key":"Energy Potion"},{"floor":27,"key":"SkillPotion"}],"is_trial":false,"path_per_floor":["M","?","M","M","$","R","M","R","T","M","R","E","M","?","R","B",null,"M","$","?","?","?","M","M","R","T","M","M","$","$","M","R"],"character_chosen":"DEFECT","items_purchased":["Redo","Doom and Gloom","Capacitor","Steam","Sweeping Beam","Defragment","Beam Cell"],"campfire_rested":3,"item_purchase_floors":[5,5,5,5,19,19,29],"current_hp_per_floor":[72,72,71,70,70,70,68,68,68,68,68,58,54,54,75,32,75,67,67,67,67,67,67,38,60,60,49,21,21,21,10,32,0],"gold":30,"neow_bonus":"","is_prod":false,"is_daily":false,"chose_seed":false,"campfire_upgraded":3,"win_rate":0.0,"timestamp":1532733333,"path_taken":["M","?","M","?","$","R","M","R","T","M","R","E","M","?","R","BOSS","M","$","?","?","?","M","M","R","T","M","?","?","$","M","R","BOSS"],"build_version":"2018-07-26","purchased_purges":0,"victory":false,"max_hp_per_floor":[75,75,75,75,75,75,75,75,75,75,75,75,75,75,75,75,75,75,75,75,75,75,75,75,75,75,75,75,75,75,75,75,75],"card_choices":[{"not_picked":["Stack","Reinforced Body"],"picked":"Ball Lightning","floor":1},{"not_picked":["Hologram","Stack"],"picked":"Cold Snap","floor":3},{"not_picked":["Redo","Hologram"],"picked":"Steam","floor":4},{"not_picked":["Redo","Ball Lightning"],"picked":"Conserve Battery","floor":7},{"not_picked":["Ball Lightning","Loop"],"picked":"Gash","floor":10},{"not_picked":["Lockon","Coolheaded"],"picked":"FTL","floor":12},{"not_picked":["Rip and Tear","Conserve Battery"],"picked":"Steam","floor":13},{"not_picked":["Multi-Cast","Seek"],"picked":"Thunder Strike","floor":16},{"not_picked":["Redo","Blizzard"],"picked":"Beam Cell","floor":18},{"not_picked":["Hologram","Tempest+1"],"picked":"Leap","floor":23},{"not_picked":["Double Energy","Leap"],"picked":"Doom and Gloom","floor":24},{"not_picked":["Reprogram","Capacitor"],"picked":"Gash+1","floor":27},{"not_picked":["Steam","Aggregate"],"picked":"Leap","floor":28},{"not_picked":["FTL","Static Discharge"],"picked":"Compile Driver+1","floor":31}],"player_experience":11162,"relics_obtained":[{"floor":9,"key":"Orichalcum"},{"floor":12,"key":"Dodecahedron"},{"floor":26,"key":"Mercury Hourglass"}],"event_choices":[{"event_name":"Golden Shrine","player_choice":"Pray","floor":2,"damage_taken":0},{"event_name":"World of Goop","player_choice":"Left","floor":14,"damage_taken":0},{"event_name":"Ghosts","player_choice":"Ignored","floor":20,"damage_taken":0},{"event_name":"Masked Bandits","player_choice":"Paid Bandits 117 gold","floor":21,"damage_taken":0},{"event_name":"The Library","player_choice":"Read","floor":22,"damage_taken":0}],"is_beta":false,"boss_relics":[{"not_picked":["Runic Dome","Busted Crown"],"picked":"Black Star"}],"items_purged_floors":[],"is_endless":false,"potions_floor_spawned":[1,4,13,18,23,27],"killed_by":"Collector","ascension_level":0}