{"gold_per_floor":[114,114,114,137,137,170,182,194,206,237,270,301,393,421,433,568,580,606,641,667,702,714,764,776,828,917,943,999,785,785,804,804,804],"floor_reached":33,"playtime":2028,"items_purged":["Defend_R"],"score":334,"play_id":"afba2853-2a45-4b2c-b0ae-9400e6e510b5","local_time":"20190316160807","is_ascension_mode":false,"campfire_choices":[{"data":"Clothesline","floor":8,"key":"SMITH"},{"data":"Flame Barrier","floor":15,"key":"SMITH"},{"floor":30,"key":"REST"},{"floor":32,"key":"REST"}],"neow_cost":"NONE","seed_source_timestamp":58775339661137,"circlet_count":0,"master_deck":["Strike_R","Strike_R","Strike_R","Strike_R","Defend_R","Defend_R+1","Bash+1","Disarm","Clothesline+1","Flame Barrier+1","Flame Barrier","Cleave","Offering","Body Slam","Shrug It Off","Headbutt","Combust","Twin Strike","Rupture","Disarm","Shrug It Off"],"relics":["Burning Blood","Bag of Preparation","Singing Bowl","Golden Idol","MawBank","Kunai","Red Skull","Pantograph","Philosopher\u0027s Stone","Mercury Hourglass","PreservedInsect","Bottled Flame","Juzu Bracelet","Oddly Smooth Stone"],"potions_floor_usage":[6,12,23,23],"damage_taken":[{"damage":6,"enemies":"Cultist","floor":1,"turns":3},{"damage":5,"enemies":"Small Slimes","floor":4,"turns":3},{"damage":28,"enemies":"Lagavulin","floor":6,"turns":8},{"damage":3,"enemies":"Jaw Worm","floor":10,"turns":2},{"damage":3,"enemies":"Looter","floor":11,"turns":3},{"damage":0,"enemies":"Large Slime","floor":12,"turns":8},{"damage":5,"enemies":"Exordium Wildlife","floor":14,"turns":8},{"damage":24,"enemies":"The Guardian","floor":16,"turns":13},{"damage":0,"enemies":"3 Byrds","floor":18,"turns":3},{"damage":19,"enemies":"Spheric Guardian","floor":19,"turns":4},{"damage":0,"enemies":"Snecko","floor":20,"turns":6},{"damage":32,"enemies":"Cultist and Chosen","floor":21,"turns":6},{"damage":15,"enemies":"Book of Stabbing","floor":23,"turns":8},{"damage":44,"enemies":"Slavers","floor":25,"turns":5},{"damage":13,"enemies":"Sentry and Sphere","floor":27,"turns":4},{"damage":0,"enemies":"Gremlin Leader","floor":28,"turns":5},{"damage":9,"enemies":"Snake Plant","floor":31,"turns":4},{"damage":96,"enemies":"Champ","floor":33,"turns":14}],"seed_played":"-5729291453376040403","potions_obtained":[{"floor":1,"key":"Ancient Potion"},{"floor":4,"key":"Energy Potion"},{"floor":6,"key":"AttackPotion"},{"floor":14,"key":"BloodPotion"},{"floor":16,"key":"Energy Potion"},{"floor":19,"key":"BloodPotion"},{"floor":31,"key":"Dexterity Potion"}],"is_trial":false,"path_per_floor":["T","?","?","?","M","T","?","?"],"character_chosen":"IRONCLAD","items_purchased":["Oddly Smooth Stone"],"campfire_rested":2,"item_purchase_floors":[29],"current_hp_per_floor":[80,80,74,74,59,37,37,37,37,40,45,51,51,52,52,58,76,76,63,71,47,47,54,54,18,18,11,17,17,41,40,65,0],"gold":804,"neow_bonus":"RANDOM_COMMON_RELIC","is_prod":false,"is_daily":false,"chose_seed":false,"campfire_upgraded":2,"win_rate":0,"timestamp":1552766887,"path_taken":["M","?","?","M","?","E","?","R","T","M","?","M","?","M","R","BOSS","M","M","M","M","?","E","?","E","T","M","E","$","R","M","R","BOSS"],"build_version":"2019-01-23","purchased_purges":1,"victory":false,"max_hp_per_floor":[80,80,74,74,74,74,74,74,74,74,76,76,76,76,76,76,76,76,76,78,80,80,80,80,82,82,82,82,82,82,84,84,84],"card_choices":[{"not_picked":["Rage","Headbutt"],"picked":"Clothesline","floor":1},{"not_picked":["Flex","Headbutt"],"picked":"Disarm","floor":4},{"not_picked":["Inflame","Wild Strike"],"picked":"Clothesline","floor":6},{"not_picked":["Anger","Feel No Pain"],"picked":"Flame Barrier","floor":10},{"not_picked":["Corruption","Heavy Blade","Flex"],"picked":"Singing Bowl","floor":11},{"not_picked":["Clash","Searing Blow"],"picked":"Flame Barrier","floor":12},{"not_picked":["True Grit","Body Slam"],"picked":"Cleave","floor":14},{"not_picked":["Impervious","Berserk"],"picked":"Offering","floor":16},{"not_picked":["Thunderclap","Twin Strike"],"picked":"Body Slam","floor":18},{"not_picked":["Twin Strike","Perfected Strike"],"picked":"Shrug It Off","floor":19},{"not_picked":["Intimidate","Warcry","Seeing Red+1"],"picked":"Singing Bowl","floor":20},{"not_picked":["Battle Trance","Anger","Pommel Strike"],"picked":"Singing Bowl","floor":21},{"not_picked":["Twin Strike","Fire Breathing"],"picked":"Combust","floor":23},{"not_picked":["Warcry","Flex","Sever Soul+1"],"picked":"Singing Bowl","floor":25},{"not_picked":["Warcry","Perfected Strike"],"picked":"Disarm","floor":27},{"not_picked":["Double Tap","Iron Wave"],"picked":"Shrug It Off","floor":28},{"not_picked":["Iron Wave","Hemokinesis+1","Sword Boomerang"],"picked":"Singing Bowl","floor":31}],"player_experience":689018,"relics_obtained":[{"floor":2,"key":"Singing Bowl"},{"floor":6,"key":"MawBank"},{"floor":9,"key":"Red Skull"},{"floor":13,"key":"Pantograph"},{"floor":23,"key":"Mercury Hourglass"},{"floor":25,"key":"PreservedInsect"},{"floor":26,"key":"Bottled Flame"},{"floor":28,"key":"Juzu Bracelet"}],"event_choices":[{"damage_healed":0,"gold_gain":0,"player_choice":"Lose Max HP","damage_taken":0,"relics_obtained":["Golden Idol"],"max_hp_gain":0,"max_hp_loss":6,"event_name":"Golden Idol","floor":3,"gold_loss":0},{"damage_healed":0,"gold_gain":0,"player_choice":"Entered Light","damage_taken":15,"max_hp_gain":0,"max_hp_loss":0,"event_name":"Shining Light","floor":5,"gold_loss":0,"cards_upgraded":["Bash","Defend_R"]},{"cards_removed":["Clothesline"],"damage_healed":0,"gold_gain":0,"player_choice":"Gave Card","damage_taken":0,"relics_obtained":["Kunai"],"max_hp_gain":0,"max_hp_loss":0,"event_name":"WeMeetAgain","floor":7,"gold_loss":0},{"damage_healed":0,"gold_gain":0,"player_choice":"Read","damage_taken":0,"max_hp_gain":0,"max_hp_loss":0,"event_name":"The Library","floor":22,"gold_loss":0,"cards_obtained":["Headbutt"]},{"damage_healed":0,"gold_gain":0,"cards_transformed":["Defend_R","Strike_R"],"player_choice":"Became Test Subject","damage_taken":0,"max_hp_gain":0,"max_hp_loss":0,"event_name":"Drug Dealer","floor":24,"gold_loss":0,"cards_obtained":["Twin Strike","Rupture"]}],"is_beta":false,"boss_relics":[{"not_picked":["White Beast Statue","Orrery"],"picked":"Philosopher\u0027s Stone"}],"items_purged_floors":[29],"is_endless":false,"potions_floor_spawned":[1,4,6,14,16,18,19,31],"killed_by":"Champ","ascension_level":0}