{"gold_per_floor":[118,118,94,169,184,184,213,224,224,239,269,41,67,95,95,199,199,219,244,244,62,62,97,114,114,114,14,14,39,49,2,2,102,102,117,134,134],"floor_reached":37,"playtime":1204,"items_purged":[],"score":594,"play_id":"41d6df6c-fc81-4b19-9919-6184369ea891","local_time":"20181028153156","is_ascension_mode":true,"campfire_choices":[{"data":"Body Slam","floor":6,"key":"SMITH"},{"data":"Seeing Red","floor":15,"key":"SMITH"},{"data":"Armaments","floor":25,"key":"SMITH"},{"floor":28,"key":"REST"},{"data":"Demon Form","floor":32,"key":"SMITH"}],"neow_cost":"NONE","seed_source_timestamp":1546808772030088,"circlet_count":0,"master_deck":["Strike_R+1","Strike_R","Strike_R","Strike_R","Strike_R","Defend_R","Defend_R","Defend_R","Defend_R","Bash","Perfected Strike+1","Body Slam+1","Pommel Strike","Cleave+1","Twin Strike","Inflame","Shrug It Off","Impervious+1","Seeing Red+1","Heavy Blade","Demon Form+1","Ghostly Armor+1","Twin Strike+1","Writhe","Armaments+1","Havoc+1","Iron Wave","Shrug It Off+1","Flex+1","Armaments+1","Exhume+1","Pommel Strike","Havoc+1","Limit Break+1","Doubt","Shrug It Off+1","Body Slam"],"relics":["Burning Blood","NeowsBlessing","Mercury Hourglass","Ornamental Fan","Odd Mushroom","Art of War","Dream Catcher","White Beast Statue","Red Mask","Omamori","Oddly Smooth Stone","Whetstone","Toxic Egg 2","War Paint","Calling Bell","Anchor","Blue Candle","Shovel"],"potions_floor_usage":[11,14,16,19,19,23,29,30,33,33,35,36,37],"damage_taken":[{"damage":0,"enemies":"Jaw Worm","floor":1,"turns":1},{"damage":0,"enemies":"Cultist","floor":5,"turns":1},{"damage":0,"enemies":"Gremlin Nob","floor":7,"turns":1},{"damage":0,"enemies":"2 Louse","floor":8,"turns":2},{"damage":2,"enemies":"Looter","floor":10,"turns":2},{"damage":18,"enemies":"The Mushroom Lair","floor":11,"turns":2},{"damage":16,"enemies":"Lagavulin","floor":14,"turns":5},{"damage":38,"enemies":"The Guardian","floor":16,"turns":10},{"damage":0,"enemies":"Shell Parasite","floor":18,"turns":3},{"damage":8,"enemies":"Masked Bandits","floor":19,"turns":4},{"damage":47,"enemies":"Slavers","floor":23,"turns":6},{"damage":0,"enemies":"Spheric Guardian","floor":24,"turns":4},{"damage":14,"enemies":"Gremlin Leader","floor":29,"turns":7},{"damage":10,"enemies":"Cultist and Chosen","floor":30,"turns":5},{"damage":56,"enemies":"Collector","floor":33,"turns":10},{"damage":41,"enemies":"3 Darklings","floor":35,"turns":6},{"damage":8,"enemies":"Orb Walker","floor":36,"turns":3},{"damage":43,"enemies":"Writhing Mass","floor":37,"turns":6}],"seed_played":"-8263042850412101985","potions_obtained":[{"floor":1,"key":"LiquidBronze"},{"floor":8,"key":"SkillPotion"},{"floor":11,"key":"Ancient Potion"},{"floor":14,"key":"Regen Potion"},{"floor":18,"key":"Strength Potion"},{"floor":19,"key":"Regen Potion"},{"floor":23,"key":"Swift Potion"},{"floor":24,"key":"Weak Potion"},{"floor":29,"key":"SneckoOil"},{"floor":30,"key":"SpeedPotion"},{"floor":33,"key":"PowerPotion"},{"floor":35,"key":"Swift Potion"},{"floor":36,"key":"Energy Potion"}],"is_trial":false,"path_per_floor":["M","?","$","?","M","R","E","M","T","M","?","$","T","E","R","B",null,"M","?","?","$","?","E","M","R","T","$","R","E","M","$","R","B",null,"M","M"],"character_chosen":"IRONCLAD","items_purchased":["Body Slam","Impervious","Seeing Red","Armaments","Oddly Smooth Stone","Shrug It Off+1","Flex+1","Havoc+1"],"campfire_rested":1,"item_purchase_floors":[3,12,12,21,21,27,27,31],"current_hp_per_floor":[78,78,78,67,73,73,79,80,80,80,68,68,68,58,58,41,70,76,74,74,74,74,47,53,53,53,53,77,69,65,65,65,15,64,29,27,0],"gold":134,"neow_bonus":"THREE_ENEMY_KILL","is_prod":false,"is_daily":false,"chose_seed":false,"campfire_upgraded":4,"win_rate":0,"timestamp":1540762316,"path_taken":["M","?","?","?","?","R","E","M","T","M","?","$","?","E","R","BOSS","M","?","?","$","?","E","?","R","T","$","R","E","M","?","R","BOSS","M","M","M"],"build_version":"2018-10-25v2","purchased_purges":0,"victory":false,"max_hp_per_floor":[80,80,80,80,80,80,80,80,80,80,80,80,80,80,80,80,80,80,80,80,80,80,80,80,80,80,80,80,80,80,80,80,80,80,80,80,80],"card_choices":[{"not_picked":["Clash","Corruption"],"picked":"Perfected Strike","floor":1},{"not_picked":["Havoc","Headbutt"],"picked":"Pommel Strike","floor":5},{"not_picked":["Corruption","Sword Boomerang"],"picked":"Cleave","floor":7},{"not_picked":["Flex","Fire Breathing"],"picked":"Twin Strike","floor":8},{"not_picked":["Clothesline","Warcry"],"picked":"Inflame","floor":10},{"not_picked":["Havoc","Clash"],"picked":"Shrug It Off","floor":11},{"not_picked":["Clothesline","Thunderclap"],"picked":"Heavy Blade","floor":14},{"not_picked":["Dark Embrace","Berserk"],"picked":"Demon Form","floor":16},{"not_picked":["Bloodletting","Iron Wave"],"picked":"Ghostly Armor","floor":18},{"not_picked":["Flex","Flame Barrier"],"picked":"Twin Strike+1","floor":19},{"not_picked":["Demon Form","Anger"],"picked":"Havoc+1","floor":23},{"not_picked":["Clash","Sentinel"],"picked":"Iron Wave","floor":24},{"not_picked":["Heavy Blade+1","Sword Boomerang"],"picked":"Armaments+1","floor":28},{"not_picked":["Shockwave+1","Iron Wave"],"picked":"Exhume+1","floor":29},{"not_picked":["Thunderclap","Disarm+1"],"picked":"Pommel Strike","floor":30},{"not_picked":["Bludgeon","Fiend Fire"],"picked":"Limit Break+1","floor":33},{"not_picked":["Dual Wield+1","Inflame"],"picked":"Shrug It Off+1","floor":35},{"not_picked":["Anger+1","Shrug It Off+1"],"picked":"Body Slam","floor":36}],"player_experience":939188,"relics_obtained":[{"floor":7,"key":"Mercury Hourglass"},{"floor":9,"key":"Ornamental Fan"},{"floor":11,"key":"Odd Mushroom"},{"floor":13,"key":"Art of War"},{"floor":14,"key":"Dream Catcher"},{"floor":19,"key":"Red Mask"},{"floor":23,"key":"Whetstone"},{"floor":26,"key":"Toxic Egg 2"},{"floor":29,"key":"War Paint"},{"floor":34,"key":"Anchor"},{"floor":34,"key":"Blue Candle"},{"floor":34,"key":"Shovel"}],"event_choices":[{"damage_healed":0,"gold_gain":0,"player_choice":"Upgraded","damage_taken":0,"max_hp_gain":0,"max_hp_loss":0,"event_name":"Upgrade Shrine","floor":2,"gold_loss":0,"cards_upgraded":["Perfected Strike"]},{"damage_healed":0,"gold_gain":75,"player_choice":"Gather Gold","damage_taken":11,"max_hp_gain":0,"max_hp_loss":0,"event_name":"World of Goop","floor":4,"gold_loss":0},{"damage_healed":0,"gold_gain":0,"player_choice":"Fought Mushrooms","damage_taken":0,"max_hp_gain":0,"max_hp_loss":0,"event_name":"Mushrooms","floor":11,"gold_loss":0},{"damage_healed":0,"gold_gain":0,"player_choice":"Fought Bandits","damage_taken":0,"max_hp_gain":0,"max_hp_loss":0,"event_name":"Masked Bandits","floor":19,"gold_loss":0},{"damage_healed":0,"gold_gain":0,"player_choice":"Opened","damage_taken":0,"relics_obtained":["Omamori"],"max_hp_gain":0,"max_hp_loss":0,"event_name":"The Mausoleum","floor":20,"gold_loss":0,"cards_obtained":["Writhe"]},{"damage_healed":0,"gold_gain":0,"player_choice":"Ignored","damage_taken":0,"max_hp_gain":0,"max_hp_loss":0,"event_name":"Ghosts","floor":22,"gold_loss":0}],"is_beta":false,"boss_relics":[{"not_picked":["Empty Cage","Runic Dome"],"picked":"White Beast Statue"},{"not_picked":["Tiny House","Busted Crown"],"picked":"Calling Bell"}],"items_purged_floors":[],"is_endless":false,"potions_floor_spawned":[1,8,11,14,18,19,23,24,29,30,33,35,36],"killed_by":"Writhing Mass","ascension_level":6}