{"gold_per_floor":[109,9,84,103,118,118,129,148,148,162,194,211,225,15,15,113,143,161,92,105,105,28,58,74,88,88,88,38,52,62,23,23,125,125,137,147,11,31,42,69,69,0,26,44,44,72,72,90,90,90],"floor_reached":51,"playtime":3701,"items_purged":["Regret","Strike_R"],"score":810,"play_id":"f024cfc1-33ea-4340-8f74-9a19625fe32a","local_time":"20180717140114","is_ascension_mode":false,"campfire_choices":[{"data":"Hemokinesis","floor":6.0,"key":"SMITH"},{"data":"Exhume","floor":15.0,"key":"SMITH"},{"floor":27.0,"key":"REST"},{"data":"Infernal Blade","floor":32.0,"key":"SMITH"},{"data":"Exhume","floor":41,"key":"SMITH"},{"floor":45,"key":"REST"},{"data":"Armaments","floor":47,"key":"SMITH"},{"floor":49,"key":"REST"}],"neow_cost":"CURSE","seed_source_timestamp":0,"circlet_count":0,"master_deck":["Strike_R","Strike_R","Defend_R","Defend_R","Bash","Intimidate","Hemokinesis","Seeing Red","Wild Strike+1","Hemokinesis+1","Hemokinesis","Uppercut","Flex","Exhume+1","Blood for Blood","Armaments+1","Offering","Exhume+1","Wild Strike","Evolve","Warcry+1","J.A.X.","True Grit+1","Havoc+1","Battle Trance","Spot Weakness","Impervious","Infernal Blade+1","Reaper","Shrug It Off","Infernal Blade+1","Flame Barrier","Warcry+1","Armaments+1","Armaments+1","Burning Pact","Havoc+1"],"special_seed":0,"relics":["Burning Blood","Meat on the Bone","Regal Pillow","Tiny House","Pear","Incense Burner","Empty Cage","Anchor","Red Mask","Vajra","Potion Belt"],"potions_floor_usage":[39,40,50],"damage_taken":[{"damage":4.0,"enemies":"2 Louse","floor":1.0,"turns":3.0},{"damage":4.0,"enemies":"Cultist","floor":4.0,"turns":3.0},{"damage":5.0,"enemies":"Small Slimes","floor":5.0,"turns":2.0},{"damage":13.0,"enemies":"Red Slaver","floor":7.0,"turns":2.0},{"damage":18.0,"enemies":"Gremlin Gang","floor":8.0,"turns":3.0},{"damage":2.0,"enemies":"Exordium Thugs","floor":10.0,"turns":3.0},{"damage":24.0,"enemies":"3 Sentries","floor":11.0,"turns":5.0},{"damage":15.0,"enemies":"Looter","floor":12.0,"turns":3.0},{"damage":6.0,"enemies":"Large Slime","floor":13.0,"turns":2.0},{"damage":17.0,"enemies":"Slime Boss","floor":16.0,"turns":4.0},{"damage":10.0,"enemies":"Spheric Guardian","floor":18.0,"turns":2.0},{"damage":24.0,"enemies":"2 Thieves","floor":20.0,"turns":4.0},{"damage":53.0,"enemies":"Slavers","floor":23.0,"turns":4.0},{"damage":19.0,"enemies":"Sentry and Sphere","floor":24.0,"turns":3.0},{"damage":29.0,"enemies":"Snake Plant","floor":25.0,"turns":3.0},{"damage":16.0,"enemies":"3 Cultists","floor":29.0,"turns":3.0},{"damage":13.0,"enemies":"Centurion and Healer","floor":30.0,"turns":6.0},{"damage":51.0,"enemies":"Automaton","floor":33.0,"turns":7.0},{"damage":71,"enemies":"3 Darklings","floor":35,"turns":6},{"damage":11,"enemies":"Orb Walker","floor":36,"turns":4},{"damage":21,"enemies":"Flame Bruiser 2 Orb","floor":38,"turns":4},{"damage":52,"enemies":"Sphere and 2 Shapes","floor":39,"turns":6},{"damage":43,"enemies":"2 Orb Walkers","floor":40,"turns":5},{"damage":39,"enemies":"Transient","floor":44,"turns":5},{"damage":16,"enemies":"Nemesis","floor":46,"turns":5},{"damage":80,"enemies":"Flame Bruiser 2 Orb","floor":48,"turns":8},{"damage":119,"enemies":"Donu and Deca","floor":50,"turns":13}],"seed_played":"3955082684253391414","potions_obtained":[{"floor":1.0,"key":"SteroidPotion"},{"floor":8.0,"key":"Strength Potion"},{"floor":10.0,"key":"GamblersBrew"},{"floor":12.0,"key":"SkillPotion"},{"floor":16.0,"key":"Energy Potion"},{"floor":20.0,"key":"SteroidPotion"},{"floor":25.0,"key":"Swift Potion"},{"floor":29.0,"key":"PowerPotion"},{"floor":35,"key":"Swift Potion"},{"floor":36,"key":"Energy Potion"},{"floor":46,"key":"Strength Potion"},{"floor":48,"key":"SpeedPotion"}],"is_trial":false,"path_per_floor":["M","$","?","M","M","R","M","M","T","M","E","M","M","$","R","B",null,"M","$","M","?","?","E","M","M","T","R","?","M","M","$","R","B",null,"M","M","$","M","M","E","R","?","T","M","R","E","R","M","R","B"],"character_chosen":"IRONCLAD","items_purchased":["Wild Strike","Offering","Swift Potion","Evolve","Infernal Blade","Flame Barrier"],"campfire_rested":3,"item_purchase_floors":[2,14,14,19,31,37],"current_hp_per_floor":[80,80,72,74,75,75,68,56,56,60,54,57,57,57,57,58,85,81,81,63,63,63,38,37,26,26,69,69,59,64,64,64,31,95,77,81,81,66,44,37,37,37,37,29,72,78,78,42,85,19],"gold":90,"neow_bonus":"TRANSFORM_TWO_CARDS","is_prod":false,"is_daily":false,"chose_seed":false,"campfire_upgraded":5,"win_rate":0,"timestamp":1531850474,"path_taken":["M","$","?","M","M","R","M","M","T","M","E","M","M","$","R","BOSS","M","?","?","?","?","E","M","?","T","R","?","M","M","$","R","BOSS","M","M","$","M","M","E","R","?","T","M","R","E","R","M","R","BOSS"],"build_version":"2018-07-16","purchased_purges":2,"victory":true,"max_hp_per_floor":[80,80,80,80,80,80,80,80,80,80,80,80,80,80,80,80,85,85,85,85,85,85,95,95,95,95,95,95,95,95,95,95,95,95,95,95,95,95,95,95,95,95,95,95,95,95,95,95,95,95],"card_choices":[{"not_picked":["Armaments","Pommel Strike"],"picked":"Seeing Red","floor":1.0},{"not_picked":["Anger","Sword Boomerang","Dual Wield"],"picked":"SKIP","floor":4.0},{"not_picked":["Disarm","Shrug It Off"],"picked":"Hemokinesis","floor":5.0},{"not_picked":["Armaments","Warcry"],"picked":"Hemokinesis","floor":7.0},{"not_picked":["True Grit","Havoc"],"picked":"Uppercut","floor":8.0},{"not_picked":["Anger","Dropkick"],"picked":"Flex","floor":10.0},{"not_picked":["Sword Boomerang","Flex"],"picked":"Exhume","floor":11.0},{"not_picked":["Pommel Strike","Headbutt"],"picked":"Blood for Blood","floor":12.0},{"not_picked":["Battle Trance","Iron Wave"],"picked":"Armaments","floor":13.0},{"not_picked":["Double Tap","Bludgeon"],"picked":"Exhume","floor":16.0},{"not_picked":["Second Wind","Armaments"],"picked":"Wild Strike","floor":17.0},{"not_picked":["Thunderclap+1","Entrench","Fire Breathing"],"picked":"SKIP","floor":18.0},{"not_picked":["Body Slam","Sword Boomerang"],"picked":"Warcry+1","floor":20.0},{"not_picked":["Pommel Strike","Burning Pact"],"picked":"True Grit+1","floor":23.0},{"not_picked":["Sword Boomerang","Ghostly Armor"],"picked":"Havoc+1","floor":24.0},{"not_picked":["Thunderclap+1","Bloodletting+1"],"picked":"Battle Trance","floor":25.0},{"not_picked":["Second Wind+1","Battle Trance"],"picked":"Spot Weakness","floor":29.0},{"not_picked":["Second Wind","Twin Strike"],"picked":"Impervious","floor":30.0},{"not_picked":["Fiend Fire","Impervious"],"picked":"Reaper","floor":33.0},{"not_picked":["Combust","Bloodletting+1"],"picked":"Shrug It Off","floor":35},{"not_picked":["Warcry","Pommel Strike"],"picked":"Infernal Blade+1","floor":36},{"not_picked":["Second Wind+1","Fiend Fire"],"picked":"Warcry+1","floor":38},{"not_picked":["Perfected Strike+1","Headbutt+1"],"picked":"Armaments+1","floor":39},{"not_picked":["Heavy Blade+1","Spot Weakness+1","Body Slam+1"],"picked":"SKIP","floor":40},{"not_picked":["Wild Strike","Havoc"],"picked":"Armaments+1","floor":44},{"not_picked":["Brutality","Wild Strike+1"],"picked":"Burning Pact","floor":46},{"not_picked":["Wild Strike","Fire Breathing"],"picked":"Havoc+1","floor":48}],"player_experience":112969,"relics_obtained":[{"floor":9.0,"key":"Meat on the Bone"},{"floor":11.0,"key":"Regal Pillow"},{"floor":23.0,"key":"Pear"},{"floor":26.0,"key":"Incense Burner"},{"floor":40,"key":"Anchor"},{"floor":43,"key":"Vajra"},{"floor":46,"key":"Potion Belt"}],"event_choices":[{"event_name":"FaceTrader","player_choice":"Touch","floor":3.0,"damage_taken":0.0},{"event_name":"Ghosts","player_choice":"Ignored","floor":21.0,"damage_taken":0.0},{"event_name":"Drug Dealer","player_choice":"Got JAXXED","floor":22.0,"damage_taken":0.0},{"event_name":"The Joust","player_choice":"Bet on Owner","floor":28.0,"damage_taken":0.0},{"event_name":"Tomb of Lord Red Mask","player_choice":"Paid","floor":42,"damage_taken":0}],"boss_relics":[{"not_picked":["Eternal Feather","Lizard Tail"],"picked":"Tiny House"},{"not_picked":["Philosopher\u0027s Stone","Runic Pyramid"],"picked":"Empty Cage"}],"items_purged_floors":[2,37],"is_endless":false,"potions_floor_spawned":[1,8,10,12,16,20,25,29,35,36,46,48],"ascension_level":0}