{"gold_per_floor":[112,125,1,1,1,1,76,76,103,103,123,123,133,144,144,144],"floor_reached":16,"playtime":1302,"items_purged":["Strike_R"],"score":106,"play_id":"d3e34ce8-284f-4a0a-8c81-3be64cd9b482","local_time":"20190407134750","is_ascension_mode":true,"campfire_choices":[{"data":"Bash","floor":6,"key":"SMITH"},{"floor":10,"key":"RECALL"},{"data":"Searing Blow","floor":12,"key":"SMITH"},{"data":"Searing Blow+1","floor":15,"key":"SMITH"}],"neow_cost":"NONE","seed_source_timestamp":699593003710100,"circlet_count":0,"master_deck":["Strike_R","Strike_R","Strike_R","Defend_R","Defend_R","Defend_R","Defend_R","Bash+1","Offering","Headbutt","Forethought","Searing Blow+2"],"relics":["Burning Blood"],"potions_floor_usage":[1,2,5,11,13,16],"damage_taken":[{"damage":0,"enemies":"Cultist","floor":1,"turns":4},{"damage":12,"enemies":"Jaw Worm","floor":2,"turns":5},{"damage":0,"enemies":"2 Louse","floor":5,"turns":1},{"damage":18,"enemies":"Gremlin Gang","floor":11,"turns":5},{"damage":9,"enemies":"2 Fungi Beasts","floor":13,"turns":2},{"damage":20,"enemies":"Exordium Thugs","floor":14,"turns":6},{"damage":41,"enemies":"Slime Boss","floor":16,"turns":10}],"seed_played":"909748695569257221","potions_obtained":[{"floor":0,"key":"Ancient Potion"},{"floor":0,"key":"PowerPotion"},{"floor":0,"key":"SmokeBomb"},{"floor":1,"key":"PowerPotion"},{"floor":11,"key":"Energy Potion"},{"floor":14,"key":"BloodPotion"}],"is_trial":false,"path_per_floor":["M","M","$","?","M","R","?","?","T","R","M","R","M","M","R","B"],"character_chosen":"IRONCLAD","items_purchased":["Headbutt"],"campfire_rested":0,"item_purchase_floors":[3],"current_hp_per_floor":[80,74,74,67,73,73,62,62,62,62,50,50,47,33,33,0],"gold":144,"neow_bonus":"THREE_SMALL_POTIONS","is_prod":false,"is_daily":false,"chose_seed":false,"campfire_upgraded":3,"win_rate":0,"timestamp":1554659270,"path_taken":["M","M","$","?","M","R","?","?","T","R","M","R","M","?","R","BOSS"],"build_version":"2019-01-23","purchased_purges":1,"victory":false,"max_hp_per_floor":[80,80,80,80,80,80,80,80,80,80,80,80,80,80,80,80],"card_choices":[{"not_picked":["Havoc","Heavy Blade","Power Through"],"picked":"SKIP","floor":1},{"not_picked":["Thunderclap","Infernal Blade"],"picked":"Offering","floor":2},{"not_picked":["Warcry","Whirlwind"],"picked":"Searing Blow","floor":11},{"not_picked":["Searing Blow","Sword Boomerang","Body Slam"],"picked":"SKIP","floor":13},{"not_picked":["Bloodletting","Entrench","Sword Boomerang"],"picked":"SKIP","floor":14}],"player_experience":218968,"relics_obtained":[],"event_choices":[{"cards_removed":["Strike_R"],"damage_healed":0,"gold_gain":0,"player_choice":"Card Removal","damage_taken":7,"max_hp_gain":0,"max_hp_loss":0,"event_name":"Golden Wing","floor":4,"gold_loss":0},{"damage_healed":0,"gold_gain":75,"player_choice":"Gather Gold","damage_taken":11,"max_hp_gain":0,"max_hp_loss":0,"event_name":"World of Goop","floor":7,"gold_loss":0},{"damage_healed":0,"gold_gain":0,"player_choice":"1 cards matched","damage_taken":0,"max_hp_gain":0,"max_hp_loss":0,"event_name":"Match and Keep!","floor":8,"gold_loss":0,"cards_obtained":["Forethought"]}],"is_beta":false,"boss_relics":[],"items_purged_floors":[3],"is_endless":false,"potions_floor_spawned":[1,5,11,14],"killed_by":"Slime Boss","ascension_level":3}