{"gold_per_floor":[111,5,5,68,118,151,166,191,268,286,317,317,346,396,396,396],"floor_reached":16,"playtime":734,"items_purged":[],"score":205,"play_id":"6ef72d57-225b-4d5e-9bd0-037d76cd4ae3","local_time":"20190403215510","is_ascension_mode":true,"campfire_choices":[{"data":"1","floor":12,"key":"LIFT"},{"floor":15,"key":"REST"}],"neow_cost":"NONE","seed_source_timestamp":1636089164569510,"circlet_count":0,"master_deck":["AscendersBane","Strike_B","Strike_B","Strike_B","Strike_B","Defend_B+1","Defend_B","Defend_B+1","Defend_B","Zap","Dualcast+1","Coolheaded","Loop+1","Lockon+1","Compile Driver","Echo Form","Cold Snap","Coolheaded","BootSequence","Static Discharge"],"relics":["Cracked Core","SsserpentHead","Girya","War Paint","Shuriken","Bronze Scales","Smiling Mask"],"potions_floor_usage":[1,11,13,16],"damage_taken":[{"damage":2,"enemies":"Jaw Worm","floor":1,"turns":3},{"damage":0,"enemies":"Cultist","floor":4,"turns":3},{"damage":16,"enemies":"Lagavulin","floor":6,"turns":7},{"damage":2,"enemies":"2 Louse","floor":7,"turns":2},{"damage":25,"enemies":"Gremlin Nob","floor":8,"turns":4},{"damage":0,"enemies":"Exordium Thugs","floor":10,"turns":4},{"damage":3,"enemies":"Lagavulin","floor":11,"turns":6},{"damage":18,"enemies":"3 Sentries","floor":13,"turns":6},{"damage":32,"enemies":"The Guardian","floor":16,"turns":8}],"seed_played":"-7239370719546596752","potions_obtained":[{"floor":0,"key":"Fruit Juice"},{"floor":0,"key":"Fire Potion"},{"floor":1,"key":"Regen Potion"},{"floor":13,"key":"EssenceOfSteel"}],"is_trial":false,"path_per_floor":["?","M","?","?"],"character_chosen":"DEFECT","items_purchased":["Loop","Lockon"],"campfire_rested":1,"item_purchase_floors":[2,2],"current_hp_per_floor":[71,71,71,71,55,39,37,12,12,12,24,24,6,6,30,0],"gold":396,"neow_bonus":"THREE_SMALL_POTIONS","is_prod":false,"is_daily":false,"chose_seed":false,"campfire_upgraded":0,"win_rate":0,"timestamp":1554342910,"path_taken":["M","$","?","?","?","E","M","E","T","M","E","R","E","?","R","BOSS"],"build_version":"2019-01-23","purchased_purges":0,"victory":false,"max_hp_per_floor":[80,80,80,80,80,80,80,80,80,80,80,80,80,80,80,80],"card_choices":[{"not_picked":["Barrage","Aggregate"],"picked":"Coolheaded","floor":1},{"not_picked":["Self Repair","Stack"],"picked":"Compile Driver","floor":4},{"not_picked":["Redo","Gash"],"picked":"Echo Form","floor":6},{"not_picked":["Compile Driver","Reprogram"],"picked":"Cold Snap","floor":7},{"not_picked":["Rebound","Turbo"],"picked":"Coolheaded","floor":8},{"not_picked":["Melter","Auto Shields"],"picked":"BootSequence","floor":10},{"not_picked":["Recycle","Beam Cell","Static Discharge"],"picked":"SKIP","floor":11},{"not_picked":["Recycle","Beam Cell"],"picked":"Static Discharge","floor":11},{"not_picked":["Tempest","Reprogram","Melter"],"picked":"SKIP","floor":13}],"player_experience":1445110,"relics_obtained":[{"floor":6,"key":"Girya"},{"floor":8,"key":"War Paint"},{"floor":9,"key":"Shuriken"},{"floor":11,"key":"Bronze Scales"},{"floor":13,"key":"Smiling Mask"}],"event_choices":[{"damage_healed":0,"gold_gain":0,"player_choice":"Trade","damage_taken":0,"relics_obtained":["SsserpentHead"],"max_hp_gain":0,"max_hp_loss":0,"event_name":"FaceTrader","floor":3,"gold_loss":0},{"damage_healed":0,"gold_gain":0,"player_choice":"Entered Light","damage_taken":16,"max_hp_gain":0,"max_hp_loss":0,"event_name":"Shining Light","floor":5,"gold_loss":0,"cards_upgraded":["Lockon","Defend_B"]},{"damage_healed":0,"gold_gain":0,"player_choice":"Upgraded","damage_taken":0,"max_hp_gain":0,"max_hp_loss":0,"event_name":"Upgrade Shrine","floor":14,"gold_loss":0,"cards_upgraded":["Loop"]}],"is_beta":false,"boss_relics":[],"items_purged_floors":[],"is_endless":false,"potions_floor_spawned":[1,6,7,13],"killed_by":"The Guardian","ascension_level":12}