{"gold_per_floor":[215,68,68,68,68,103,114,130,130,130,148,148,164,164,164,164],"floor_reached":16,"playtime":1680,"items_purged":["Strike_R"],"score":100,"play_id":"f2cf85fb-6c7b-46ba-ace1-f01d6631b26e","local_time":"20190401193724","is_ascension_mode":false,"campfire_choices":[{"data":"True Grit","floor":10,"key":"SMITH"},{"data":"Heavy Blade","floor":12,"key":"SMITH"},{"data":"Spot Weakness","floor":15,"key":"SMITH"}],"neow_cost":"NONE","seed_source_timestamp":201773676247200,"circlet_count":0,"master_deck":["Strike_R","Strike_R","Strike_R","Defend_R","Defend_R","Defend_R","Defend_R","Bash","Pommel Strike","True Grit+1","Headbutt","Heavy Blade+1","Spot Weakness+1"],"relics":["Burning Blood","Orichalcum","Paper Frog"],"potions_floor_usage":[6,6,6,16,16],"damage_taken":[{"damage":5,"enemies":"Cultist","floor":1,"turns":4},{"damage":44,"enemies":"3 Sentries","floor":6,"turns":12},{"damage":2,"enemies":"2 Louse","floor":7,"turns":3},{"damage":0,"enemies":"Small Slimes","floor":8,"turns":3},{"damage":12,"enemies":"3 Louse","floor":11,"turns":3},{"damage":0,"enemies":"2 Fungi Beasts","floor":13,"turns":5},{"damage":60,"enemies":"Slime Boss","floor":16,"turns":11}],"seed_played":"2491901101469297766","potions_obtained":[{"floor":5,"key":"Weak Potion"},{"floor":5,"key":"FearPotion"},{"floor":8,"key":"Poison Potion"},{"floor":13,"key":"Dexterity Potion"}],"is_trial":false,"path_per_floor":["M","$","?","$","?","E","M","M","T","R","M","R","M","?","R","B"],"character_chosen":"IRONCLAD","items_purchased":["True Grit","Dexterity Potion"],"campfire_rested":0,"item_purchase_floors":[2,2],"current_hp_per_floor":[80,80,85,85,85,47,51,57,57,57,51,51,57,57,57,0],"gold":164,"neow_bonus":"HUNDRED_GOLD","is_prod":false,"is_daily":false,"chose_seed":false,"campfire_upgraded":3,"win_rate":0.0,"timestamp":1554161844,"path_taken":["M","$","?","$","?","E","M","M","T","R","M","R","?","?","R","BOSS"],"build_version":"2019-01-23","purchased_purges":1,"victory":false,"max_hp_per_floor":[80,80,85,85,85,85,85,85,85,85,85,85,85,85,85,85],"card_choices":[{"not_picked":["True Grit","Anger"],"picked":"Pommel Strike","floor":1},{"not_picked":["Clash","Warcry","Bludgeon"],"picked":"SKIP","floor":6},{"not_picked":["Clothesline","Twin Strike"],"picked":"Headbutt","floor":7},{"not_picked":["Thunderclap","Rage"],"picked":"Heavy Blade","floor":8},{"not_picked":["Dropkick","Feed"],"picked":"Spot Weakness","floor":11},{"not_picked":["Perfected Strike","Warcry","Inflame"],"picked":"SKIP","floor":13}],"player_experience":84251,"relics_obtained":[{"floor":6,"key":"Orichalcum"},{"floor":9,"key":"Paper Frog"}],"event_choices":[{"damage_healed":0,"gold_gain":0,"player_choice":"Donut","damage_taken":0,"max_hp_gain":5,"max_hp_loss":0,"event_name":"Big Fish","floor":3,"gold_loss":0},{"damage_healed":0,"gold_gain":0,"player_choice":"Got Potions","damage_taken":0,"max_hp_gain":0,"max_hp_loss":0,"event_name":"Lab","floor":5,"gold_loss":0},{"cards_removed":["Strike_R"],"damage_healed":0,"gold_gain":0,"player_choice":"Forget","damage_taken":0,"max_hp_gain":0,"max_hp_loss":0,"event_name":"Living Wall","floor":14,"gold_loss":0}],"is_beta":false,"boss_relics":[],"items_purged_floors":[2],"is_endless":false,"potions_floor_spawned":[8,13],"killed_by":"Slime Boss","ascension_level":0}