{"gold_per_floor":[117,217,232,242,254,254,283,283,308,338,354,354,354,379,379,484,484,496,121,141,159,173,204,154,154],"floor_reached":25,"playtime":1600,"items_purged":["Strike_B"],"score":352,"play_id":"91a868d1-581b-46b2-9890-c1c0de9101a7","local_time":"20190326231903","is_ascension_mode":true,"campfire_choices":[{"data":"Sunder","floor":6,"key":"SMITH"},{"floor":13,"key":"REST"},{"floor":15,"key":"REST"}],"neow_cost":"NONE","seed_source_timestamp":949055460822905,"circlet_count":0,"master_deck":["Strike_B","Strike_B","Defend_B","Defend_B","Defend_B","Defend_B","Zap","Dualcast","Sunder+1","Auto Shields","Undo","FTL","Creative AI","Glacier","Leap","Echo Form","Leap","BootSequence","Coolheaded","Chill"],"relics":["Cracked Core","Dream Catcher","Omamori","Bag of Marbles","Cables","Sozu","Frozen Egg 2","Sundial"],"potions_floor_usage":[11,25,25],"damage_taken":[{"damage":0,"enemies":"2 Louse","floor":1,"turns":3},{"damage":0,"enemies":"Cultist","floor":3,"turns":3},{"damage":11,"enemies":"Small Slimes","floor":4,"turns":3},{"damage":8,"enemies":"Exordium Thugs","floor":5,"turns":3},{"damage":19,"enemies":"Lagavulin","floor":7,"turns":7},{"damage":20,"enemies":"3 Sentries","floor":10,"turns":9},{"damage":0,"enemies":"Lots of Slimes","floor":11,"turns":1},{"damage":10,"enemies":"Lagavulin","floor":14,"turns":5},{"damage":18,"enemies":"The Guardian","floor":16,"turns":18},{"damage":19,"enemies":"3 Byrds","floor":18,"turns":5},{"damage":0,"enemies":"Chosen","floor":20,"turns":6},{"damage":3,"enemies":"Snecko","floor":21,"turns":5},{"damage":18,"enemies":"Centurion and Healer","floor":22,"turns":7},{"damage":24,"enemies":"Slavers","floor":23,"turns":9},{"damage":16,"enemies":"Gremlin Leader","floor":25,"turns":8}],"seed_played":"2781967236363798651","potions_obtained":[{"floor":1,"key":"PowerPotion"},{"floor":5,"key":"Explosive Potion"},{"floor":11,"key":"SkillPotion"},{"floor":14,"key":"Ancient Potion"}],"is_trial":false,"path_per_floor":["?","M","?","?","?"],"character_chosen":"DEFECT","items_purchased":["Frozen Egg 2","BootSequence"],"campfire_rested":2,"item_purchase_floors":[19,19],"current_hp_per_floor":[75,75,75,64,56,56,37,30,30,10,10,10,34,24,48,30,69,50,50,50,47,29,5,5,0],"gold":154,"neow_bonus":"TEN_PERCENT_HP_BONUS","is_prod":false,"is_daily":false,"chose_seed":false,"campfire_upgraded":1,"win_rate":0,"timestamp":1553656743,"path_taken":["M","?","?","M","M","R","E","?","T","E","M","?","R","E","R","BOSS","M","$","M","M","M","E","?","E"],"build_version":"2019-01-23","purchased_purges":1,"victory":false,"max_hp_per_floor":[82,82,82,82,82,82,82,82,82,82,82,82,82,82,82,82,82,82,82,82,82,82,82,82,82],"card_choices":[{"not_picked":["Recycle","Coolheaded"],"picked":"Sunder","floor":1},{"not_picked":["Hologram","Sweeping Beam","Reprogram"],"picked":"SKIP","floor":3},{"not_picked":["Skim","Hologram"],"picked":"Auto Shields","floor":4},{"not_picked":["Recycle","Hologram"],"picked":"Undo","floor":5},{"not_picked":["Fusion","Darkness"],"picked":"FTL","floor":7},{"not_picked":["Leap","Blizzard"],"picked":"Creative AI","floor":10},{"not_picked":["Gash","Redo","Static Discharge"],"picked":"SKIP","floor":11},{"not_picked":["Scrape","Fusion"],"picked":"Glacier","floor":14},{"not_picked":["Chaos","Redo"],"picked":"Leap","floor":15},{"not_picked":["Electrodynamics","Biased Cognition"],"picked":"Echo Form","floor":16},{"not_picked":["Go for the Eyes","Steam"],"picked":"Leap","floor":18},{"not_picked":["Tempest","Hologram","Sweeping Beam+1"],"picked":"SKIP","floor":20},{"not_picked":["Ball Lightning","Leap"],"picked":"Coolheaded","floor":21},{"not_picked":["Barrage","Hello World+1","Thunder Strike"],"picked":"SKIP","floor":22},{"not_picked":["Stack","Steam"],"picked":"Chill","floor":23}],"player_experience":1046045,"relics_obtained":[{"floor":7,"key":"Dream Catcher"},{"floor":9,"key":"Omamori"},{"floor":10,"key":"Bag of Marbles"},{"floor":14,"key":"Cables"},{"floor":23,"key":"Sundial"}],"event_choices":[{"damage_healed":0,"gold_gain":100,"player_choice":"Pray","damage_taken":0,"max_hp_gain":0,"max_hp_loss":0,"event_name":"Golden Shrine","floor":2,"gold_loss":0},{"cards_removed":["Strike_B"],"damage_healed":0,"gold_gain":0,"player_choice":"Card Removal","damage_taken":7,"max_hp_gain":0,"max_hp_loss":0,"event_name":"Golden Wing","floor":8,"gold_loss":0},{"damage_healed":0,"gold_gain":0,"player_choice":"Cursed","damage_taken":0,"max_hp_gain":0,"max_hp_loss":0,"event_name":"Wheel of Change","floor":12,"gold_loss":0,"cards_obtained":["Decay"]},{"damage_healed":0,"gold_gain":0,"player_choice":"Bet on Murderer","damage_taken":0,"max_hp_gain":0,"max_hp_loss":0,"event_name":"The Joust","floor":24,"gold_loss":50}],"is_beta":false,"boss_relics":[{"not_picked":["Velvet Choker","Runic Dome"],"picked":"Sozu"}],"items_purged_floors":[19],"is_endless":false,"potions_floor_spawned":[1,5,11,14,16,20,22,23],"killed_by":"Gremlin Leader","ascension_level":9}