{"gold_per_floor":[119,119,130,130,130,157,157,177,177,177,177,188,220,233,233,336,336,346,38,38,54,54,54,73,73,73,73,88,103,116,133,133,235,235,246,264,282,282,302,327,327,343,366,439,451,463,181,199,199,199],"floor_reached":51,"playtime":1822,"items_purged":["Regret"],"score":771,"play_id":"c266c893-a633-432e-a1ca-4634a81377f9","local_time":"20181118123358","is_ascension_mode":false,"campfire_choices":[{"data":"Electrodynamics","floor":7,"key":"SMITH"},{"data":"Melter","floor":10,"key":"SMITH"},{"floor":15,"key":"REST"},{"data":"Rainbow","floor":23,"key":"SMITH"},{"data":"Capacitor","floor":25,"key":"SMITH"},{"floor":32,"key":"REST"},{"floor":41,"key":"REST"},{"floor":46,"key":"REST"},{"data":"Panache","floor":49,"key":"SMITH"}],"neow_cost":"NONE","seed_source_timestamp":411890024967948,"circlet_count":0,"master_deck":["Strike_B","Strike_B","Strike_B","Strike_B","Defend_B","Defend_B","Defend_B","Defend_B","Zap+1","Dualcast","Stack","FTL","Electrodynamics+1","Melter+1","Steam","Capacitor+1","Rainbow+1","FTL","FTL","Defragment+1","Consume","Shame","Hologram+1","Ball Lightning","Chaos","Auto Shields","Reboot","Leap+1","Parasite","Hologram+1","Conserve Battery+1","Glacier","Fusion+1","Decay","Panache+1","Conserve Battery"],"relics":["Cracked Core","NeowsBlessing","NlothsMask","Gremlin Horn","Lantern","Pear","Dodecahedron","Nuclear Battery","Cables","Enchiridion","Blue Candle","Thread and Needle","Cursed Key","Ginger","MawBank","Tiny Chest"],"potions_floor_usage":[16,28,33,33,37,37,44,48,48,50],"damage_taken":[{"damage":0,"enemies":"Jaw Worm","floor":1,"turns":1},{"damage":0,"enemies":"Cultist","floor":3,"turns":1},{"damage":0,"enemies":"3 Sentries","floor":6,"turns":1},{"damage":0,"enemies":"Small Slimes","floor":8,"turns":2},{"damage":0,"enemies":"3 Louse","floor":12,"turns":1},{"damage":16,"enemies":"Gremlin Nob","floor":13,"turns":3},{"damage":13,"enemies":"Exordium Thugs","floor":14,"turns":3},{"damage":49,"enemies":"The Guardian","floor":16,"turns":12},{"damage":15,"enemies":"2 Thieves","floor":18,"turns":3},{"damage":15,"enemies":"3 Byrds","floor":21,"turns":3},{"damage":0,"enemies":"Sentry and Sphere","floor":24,"turns":2},{"damage":2,"enemies":"Snecko","floor":28,"turns":3},{"damage":1,"enemies":"Cultist and Chosen","floor":29,"turns":4},{"damage":8,"enemies":"3 Cultists","floor":30,"turns":3},{"damage":13,"enemies":"Snecko","floor":31,"turns":3},{"damage":50,"enemies":"Champ","floor":33,"turns":11},{"damage":7,"enemies":"3 Shapes","floor":35,"turns":3},{"damage":1,"enemies":"3 Darklings","floor":36,"turns":2},{"damage":22,"enemies":"Writhing Mass","floor":37,"turns":5},{"damage":16,"enemies":"Sphere and 2 Shapes","floor":39,"turns":5},{"damage":3,"enemies":"Nemesis","floor":40,"turns":7},{"damage":0,"enemies":"3 Darklings","floor":42,"turns":2},{"damage":12,"enemies":"Reptomancer","floor":44,"turns":5},{"damage":0,"enemies":"Maw","floor":48,"turns":7},{"damage":59,"enemies":"Donu and Deca","floor":50,"turns":8}],"seed_played":"-3080967823630154669","potions_obtained":[{"floor":1,"key":"Poison Potion"},{"floor":3,"key":"Strength Potion"},{"floor":16,"key":"Poison Potion"},{"floor":24,"key":"Poison Potion"},{"floor":30,"key":"Ancient Potion"},{"floor":31,"key":"Energy Potion"},{"floor":33,"key":"Poison Potion"},{"floor":37,"key":"Block Potion"},{"floor":40,"key":"Swift Potion"},{"floor":44,"key":"Weak Potion"},{"floor":45,"key":"AttackPotion"}],"is_trial":false,"path_per_floor":["M","?","M","?","?","E","R","M","T","R","?","M","E","M","R","B",null,"M","$","?","M","?","R","M","R","T","?","M","M","M","M","R","B",null,"M","M","M","?","M","E","R","M","T","E","?","R","$","M","R","B",null],"character_chosen":"DEFECT","items_purchased":["Cables","FTL","Panache","Conserve Battery"],"campfire_rested":4,"item_purchase_floors":[19,19,47,47],"current_hp_per_floor":[75,75,75,75,75,75,75,75,75,75,85,85,69,56,81,32,85,70,70,54,39,67,67,67,67,67,67,65,64,56,43,68,18,85,78,77,55,55,39,36,61,61,61,49,49,74,74,74,74,15],"gold":199,"neow_bonus":"THREE_ENEMY_KILL","is_prod":false,"is_daily":false,"chose_seed":false,"campfire_upgraded":5,"win_rate":0,"timestamp":1542569638,"path_taken":["M","?","?","?","?","E","R","M","T","R","?","M","E","M","R","BOSS","M","$","?","M","?","R","M","R","T","?","M","?","M","M","R","BOSS","M","M","?","?","?","E","R","M","T","E","?","R","$","M","R","BOSS"],"build_version":"2018-11-15","purchased_purges":1,"victory":true,"max_hp_per_floor":[75,75,75,75,75,75,75,75,75,75,85,85,85,85,85,85,85,85,85,85,85,85,85,85,85,85,85,85,85,85,85,85,85,85,85,85,85,85,85,85,85,85,85,85,85,85,85,85,85,85],"card_choices":[{"not_picked":["Heatsinks","Undo"],"picked":"Stack","floor":1},{"not_picked":["Leap","Redo"],"picked":"FTL","floor":3},{"not_picked":["Turbo","Cold Snap"],"picked":"Electrodynamics","floor":6},{"not_picked":["Scrape","Turbo"],"picked":"Melter","floor":8},{"not_picked":["Self Repair","Beam Cell"],"picked":"Steam","floor":12},{"not_picked":["Hyperbeam","Hologram"],"picked":"Capacitor","floor":13},{"not_picked":["Steam","FTL","Undo"],"picked":"SKIP","floor":14},{"not_picked":["Buffer","Core Surge"],"picked":"Rainbow","floor":16},{"not_picked":["Sweeping Beam","Aggregate"],"picked":"FTL","floor":18},{"not_picked":["Gash","Loop"],"picked":"Defragment+1","floor":21},{"not_picked":["Gash","Reprogram"],"picked":"Consume","floor":24},{"not_picked":["Barrage","Fusion"],"picked":"Hologram+1","floor":28},{"not_picked":["Chill","Hologram"],"picked":"Ball Lightning","floor":29},{"not_picked":["Turbo","Hyperbeam"],"picked":"Chaos","floor":30},{"not_picked":["Cold Snap","Streamline"],"picked":"Auto Shields","floor":31},{"not_picked":["Machine Learning","Hyperbeam"],"picked":"Reboot","floor":33},{"not_picked":["Rebound+1","Fusion","Steam"],"picked":"SKIP","floor":35},{"not_picked":["Steam","Heatsinks"],"picked":"Leap+1","floor":36},{"not_picked":["Beam Cell+1","Rebound+1"],"picked":"Hologram+1","floor":37},{"not_picked":["Undo","Rebound"],"picked":"Conserve Battery+1","floor":39},{"not_picked":["Leap+1","Storm"],"picked":"Glacier","floor":40},{"not_picked":["Reprogram","Compile Driver"],"picked":"Fusion+1","floor":42},{"not_picked":["Streamline+1","Compile Driver","FTL"],"picked":"SKIP","floor":44},{"not_picked":["Doom and Gloom","Genetic Algorithm+1","Steam"],"picked":"SKIP","floor":48}],"player_experience":1083702,"relics_obtained":[{"floor":6,"key":"Lantern"},{"floor":13,"key":"Dodecahedron"},{"floor":20,"key":"Enchiridion"},{"floor":26,"key":"Blue Candle"},{"floor":40,"key":"Ginger"},{"floor":43,"key":"MawBank"},{"floor":44,"key":"Tiny Chest"}],"event_choices":[{"damage_healed":0,"gold_gain":0,"player_choice":"Trade","damage_taken":0,"relics_obtained":["NlothsMask"],"max_hp_gain":0,"max_hp_loss":0,"event_name":"FaceTrader","floor":2,"gold_loss":0},{"damage_healed":0,"gold_gain":0,"player_choice":"Grow","damage_taken":0,"max_hp_gain":0,"max_hp_loss":0,"event_name":"Living Wall","floor":4,"gold_loss":0,"cards_upgraded":["Zap"]},{"damage_healed":0,"gold_gain":0,"player_choice":"Box","damage_taken":0,"relics_obtained":["Gremlin Horn"],"max_hp_gain":0,"max_hp_loss":0,"event_name":"Big Fish","floor":5,"gold_loss":0,"cards_obtained":["Regret"]},{"damage_healed":0,"gold_gain":0,"player_choice":"Gave Potion","damage_taken":0,"relics_obtained":["Pear"],"max_hp_gain":0,"max_hp_loss":0,"event_name":"WeMeetAgain","floor":11,"gold_loss":0},{"damage_healed":0,"gold_gain":0,"player_choice":"Obtained Book","damage_taken":16,"max_hp_gain":0,"max_hp_loss":0,"event_name":"Cursed Tome","floor":20,"gold_loss":0},{"damage_healed":28,"gold_gain":0,"player_choice":"Heal","damage_taken":0,"max_hp_gain":0,"max_hp_loss":0,"event_name":"The Library","floor":22,"gold_loss":0},{"damage_healed":0,"gold_gain":0,"player_choice":"Stole Relic","damage_taken":0,"relics_obtained":["Thread and Needle"],"max_hp_gain":0,"max_hp_loss":0,"event_name":"Addict","floor":27,"gold_loss":0,"cards_obtained":["Shame"]},{"damage_healed":0,"gold_gain":0,"player_choice":"Ignored","damage_taken":0,"max_hp_gain":0,"max_hp_loss":0,"event_name":"SecretPortal","floor":38,"gold_loss":0},{"damage_healed":0,"gold_gain":0,"player_choice":"Got Potions","damage_taken":0,"max_hp_gain":0,"max_hp_loss":0,"event_name":"Lab","floor":45,"gold_loss":0}],"is_beta":false,"boss_relics":[{"not_picked":["Calling Bell","Tiny House"],"picked":"Nuclear Battery"},{"not_picked":["Fusion Hammer","Busted Crown"],"picked":"Cursed Key"}],"items_purged_floors":[47],"is_endless":false,"potions_floor_spawned":[1,3,16,24,30,31,33,37,40,44],"ascension_level":0}