{"gold_per_floor":[112,112,112,130,141,173,173,205,276,276,308,324,324],"floor_reached":13,"playtime":653,"items_purged":[],"score":124,"play_id":"207ae477-1e81-40d9-81e1-a4a55b9e3616","local_time":"20180925112723","is_ascension_mode":true,"campfire_choices":[{"floor":7,"key":"REST"},{"floor":10,"key":"REST"}],"neow_cost":"NONE","seed_source_timestamp":1014282267868503,"circlet_count":0,"master_deck":["Strike_R","Strike_R","Strike_R","Strike_R","Defend_R","Defend_R","Defend_R","Bash","Fire Breathing","Pain","Clash","Rampage","Barricade","True Grit","Anger","Disarm"],"relics":["Burning Blood","WarpedTongs","WingedGreaves","Bag of Preparation","Meat on the Bone","PreservedInsect"],"potions_floor_usage":[6,11],"damage_taken":[{"damage":4,"enemies":"Jaw Worm","floor":1,"turns":4},{"damage":9,"enemies":"2 Louse","floor":4,"turns":4},{"damage":6,"enemies":"Small Slimes","floor":5,"turns":3},{"damage":37,"enemies":"3 Sentries","floor":6,"turns":10},{"damage":33,"enemies":"Lagavulin","floor":8,"turns":7},{"damage":40,"enemies":"3 Sentries","floor":11,"turns":8},{"damage":3,"enemies":"3 Louse","floor":12,"turns":4},{"damage":53,"enemies":"Exordium Thugs","floor":13,"turns":7}],"seed_played":"-5628755868566554758","potions_obtained":[{"floor":5,"key":"Block Potion"},{"floor":8,"key":"AttackPotion"},{"floor":12,"key":"Ancient Potion"}],"is_trial":false,"path_per_floor":["M","?","?","M","M","E","R","E","T","R","E","M"],"character_chosen":"IRONCLAD","items_purchased":[],"campfire_rested":2,"item_purchase_floors":[],"current_hp_per_floor":[80,73,73,70,70,39,63,36,36,60,38,53,0],"gold":324,"neow_bonus":"REMOVE_CARD","is_prod":false,"is_daily":false,"chose_seed":false,"campfire_upgraded":0,"win_rate":0,"timestamp":1537896443,"path_taken":["M","?","?","?","M","E","R","E","T","R","E","?","M"],"build_version":"2018-09-20","purchased_purges":0,"victory":false,"max_hp_per_floor":[80,80,80,80,80,80,80,80,80,80,80,80,80],"card_choices":[{"not_picked":["Cleave","Bloodletting"],"picked":"Fire Breathing","floor":1},{"not_picked":["Shrug It Off","Entrench"],"picked":"Clash","floor":4},{"not_picked":["Warcry","Heavy Blade"],"picked":"Rampage","floor":5},{"not_picked":["Power Through","Perfected Strike"],"picked":"Barricade","floor":6},{"not_picked":["Sword Boomerang","Pommel Strike"],"picked":"True Grit","floor":8},{"not_picked":["Berserk","Battle Trance"],"picked":"Anger","floor":11},{"not_picked":["Iron Wave","Wild Strike"],"picked":"Disarm","floor":12}],"player_experience":576792,"relics_obtained":[{"floor":6,"key":"WingedGreaves"},{"floor":8,"key":"Bag of Preparation"},{"floor":9,"key":"Meat on the Bone"},{"floor":11,"key":"PreservedInsect"}],"event_choices":[{"event_name":"Golden Wing","player_choice":"Card Removal","floor":2,"damage_taken":0},{"event_name":"Accursed Blacksmith","player_choice":"Rummage","floor":3,"damage_taken":0}],"is_beta":false,"boss_relics":[],"items_purged_floors":[],"is_endless":false,"potions_floor_spawned":[5,8,12],"killed_by":"Exordium Thugs","ascension_level":4}