{"gold_per_floor":[117,217,232,251,251,269,294,254,305,318,337,355,72,90,90,191,191,205,205,238,55,69,81,81],"floor_reached":24,"playtime":1596,"items_purged":[],"score":273,"play_id":"a65b97cc-43ff-4c7f-94fa-ba421f80fc55","local_time":"20190322163527","is_ascension_mode":true,"campfire_choices":[{"floor":15,"key":"REST"}],"neow_cost":"NONE","seed_source_timestamp":579245649289035,"circlet_count":0,"master_deck":["Strike_R","Strike_R","Strike_R","Strike_R","Defend_R","Defend_R","Defend_R","Defend_R","Bash","Feel No Pain","Disarm","Warcry","Pommel Strike","Fiend Fire","Clothesline","Armaments","Havoc","Shrug It Off","Spot Weakness","Headbutt","Immolate","Spot Weakness","Disarm","Warcry","Inflame"],"relics":["Black Blood","NeowsBlessing","Bottled Flame","Blood Vial","Anchor","Boot","Red Mask","Potion Belt"],"potions_floor_usage":[7,10,12,16,16,16,16,20],"damage_taken":[{"damage":0,"enemies":"Jaw Worm","floor":1,"turns":1},{"damage":0,"enemies":"Cultist","floor":3,"turns":1},{"damage":0,"enemies":"2 Louse","floor":4,"turns":1},{"damage":31,"enemies":"Large Slime","floor":6,"turns":13},{"damage":47,"enemies":"Lagavulin","floor":7,"turns":9},{"damage":6,"enemies":"Lots of Slimes","floor":10,"turns":8},{"damage":7,"enemies":"Exordium Wildlife","floor":11,"turns":3},{"damage":7,"enemies":"Blue Slaver","floor":12,"turns":5},{"damage":0,"enemies":"Large Slime","floor":14,"turns":5},{"damage":48,"enemies":"Slime Boss","floor":16,"turns":14},{"damage":37,"enemies":"Shell Parasite","floor":18,"turns":7},{"damage":2,"enemies":"Masked Bandits","floor":20,"turns":2},{"damage":18,"enemies":"Chosen","floor":22,"turns":6},{"damage":39,"enemies":"Snake Plant","floor":23,"turns":7},{"damage":32,"enemies":"Slavers","floor":24,"turns":3}],"seed_played":"7288216355654438176","potions_obtained":[{"floor":1,"key":"SpeedPotion"},{"floor":7,"key":"Strength Potion"},{"floor":8,"key":"EntropicBrew"},{"floor":8,"key":"Dexterity Potion"},{"floor":11,"key":"Fruit Juice"},{"floor":12,"key":"Weak Potion"},{"floor":16,"key":"Explosive Potion"},{"floor":22,"key":"Fruit Juice"}],"is_trial":false,"path_per_floor":["?","M","?","?","M","?","?"],"character_chosen":"IRONCLAD","items_purchased":["Anchor","Shrug It Off","Spot Weakness","Disarm","Potion Belt"],"campfire_rested":1,"item_purchase_floors":[13,13,13,21,21],"current_hp_per_floor":[78,78,80,80,73,48,7,7,7,9,10,16,16,24,49,17,68,43,43,53,53,47,20,0],"gold":81,"neow_bonus":"THREE_ENEMY_KILL","is_prod":false,"is_daily":false,"chose_seed":false,"campfire_upgraded":0,"win_rate":0,"timestamp":1553286927,"path_taken":["M","?","?","M","?","M","E","?","T","M","M","?","$","M","R","BOSS","M","?","?","$","M","M","E"],"build_version":"2019-01-23","purchased_purges":0,"victory":false,"max_hp_per_floor":[80,80,80,80,80,80,80,80,80,80,80,85,85,85,85,85,85,85,85,85,85,85,85,85],"card_choices":[{"not_picked":["Power Through","Sword Boomerang"],"picked":"Feel No Pain","floor":1},{"not_picked":["Clash","Anger"],"picked":"Disarm","floor":3},{"not_picked":["Perfected Strike","Battle Trance"],"picked":"Warcry","floor":4},{"not_picked":["Evolve","Clash"],"picked":"Pommel Strike","floor":6},{"not_picked":["Pommel Strike","True Grit"],"picked":"Fiend Fire","floor":7},{"not_picked":["Wild Strike","Sever Soul"],"picked":"Clothesline","floor":10},{"not_picked":["Wild Strike","Battle Trance"],"picked":"Armaments","floor":11},{"not_picked":["Infernal Blade","Anger"],"picked":"Havoc","floor":12},{"not_picked":["Heavy Blade","Uppercut"],"picked":"Headbutt","floor":14},{"not_picked":["Brutality","Impervious"],"picked":"Immolate","floor":16},{"not_picked":["Clash","Sword Boomerang","Armaments"],"picked":"SKIP","floor":18},{"not_picked":["Cleave","Intimidate"],"picked":"Spot Weakness","floor":20},{"not_picked":["Armaments","Clash"],"picked":"Warcry","floor":22},{"not_picked":["Clothesline","Feel No Pain"],"picked":"Inflame","floor":23}],"player_experience":887646,"relics_obtained":[{"floor":7,"key":"Bottled Flame"},{"floor":9,"key":"Blood Vial"},{"floor":20,"key":"Red Mask"}],"event_choices":[{"damage_healed":0,"gold_gain":100,"player_choice":"Gold","damage_taken":0,"max_hp_gain":0,"max_hp_loss":0,"event_name":"Wheel of Change","floor":2,"gold_loss":0},{"cards_removed":["Strike_R"],"damage_healed":0,"gold_gain":0,"player_choice":"Card Removal","damage_taken":7,"max_hp_gain":0,"max_hp_loss":0,"event_name":"Golden Wing","floor":5,"gold_loss":0},{"damage_healed":0,"gold_gain":0,"player_choice":"Bought 3 Potions","damage_taken":0,"max_hp_gain":0,"max_hp_loss":0,"event_name":"The Woman in Blue","floor":8,"gold_loss":0},{"damage_healed":0,"gold_gain":0,"player_choice":"Opened","damage_taken":0,"relics_obtained":["Boot"],"max_hp_gain":0,"max_hp_loss":0,"event_name":"The Mausoleum","floor":19,"gold_loss":0},{"damage_healed":0,"gold_gain":0,"player_choice":"Fought Bandits","damage_taken":0,"max_hp_gain":0,"max_hp_loss":0,"event_name":"Masked Bandits","floor":20,"gold_loss":0}],"is_beta":false,"boss_relics":[{"not_picked":["Coffee Dripper","Philosopher\u0027s Stone"],"picked":"Black Blood"}],"items_purged_floors":[],"is_endless":false,"potions_floor_spawned":[1,7,11,12,16,22],"killed_by":"Slavers","ascension_level":7}