{"gold_per_floor":[119,137,16,27,27,27,56,56,56,73,87,39,59,79,79,79],"floor_reached":16,"playtime":689,"items_purged":["Bash"],"score":104,"play_id":"5de0bdc1-f820-4d57-978c-082c5c1082d9","local_time":"20190208205731","is_ascension_mode":false,"campfire_choices":[{"data":"Iron Wave","floor":6,"key":"SMITH"},{"floor":8,"key":"REST"},{"data":"Armaments","floor":15,"key":"SMITH"}],"neow_cost":"NONE","seed_source_timestamp":116734287071023,"circlet_count":0,"master_deck":["Strike_R","Strike_R","Strike_R","Strike_R","Strike_R","Defend_R","Defend_R","Defend_R","Defend_R","Iron Wave+1","Shrug It Off","Decay","Armaments+1","Anger","Cleave","Anger"],"relics":["Burning Blood","NeowsBlessing","Question Card","Lantern"],"potions_floor_usage":[16,16,16],"damage_taken":[{"damage":0,"enemies":"Cultist","floor":1,"turns":1},{"damage":0,"enemies":"Small Slimes","floor":2,"turns":1},{"damage":0,"enemies":"2 Louse","floor":4,"turns":1},{"damage":76,"enemies":"Lagavulin","floor":7,"turns":11},{"damage":7,"enemies":"Blue Slaver","floor":10,"turns":4},{"damage":2,"enemies":"Large Slime","floor":11,"turns":6},{"damage":5,"enemies":"Looter","floor":13,"turns":3},{"damage":0,"enemies":"Exordium Wildlife","floor":14,"turns":2},{"damage":46,"enemies":"Hexaghost","floor":16,"turns":11}],"seed_played":"3304771825322864160","potions_obtained":[{"floor":1,"key":"EssenceOfSteel"},{"floor":4,"key":"EssenceOfSteel"},{"floor":11,"key":"PowerPotion"}],"is_trial":false,"path_per_floor":["M","?","M","$"],"character_chosen":"IRONCLAD","items_purchased":["Shrug It Off","Cleave"],"campfire_rested":1,"item_purchase_floors":[3,12],"current_hp_per_floor":[80,80,80,80,80,80,10,34,34,33,37,37,38,44,44,0],"gold":79,"neow_bonus":"THREE_ENEMY_KILL","is_prod":false,"is_daily":false,"chose_seed":false,"campfire_upgraded":2,"win_rate":0,"timestamp":1549677451,"path_taken":["M","?","$","M","?","R","E","R","T","M","?","?","M","M","R","BOSS"],"build_version":"2019-01-23","purchased_purges":1,"victory":false,"max_hp_per_floor":[80,80,80,80,80,80,80,80,80,80,80,80,80,80,80,80],"card_choices":[{"not_picked":["Pummel","Combust","Inflame"],"picked":"SKIP","floor":1},{"not_picked":["True Grit","Rampage"],"picked":"Iron Wave","floor":2},{"not_picked":["Flex","Fire Breathing","Headbutt"],"picked":"SKIP","floor":4},{"not_picked":["Body Slam","Inflame","Feel No Pain"],"picked":"SKIP","floor":7},{"not_picked":["Second Wind","Carnage","Pommel Strike"],"picked":"Armaments","floor":10},{"not_picked":["Uppercut","Pummel","Flex"],"picked":"Anger","floor":11},{"not_picked":["Exhume","Cleave","Inflame"],"picked":"Anger","floor":13},{"not_picked":["Whirlwind","Infernal Blade","Combust","Evolve"],"picked":"SKIP","floor":14}],"player_experience":343447,"relics_obtained":[{"floor":7,"key":"Question Card"},{"floor":9,"key":"Lantern"}],"event_choices":[{"damage_healed":0,"gold_gain":0,"player_choice":"Cursed","damage_taken":0,"max_hp_gain":0,"max_hp_loss":0,"event_name":"Wheel of Change","floor":5,"gold_loss":0,"cards_obtained":["Decay"]}],"is_beta":false,"boss_relics":[],"items_purged_floors":[3],"is_endless":false,"potions_floor_spawned":[1,4,11],"killed_by":"Hexaghost","ascension_level":0}