{"gold_per_floor":[110,15,29,29,47,47,73,73,100,131,153,153,153,228,228,333,333,353,353,35,54,66,66,80,96,96,96,96,96,96,109,109,109],"floor_reached":33,"playtime":1311,"items_purged":["Strike_R"],"score":405,"play_id":"7c02c05a-1ff3-4584-a894-4e997e856686","local_time":"20190215234238","is_ascension_mode":true,"campfire_choices":[{"data":"Whirlwind","floor":6.0,"key":"SMITH"},{"data":"Metallicize","floor":8.0,"key":"SMITH"},{"data":"Clothesline","floor":15.0,"key":"SMITH"},{"data":"Juggernaut","floor":23.0,"key":"SMITH"},{"data":"Disarm","floor":30.0,"key":"SMITH"},{"data":"Demon Form","floor":32.0,"key":"SMITH"}],"neow_cost":"NONE","seed_source_timestamp":1141210871101803,"circlet_count":0,"master_deck":["AscendersBane","Strike_R","Strike_R+1","Defend_R","Defend_R","Defend_R","Defend_R","Bash","Iron Wave","Metallicize+1","Purity+1","Whirlwind+1","Clothesline+1","Sentinel","Juggernaut+1","Disarm+1","True Grit+1","Power Through","Demon Form+1","Wild Strike"],"special_seed":0,"relics":["Burning Blood","Bronze Scales","Ancient Tea Set","Orichalcum","Odd Mushroom","Snecko Eye","Meat on the Bone","Champion Belt"],"potions_floor_usage":[33],"damage_taken":[{"damage":4.0,"enemies":"2 Louse","floor":1.0,"turns":3.0},{"damage":12.0,"enemies":"Jaw Worm","floor":3.0,"turns":6.0},{"damage":1.0,"enemies":"Small Slimes","floor":5.0,"turns":5.0},{"damage":21.0,"enemies":"3 Sentries","floor":7.0,"turns":5.0},{"damage":21.0,"enemies":"Lagavulin","floor":10.0,"turns":8.0},{"damage":2.0,"enemies":"The Mushroom Lair","floor":11.0,"turns":2.0},{"damage":19.0,"enemies":"Hexaghost","floor":16.0,"turns":10.0},{"damage":16.0,"enemies":"Shell Parasite","floor":18.0,"turns":4.0},{"damage":25.0,"enemies":"Colosseum Slavers","floor":19.0,"turns":4.0},{"damage":0.0,"enemies":"3 Byrds","floor":21.0,"turns":3.0},{"damage":4.0,"enemies":"Cultist and Chosen","floor":22.0,"turns":5.0},{"damage":8.0,"enemies":"Snecko","floor":24.0,"turns":4.0},{"damage":25.0,"enemies":"Shelled Parasite and Fungi","floor":25.0,"turns":6.0},{"damage":14.0,"enemies":"Centurion and Healer","floor":31.0,"turns":6.0},{"damage":38,"enemies":"Automaton","floor":33,"turns":6}],"seed_played":"2526212757788370518","potions_obtained":[{"floor":1.0,"key":"EssenceOfSteel"},{"floor":3.0,"key":"FearPotion"},{"floor":18.0,"key":"FearPotion"},{"floor":22.0,"key":"SteroidPotion"}],"is_trial":false,"path_per_floor":["M","$","M","$","M","R","E","R","T","E","?","?","?","?","R","B",null,"M","?","$","M","M","R","M","M","T","?","?","?","R","M","R","B"],"character_chosen":"IRONCLAD","items_purchased":["Purity","Meat on the Bone"],"campfire_rested":0,"item_purchase_floors":[2,20],"current_hp_per_floor":[74,74,68,68,73,73,58,58,58,43,47,52,35,24,24,11,67,57,38,38,56,58,58,56,49,49,49,49,49,49,53,53,15],"gold":109,"neow_bonus":"THREE_CARDS","is_prod":false,"is_daily":false,"chose_seed":false,"campfire_upgraded":6,"win_rate":0,"timestamp":1550302958,"path_taken":["M","$","M","$","M","R","E","R","T","E","?","?","?","?","R","BOSS","M","?","$","M","M","R","M","M","T","?","?","?","R","M","R","BOSS"],"build_version":"2019-01-23","purchased_purges":1,"victory":false,"max_hp_per_floor":[80,80,80,80,80,80,80,80,80,80,80,85,85,85,85,85,85,85,85,85,85,85,85,85,85,85,85,85,85,85,85,85,85],"card_choices":[{"not_picked":["Twin Strike","Warcry"],"picked":"Iron Wave","floor":0.0},{"not_picked":["Twin Strike","Sentinel"],"picked":"Metallicize","floor":1.0},{"not_picked":["Dropkick","Shrug It Off"],"picked":"Whirlwind","floor":3.0},{"not_picked":["Heavy Blade","Havoc","Dropkick"],"picked":"SKIP","floor":5.0},{"not_picked":["Rupture","Blood for Blood"],"picked":"Clothesline","floor":7.0},{"not_picked":["Hemokinesis","Body Slam","Metallicize"],"picked":"SKIP","floor":10.0},{"not_picked":["Carnage","Clash"],"picked":"Sentinel","floor":11.0},{"not_picked":["Limit Break","Brutality"],"picked":"Juggernaut","floor":16.0},{"not_picked":["Twin Strike+1","Pommel Strike+1","Infernal Blade"],"picked":"SKIP","floor":18.0},{"not_picked":["Warcry","Rupture","Wild Strike"],"picked":"SKIP","floor":21.0},{"not_picked":["Iron Wave","Clash"],"picked":"Disarm","floor":22.0},{"not_picked":["Thunderclap","Flex"],"picked":"True Grit+1","floor":24.0},{"not_picked":["Flex","Blood for Blood+1"],"picked":"Power Through","floor":25.0},{"not_picked":["Twin Strike","Clash","Corruption"],"picked":"SKIP","floor":31.0}],"player_experience":405683,"relics_obtained":[{"floor":7.0,"key":"Bronze Scales"},{"floor":9.0,"key":"Ancient Tea Set"},{"floor":10.0,"key":"Orichalcum"},{"floor":11.0,"key":"Odd Mushroom"},{"floor":26.0,"key":"Champion Belt"}],"event_choices":[{"damage_healed":0.0,"max_hp_gain":0.0,"max_hp_loss":0.0,"gold_gain":0.0,"event_name":"Mushrooms","player_choice":"Fought Mushrooms","floor":11.0,"gold_loss":0.0,"damage_taken":0.0},{"damage_healed":0.0,"max_hp_gain":5.0,"max_hp_loss":0.0,"gold_gain":0.0,"event_name":"Big Fish","player_choice":"Donut","floor":12.0,"gold_loss":0.0,"damage_taken":0.0},{"damage_healed":0.0,"max_hp_gain":0.0,"max_hp_loss":0.0,"gold_gain":0.0,"event_name":"Shining Light","player_choice":"Entered Light","floor":13.0,"gold_loss":0.0,"damage_taken":17.0,"cards_upgraded":["Purity","Strike_R"]},{"damage_healed":0.0,"max_hp_gain":0.0,"max_hp_loss":0.0,"gold_gain":75.0,"event_name":"World of Goop","player_choice":"Gather Gold","floor":14.0,"gold_loss":0.0,"damage_taken":11.0},{"damage_healed":0.0,"max_hp_gain":0.0,"max_hp_loss":0.0,"gold_gain":0.0,"event_name":"Colosseum","player_choice":"Fight","floor":19.0,"gold_loss":0.0,"damage_taken":0.0},{"damage_healed":0.0,"max_hp_gain":0.0,"max_hp_loss":0.0,"gold_gain":0.0,"event_name":"Colosseum","player_choice":"Fled From Nobs","floor":19.0,"gold_loss":0.0,"damage_taken":0.0},{"damage_healed":0.0,"max_hp_gain":0.0,"max_hp_loss":0.0,"gold_gain":0.0,"cards_transformed":["Strike_R","Strike_R"],"event_name":"Drug Dealer","player_choice":"Became Test Subject","floor":27.0,"gold_loss":0.0,"damage_taken":0.0,"cards_obtained":["Demon Form","Wild Strike"]},{"damage_healed":0.0,"max_hp_gain":0.0,"max_hp_loss":0.0,"gold_gain":0.0,"event_name":"Vampires","player_choice":"Ignored","floor":28.0,"gold_loss":0.0,"damage_taken":0.0},{"damage_healed":0.0,"max_hp_gain":0.0,"max_hp_loss":0.0,"gold_gain":0.0,"event_name":"Ghosts","player_choice":"Ignored","floor":29.0,"gold_loss":0.0,"damage_taken":0.0}],"is_beta":false,"boss_relics":[{"not_picked":["Tiny House","Runic Pyramid"],"picked":"Snecko Eye"}],"items_purged_floors":[20],"is_endless":false,"potions_floor_spawned":[1,3,7,18,22,24,31],"killed_by":"Automaton","ascension_level":12}