{"gold_per_floor":[365,379,11,11,11,11,11,30,86,86,98,118,137,154,154,154],"floor_reached":16,"playtime":1072,"items_purged":["Strike_G"],"score":103,"play_id":"9db01ff1-5adc-4bb7-8cc5-d6a7263447ca","local_time":"20190104094148","is_ascension_mode":true,"campfire_choices":[{"data":"Caltrops","floor":7,"key":"SMITH"},{"data":"Neutralize","floor":10,"key":"SMITH"},{"floor":15,"key":"REST"}],"neow_cost":"PERCENT_DAMAGE","seed_source_timestamp":234497253733021,"circlet_count":0,"master_deck":["Defend_G","Defend_G","Defend_G","Defend_G","Defend_G","Strike_G","Strike_G","Strike_G","Strike_G","Survivor","Neutralize+1","Prepared+1","Caltrops+1","Neutralize","Escape Plan","Leg Sweep","Prepared","Acrobatics"],"relics":["Ring of the Snake","Matryoshka","Dream Catcher","Tiny Chest"],"potions_floor_usage":[11],"damage_taken":[{"damage":0,"enemies":"Small Slimes","floor":1,"turns":5},{"damage":1,"enemies":"Jaw Worm","floor":2,"turns":6},{"damage":0,"enemies":"2 Louse","floor":8,"turns":2},{"damage":8,"enemies":"Lots of Slimes","floor":11,"turns":3},{"damage":1,"enemies":"Blue Slaver","floor":12,"turns":8},{"damage":4,"enemies":"Large Slime","floor":13,"turns":9},{"damage":10,"enemies":"3 Louse","floor":14,"turns":5},{"damage":12,"enemies":"Slime Boss","floor":16,"turns":8}],"seed_played":"7293052127335029196","potions_obtained":[{"floor":2,"key":"Poison Potion"},{"floor":11,"key":"SkillPotion"},{"floor":13,"key":"SneckoOil"}],"is_trial":false,"path_per_floor":["M","M","$","?","?","?","R","M","T","R","M","M","M","M","R","B"],"character_chosen":"THE_SILENT","items_purchased":["Caltrops","Matryoshka"],"campfire_rested":1,"item_purchase_floors":[3,3],"current_hp_per_floor":[49,48,48,48,48,48,48,48,48,48,40,39,35,25,46,34],"gold":154,"neow_bonus":"TWO_FIFTY_GOLD","is_prod":false,"is_daily":false,"chose_seed":false,"campfire_upgraded":2,"win_rate":0,"timestamp":1546623708,"path_taken":["M","M","$","?","?","?","R","?","T","R","M","M","M","M","R","BOSS"],"build_version":"2019-01-03v3","purchased_purges":1,"victory":false,"max_hp_per_floor":[70,70,70,70,70,70,70,70,70,70,70,70,70,70,70,70],"card_choices":[{"not_picked":["Outmaneuver","Terror","Flechettes"],"picked":"SKIP","floor":1},{"not_picked":["Predator","Eviscerate"],"picked":"Prepared","floor":2},{"not_picked":["Cloak And Dagger","Bouncing Flask"],"picked":"Escape Plan","floor":8},{"not_picked":["Dagger Spray","Venomology"],"picked":"Leg Sweep","floor":11},{"not_picked":["Poisoned Stab","Flying Knee","Dash"],"picked":"SKIP","floor":12},{"not_picked":["Outmaneuver","Catalyst"],"picked":"Prepared","floor":13},{"not_picked":["Flying Knee","Bane"],"picked":"Acrobatics","floor":14}],"player_experience":72476,"relics_obtained":[{"floor":9,"key":"Dream Catcher"},{"floor":9,"key":"Tiny Chest"}],"event_choices":[{"damage_healed":0,"gold_gain":0,"player_choice":"Grow","damage_taken":0,"max_hp_gain":0,"max_hp_loss":0,"event_name":"Living Wall","floor":4,"gold_loss":0,"cards_upgraded":["Prepared"]},{"damage_healed":0,"gold_gain":0,"player_choice":"Leave","damage_taken":0,"max_hp_gain":0,"max_hp_loss":0,"event_name":"The Cleric","floor":5,"gold_loss":0},{"damage_healed":0,"gold_gain":0,"player_choice":"1 cards matched","damage_taken":0,"max_hp_gain":0,"max_hp_loss":0,"event_name":"Match and Keep!","floor":6,"gold_loss":0,"cards_obtained":["Neutralize"]}],"is_beta":false,"boss_relics":[],"items_purged_floors":[3],"is_endless":false,"potions_floor_spawned":[2,11,13],"killed_by":"Slime Boss","ascension_level":2}