{"gold_per_floor":[160,177,197,197,212,212,287,287,287,301,134,134,60,91,91,91],"floor_reached":16,"playtime":783,"items_purged":["Strike_B"],"score":125,"play_id":"be6c31de-d719-4bf8-adce-73bdd830eb65","local_time":"20180804025656","is_ascension_mode":false,"campfire_choices":[{"data":"Static Discharge","floor":6,"key":"SMITH"},{"data":"Zap","floor":8,"key":"SMITH"},{"floor":15,"key":"REST"}],"neow_cost":"NONE","seed_source_timestamp":234406417095079,"circlet_count":0,"master_deck":["Strike_B","Strike_B+1","Strike_B","Defend_B","Defend_B","Defend_B","Defend_B","Zap+1","Dualcast","Cold Snap","Ball Lightning","Fusion","Hyperbeam","Static Discharge+1","Self Repair","Madness","Capacitor","Storm"],"relics":["Tiny House","Happy Flower","Dodecahedron","Pear","Pantograph"],"potions_floor_usage":[14],"damage_taken":[{"damage":0,"enemies":"Cultist","floor":1,"turns":4},{"damage":0,"enemies":"2 Louse","floor":2,"turns":3},{"damage":6,"enemies":"Small Slimes","floor":3,"turns":4},{"damage":27,"enemies":"Exordium Thugs","floor":5,"turns":4},{"damage":0,"enemies":"Gremlin Gang","floor":10,"turns":1},{"damage":21,"enemies":"Gremlin Nob","floor":14,"turns":4},{"damage":68,"enemies":"Slime Boss","floor":16,"turns":6}],"seed_played":"-3974692684836928188","potions_obtained":[{"floor":0,"key":"Swift Potion"},{"floor":5,"key":"FocusPotion"},{"floor":10,"key":"Regen Potion"},{"floor":14,"key":"Ancient Potion"}],"is_trial":false,"path_per_floor":["M","M","M","T","M","R","?","R","T","M","$","?","$","E","R"],"character_chosen":"DEFECT","items_purchased":["Madness","Capacitor"],"campfire_rested":1,"item_purchase_floors":[11,13],"current_hp_per_floor":[80,80,74,74,47,47,36,36,36,36,36,34,34,13,40,0],"gold":91,"neow_bonus":"BOSS_RELIC","is_prod":false,"is_daily":false,"chose_seed":false,"campfire_upgraded":2,"win_rate":0,"timestamp":1533373016,"path_taken":["M","M","M","?","M","R","?","R","T","?","?","?","$","E","R","BOSS"],"build_version":"2018-08-02","purchased_purges":1,"victory":false,"max_hp_per_floor":[80,80,80,80,80,80,80,80,80,80,80,90,90,90,90,90],"card_choices":[{"not_picked":["Go for the Eyes","Gash"],"picked":"Cold Snap","floor":0},{"not_picked":["Streamline","Turbo"],"picked":"Ball Lightning","floor":1},{"not_picked":["Leap","Aggregate"],"picked":"Fusion","floor":2},{"not_picked":["Conserve Battery","Scrape"],"picked":"Hyperbeam","floor":3},{"not_picked":["Beam Cell","Hologram"],"picked":"Static Discharge","floor":5},{"not_picked":["Cold Snap","Sweeping Beam"],"picked":"Self Repair","floor":10},{"not_picked":["Stack","BootSequence"],"picked":"Storm","floor":14}],"player_experience":179658,"relics_obtained":[{"floor":4,"key":"Happy Flower"},{"floor":9,"key":"Dodecahedron"},{"floor":14,"key":"Pantograph"}],"event_choices":[{"event_name":"World of Goop","player_choice":"Gather Gold","floor":7,"damage_taken":0},{"event_name":"Scrap Ooze","player_choice":"success","floor":12,"damage_taken":12}],"is_beta":false,"boss_relics":[],"items_purged_floors":[11],"is_endless":false,"potions_floor_spawned":[5,10,14],"killed_by":"Slime Boss","ascension_level":0}