{"gold_per_floor":[18,35,12,287,74,74,92,92,118,118,118,193,208,236,236,331,331,345,345,345,345,181,181,215,233,260,274,159,159,173,173,173,278,278,296,312,327,218,218,251,251,264,264,264,264,284,284],"floor_reached":47,"playtime":1466,"items_purged":["Regret"],"score":496,"play_id":"ffd23458-ac04-4b0c-a538-e68f3a29fd40","local_time":"20190204172739","is_ascension_mode":false,"campfire_choices":[{"data":"Panacea","floor":6.0,"key":"SMITH"},{"data":"Flame Barrier","floor":11.0,"key":"SMITH"},{"floor":15.0,"key":"REST"},{"data":"J.A.X.","floor":23.0,"key":"SMITH"},{"data":"Spot Weakness","floor":29.0,"key":"SMITH"},{"data":"Double Tap","floor":32.0,"key":"SMITH"},{"data":"Blind","floor":45.0,"key":"SMITH"}],"neow_cost":"NO_GOLD","seed_source_timestamp":536201472727217,"circlet_count":0,"master_deck":["Strike_R","Strike_R","Strike_R","Strike_R","Defend_R","Defend_R","Defend_R","Bash","Battle Trance","Flame Barrier+1","Shrug It Off","Flex+1","Panacea+1","Heavy Blade","Pommel Strike","Reaper","Offering","Ghostly Armor","J.A.X.+1","Twin Strike","Double Tap+1","Spot Weakness+1","Blood for Blood","Good Instincts","Shrug It Off","Sword Boomerang+1","Reaper","Cleave","Hemokinesis+1","Blind+1","Shrug It Off","Writhe","Anger","Parasite"],"special_seed":0,"relics":["Burning Blood"],"potions_floor_usage":[47],"damage_taken":[{"damage":0.0,"enemies":"Small Slimes","floor":1.0,"turns":3.0},{"damage":1.0,"enemies":"Cultist","floor":2.0,"turns":3.0},{"damage":2.0,"enemies":"Jaw Worm","floor":7.0,"turns":4.0},{"damage":22.0,"enemies":"Large Slime","floor":13.0,"turns":8.0},{"damage":20.0,"enemies":"Gremlin Nob","floor":14.0,"turns":4.0},{"damage":26.0,"enemies":"The Guardian","floor":16.0,"turns":10.0},{"damage":9.0,"enemies":"Chosen","floor":18.0,"turns":6.0},{"damage":25.0,"enemies":"Slavers","floor":24.0,"turns":6.0},{"damage":21.0,"enemies":"2 Thieves","floor":25.0,"turns":3.0},{"damage":11.0,"enemies":"Snake Plant","floor":27.0,"turns":4.0},{"damage":26.0,"enemies":"Snecko","floor":30.0,"turns":5.0},{"damage":76.0,"enemies":"Automaton","floor":33.0,"turns":10.0},{"damage":59.0,"enemies":"3 Darklings","floor":35.0,"turns":7.0},{"damage":30.0,"enemies":"3 Shapes","floor":36.0,"turns":4.0},{"damage":51.0,"enemies":"3 Darklings","floor":37.0,"turns":7.0},{"damage":48.0,"enemies":"Nemesis","floor":40.0,"turns":9.0},{"damage":39.0,"enemies":"Writhing Mass","floor":42.0,"turns":6.0},{"damage":42.0,"enemies":"Spire Growth","floor":46.0,"turns":6.0},{"damage":29,"enemies":"Jaw Worm Horde","floor":47,"turns":1}],"seed_played":"-8062299386114199910","potions_obtained":[{"floor":1.0,"key":"EssenceOfSteel"},{"floor":7.0,"key":"Weak Potion"},{"floor":14.0,"key":"Ancient Potion"},{"floor":18.0,"key":"Block Potion"},{"floor":24.0,"key":"SpeedPotion"},{"floor":33.0,"key":"SneckoOil"},{"floor":36.0,"key":"PowerPotion"},{"floor":37.0,"key":"Regen Potion"}],"is_trial":false,"path_per_floor":["M","M","$","?","$","R","M","?","T","?","R","?","M","E","R","B",null,"M","?","?","?","$","R","E","M","T","M","$","R","M","?","R","B",null,"M","M","M","$","?","E","?","M","T","?","R","M","M"],"character_chosen":"IRONCLAD","items_purchased":["Shrug It Off","Flex","Panacea","Double Tap","Good Instincts","Shrug It Off","Blind","Shrug It Off"],"campfire_rested":1,"item_purchase_floors":[3,5,5,22,28,28,38,38],"current_hp_per_floor":[80,80,80,80,80,80,80,80,80,80,80,69,53,39,63,55,80,80,80,80,80,80,80,65,76,76,78,78,78,69,69,69,58,80,70,59,57,57,77,56,56,57,57,57,57,25,0],"gold":284,"neow_bonus":"REMOVE_TWO","is_prod":false,"is_daily":false,"chose_seed":false,"campfire_upgraded":6,"win_rate":0,"timestamp":1549326459,"path_taken":["M","M","$","?","?","R","?","?","T","?","R","?","M","E","R","BOSS","M","?","?","?","$","R","E","M","T","?","$","R","M","?","R","BOSS","M","M","M","$","?","E","?","M","T","?","R","M","?"],"build_version":"2019-01-23","purchased_purges":1,"victory":false,"max_hp_per_floor":[80,80,80,80,80,80,80,80,80,80,80,80,80,80,80,80,80,80,80,80,80,80,80,80,80,80,80,80,80,80,80,80,80,80,80,80,80,80,80,80,80,80,80,80,80,80,80],"card_choices":[{"not_picked":["Burning Pact","Havoc"],"picked":"Battle Trance","floor":1.0},{"not_picked":["Pummel","Heavy Blade"],"picked":"Flame Barrier","floor":2.0},{"not_picked":["Clash","Iron Wave"],"picked":"Heavy Blade","floor":7.0},{"not_picked":["Carnage","Clothesline"],"picked":"Pommel Strike","floor":13.0},{"not_picked":["Wild Strike","Thunderclap"],"picked":"Reaper","floor":14.0},{"not_picked":["Berserk","Barricade"],"picked":"Offering","floor":16.0},{"not_picked":["Cleave","Hemokinesis"],"picked":"Ghostly Armor","floor":18.0},{"not_picked":["Bloodletting+1","Bludgeon"],"picked":"Spot Weakness","floor":24.0},{"not_picked":["Headbutt","Power Through"],"picked":"Blood for Blood","floor":25.0},{"not_picked":["Clash+1","Sever Soul","Warcry"],"picked":"SKIP","floor":27.0},{"not_picked":["Ghostly Armor+1","Wild Strike+1"],"picked":"Sword Boomerang+1","floor":30.0},{"not_picked":["Berserk","Juggernaut"],"picked":"Reaper","floor":33.0},{"not_picked":["Rage","Body Slam+1"],"picked":"Cleave","floor":35.0},{"not_picked":["Wild Strike","Body Slam"],"picked":"Hemokinesis+1","floor":36.0},{"not_picked":["Searing Blow+1","Evolve+1","Power Through+1"],"picked":"SKIP","floor":37.0},{"not_picked":["Uppercut","Evolve"],"picked":"Anger","floor":40.0},{"not_picked":["Carnage","Headbutt+1","Wild Strike"],"picked":"SKIP","floor":42.0},{"not_picked":["Thunderclap","Inflame+1","Dropkick"],"picked":"SKIP","floor":46.0}],"player_experience":1390078,"relics_obtained":[],"event_choices":[{"damage_healed":0.0,"max_hp_gain":0.0,"max_hp_loss":0.0,"gold_gain":275.0,"event_name":"Golden Shrine","player_choice":"Desecrate","floor":4.0,"gold_loss":0.0,"damage_taken":0.0,"cards_obtained":["Regret"]},{"damage_healed":0.0,"max_hp_gain":0.0,"max_hp_loss":0.0,"gold_gain":0.0,"event_name":"Living Wall","player_choice":"Grow","floor":8.0,"gold_loss":0.0,"damage_taken":0.0,"cards_upgraded":["Flex"]},{"damage_healed":0.0,"max_hp_gain":0.0,"max_hp_loss":0.0,"gold_gain":0.0,"event_name":"Dead Adventurer","player_choice":"Searched \u00270\u0027 times","floor":10.0,"gold_loss":0.0,"damage_taken":0.0},{"damage_healed":0.0,"max_hp_gain":0.0,"max_hp_loss":0.0,"gold_gain":75.0,"event_name":"World of Goop","player_choice":"Gather Gold","floor":12.0,"gold_loss":0.0,"damage_taken":11.0},{"damage_healed":0.0,"max_hp_gain":0.0,"max_hp_loss":0.0,"gold_gain":0.0,"event_name":"Ghosts","player_choice":"Ignored","floor":19.0,"gold_loss":0.0,"damage_taken":0.0},{"damage_healed":0.0,"max_hp_gain":0.0,"max_hp_loss":0.0,"gold_gain":0.0,"event_name":"Drug Dealer","player_choice":"Obtain J.A.X.","floor":20.0,"gold_loss":0.0,"damage_taken":0.0,"cards_obtained":["J.A.X."]},{"damage_healed":0.0,"max_hp_gain":0.0,"max_hp_loss":0.0,"gold_gain":0.0,"event_name":"The Library","player_choice":"Read","floor":21.0,"gold_loss":0.0,"damage_taken":0.0,"cards_obtained":["Twin Strike"]},{"damage_healed":0.0,"max_hp_gain":0.0,"max_hp_loss":0.0,"gold_gain":0.0,"event_name":"The Mausoleum","player_choice":"Ignored","floor":31.0,"gold_loss":0.0,"damage_taken":0.0},{"damage_healed":20.0,"max_hp_gain":0.0,"max_hp_loss":0.0,"gold_gain":0.0,"event_name":"Winding Halls","player_choice":"Writhe","floor":39.0,"gold_loss":0.0,"damage_taken":0.0,"cards_obtained":["Writhe"]},{"damage_healed":0.0,"max_hp_gain":0.0,"max_hp_loss":0.0,"gold_gain":0.0,"event_name":"Mysterious Sphere","player_choice":"Ignored","floor":41.0,"gold_loss":0.0,"damage_taken":0.0},{"damage_healed":0.0,"max_hp_gain":0.0,"max_hp_loss":0.0,"gold_gain":0.0,"event_name":"SecretPortal","player_choice":"Ignored","floor":44.0,"gold_loss":0.0,"damage_taken":0.0}],"is_beta":false,"boss_relics":[{"not_picked":["Orrery","Fusion Hammer","Ectoplasm"]},{"not_picked":["Lizard Tail","Velvet Choker","Empty Cage"]}],"items_purged_floors":[5],"is_endless":false,"potions_floor_spawned":[1,7,14,18,24,33,36,37],"killed_by":"Jaw Worm Horde","ascension_level":0}