{"gold_per_floor":[116,134,147,24,36,36,64,75,75,75,38,38,38,54,54,54],"floor_reached":16,"playtime":1244,"items_purged":["Strike_B"],"score":112,"play_id":"a89bc400-9818-414f-bca7-0dccd0edf439","local_time":"20190409084443","is_ascension_mode":true,"campfire_choices":[{"data":"Go for the Eyes","floor":6.0,"key":"SMITH"},{"data":"Dualcast","floor":10.0,"key":"SMITH"},{"data":"Defragment","floor":12.0,"key":"SMITH"},{"floor":15,"key":"REST"}],"neow_cost":"NONE","seed_source_timestamp":854252856765900,"circlet_count":0,"master_deck":["Strike_B","Strike_B","Strike_B","Defend_B","Defend_B","Defend_B","Defend_B","Zap+1","Dualcast+1","Go for the Eyes+1","Core Surge","Gash","Conserve Battery","Capacitor","Reinforced Body","Turbo","Defragment+1","Auto Shields"],"special_seed":0,"relics":["Cracked Core","Centennial Puzzle","Juzu Bracelet","Golden Idol"],"potions_floor_usage":[16,16],"damage_taken":[{"damage":0.0,"enemies":"Cultist","floor":1.0,"turns":3.0},{"damage":0.0,"enemies":"2 Louse","floor":2.0,"turns":2.0},{"damage":4.0,"enemies":"Jaw Worm","floor":3.0,"turns":2.0},{"damage":18.0,"enemies":"Lots of Slimes","floor":5.0,"turns":5.0},{"damage":10.0,"enemies":"Gremlin Nob","floor":7.0,"turns":4.0},{"damage":0.0,"enemies":"Looter","floor":8.0,"turns":3.0},{"damage":14,"enemies":"Exordium Thugs","floor":14,"turns":4},{"damage":51,"enemies":"Slime Boss","floor":16,"turns":12}],"seed_played":"4724018085904659564","potions_obtained":[{"floor":2.0,"key":"Ancient Potion"},{"floor":3.0,"key":"SteroidPotion"},{"floor":5.0,"key":"Weak Potion"},{"floor":8.0,"key":"LiquidBronze"}],"is_trial":false,"path_per_floor":["M","M","M","$","M","R","E","M","T","R","$","R","?","M","R","B"],"character_chosen":"DEFECT","items_purchased":["Conserve Battery","Defragment"],"campfire_rested":1,"item_purchase_floors":[4,11],"current_hp_per_floor":[75,75,71,71,53,53,43,43,43,43,43,43,43,29,49,0],"gold":54,"neow_bonus":"UPGRADE_CARD","is_prod":false,"is_daily":false,"chose_seed":false,"campfire_upgraded":3,"win_rate":0,"timestamp":1554813883,"path_taken":["M","M","M","$","M","R","E","M","T","R","$","R","?","M","R","BOSS"],"build_version":"2019-01-23","purchased_purges":1,"victory":false,"max_hp_per_floor":[75,75,75,75,75,75,75,75,75,75,75,75,69,69,69,69],"card_choices":[{"not_picked":["Redo","Hologram"],"picked":"Go for the Eyes","floor":1.0},{"not_picked":["Sweeping Beam","Barrage"],"picked":"Core Surge","floor":2.0},{"not_picked":["Streamline","Ball Lightning"],"picked":"Gash","floor":3.0},{"not_picked":["Go for the Eyes","Sweeping Beam"],"picked":"Capacitor","floor":5.0},{"not_picked":["Lockon","Tempest"],"picked":"Reinforced Body","floor":7.0},{"not_picked":["Redo","Steam"],"picked":"Turbo","floor":8.0},{"not_picked":["Melter","Ball Lightning"],"picked":"Auto Shields","floor":14}],"player_experience":284703,"relics_obtained":[{"floor":7.0,"key":"Centennial Puzzle"},{"floor":9.0,"key":"Juzu Bracelet"}],"event_choices":[{"damage_healed":0.0,"max_hp_gain":0.0,"max_hp_loss":6.0,"gold_gain":0.0,"event_name":"Golden Idol","player_choice":"Lose Max HP","floor":13.0,"gold_loss":0.0,"damage_taken":0.0,"relics_obtained":["Golden Idol"]}],"is_beta":false,"boss_relics":[],"items_purged_floors":[4],"is_endless":false,"potions_floor_spawned":[2,3,5,8],"killed_by":"Slime Boss","ascension_level":2}