{"gold_per_floor":[210,220,233,244,254,254,279,289,334,334,299,299,332,37,37,135,135,149,149,176,194,212,212,239,239,239,239,269,269,184,109,109,211,211,230,3,3,3,3,28,47,47,71,102,121,150,150,170,170,170,170,170,93,119,119],"floor_reached":56,"playtime":3216,"items_purged":["Parasite"],"score":1847,"play_id":"e1fd8875-7477-4b40-8fd8-cb7783aafad6","local_time":"20190330193715","is_ascension_mode":true,"campfire_choices":[{"data":"Zap","floor":6,"key":"SMITH"},{"floor":10,"key":"REST"},{"data":"Dualcast","floor":12,"key":"SMITH"},{"data":"Defragment","floor":15,"key":"SMITH"},{"floor":23,"key":"REST"},{"data":"Defragment","floor":25,"key":"SMITH"},{"floor":27,"key":"REST"},{"data":"Buffer","floor":29,"key":"SMITH"},{"data":"Capacitor","floor":32,"key":"SMITH"},{"data":"RitualDagger","floor":42,"key":"SMITH"},{"data":"Biased Cognition","floor":47,"key":"SMITH"},{"floor":49,"key":"RECALL"},{"floor":52,"key":"REST"}],"neow_cost":"NONE","seed_source_timestamp":1279705236104200,"circlet_count":0,"master_deck":["AscendersBane","Strike_B","Strike_B+1","Strike_B","Strike_B+1","Defend_B","Defend_B","Defend_B","Zap+1","Dualcast+1","Ball Lightning","Glacier","Doom and Gloom","Leap","Biased Cognition+1","Capacitor+1","Electrodynamics","Defragment+1","Buffer+1","RitualDagger+1","Clumsy","Defragment+1","Sunder+1","Echo Form","Glacier","Glacier","Regret","Buffer"],"relics":["FrozenCore","Cables","Ancient Tea Set","Ice Cream","Cursed Key","Whetstone","Singing Bowl","Dead Branch","Bag of Preparation","Bird Faced Urn","DataDisk","Bottled Flame","PreservedInsect","Potion Belt","Omamori","Strawberry"],"potions_floor_usage":[24,28,50,50,55,55,55],"damage_taken":[{"damage":5,"enemies":"Cultist","floor":1,"turns":5},{"damage":1,"enemies":"2 Louse","floor":2,"turns":3},{"damage":12,"enemies":"Jaw Worm","floor":3,"turns":3},{"damage":7,"enemies":"Exordium Thugs","floor":4,"turns":4},{"damage":6,"enemies":"Looter","floor":5,"turns":3},{"damage":27,"enemies":"Lagavulin","floor":7,"turns":8},{"damage":0,"enemies":"2 Fungi Beasts","floor":8,"turns":3},{"damage":12,"enemies":"Gremlin Nob","floor":13,"turns":4},{"damage":0,"enemies":"Slime Boss","floor":16,"turns":4},{"damage":35,"enemies":"2 Thieves","floor":18,"turns":3},{"damage":10,"enemies":"3 Byrds","floor":21,"turns":4},{"damage":9,"enemies":"Cultist and Chosen","floor":22,"turns":5},{"damage":5,"enemies":"Book of Stabbing","floor":24,"turns":5},{"damage":7,"enemies":"Slavers","floor":28,"turns":3},{"damage":20,"enemies":"Champ","floor":33,"turns":9},{"damage":18,"enemies":"3 Shapes","floor":35,"turns":3},{"damage":33,"enemies":"Reptomancer","floor":40,"turns":8},{"damage":0,"enemies":"Orb Walker","floor":41,"turns":5},{"damage":1,"enemies":"Giant Head","floor":44,"turns":13},{"damage":29,"enemies":"Transient","floor":45,"turns":5},{"damage":16,"enemies":"Nemesis","floor":46,"turns":9},{"damage":8,"enemies":"Jaw Worm Horde","floor":48,"turns":5},{"damage":77,"enemies":"Awakened One","floor":50,"turns":11},{"damage":62,"enemies":"Shield and Spear","floor":54,"turns":6},{"damage":56,"enemies":"The Heart","floor":55,"turns":13}],"seed_played":"3842537875224189446","potions_obtained":[{"floor":3,"key":"EssenceOfSteel"},{"floor":5,"key":"PowerPotion"},{"floor":13,"key":"FairyPotion"},{"floor":18,"key":"Fruit Juice"},{"floor":24,"key":"Fire Potion"},{"floor":33,"key":"FocusPotion"},{"floor":44,"key":"Poison Potion"},{"floor":46,"key":"Dexterity Potion"}],"is_trial":false,"path_per_floor":["M","?","?","T","?","?","?","?"],"character_chosen":"DEFECT","items_purchased":["Ice Cream","DataDisk","Glacier","LiquidBronze"],"campfire_rested":4,"item_purchase_floors":[14,36,36,53],"current_hp_per_floor":[63,62,50,43,37,37,10,10,10,32,50,50,38,38,38,38,66,31,25,25,15,6,28,28,28,28,52,45,45,45,45,45,37,67,63,63,65,65,65,58,66,66,66,81,72,80,80,87,87,34,74,87,87,38,8],"gold":119,"neow_bonus":"HUNDRED_GOLD","is_prod":false,"is_daily":false,"chose_seed":false,"campfire_upgraded":8,"win_rate":0,"timestamp":1553989035,"path_taken":["M","M","M","M","M","R","E","?","T","R","?","R","E","$","R","BOSS","M","?","?","M","M","R","E","R","T","R","E","R","?","$","R","BOSS","M","$","?","?","?","E","M","R","T","E","M","E","R","M","R","BOSS","R","$","E","BOSS"],"build_version":"2019-01-23","purchased_purges":1,"victory":true,"max_hp_per_floor":[75,75,75,75,75,75,75,75,75,75,75,75,75,75,75,75,75,75,75,75,75,75,75,80,80,80,80,80,80,80,77,77,77,77,79,79,81,81,77,79,79,79,79,81,83,85,85,87,87,87,87,87,87,94,94],"card_choices":[{"not_picked":["Static Discharge","Hologram"],"picked":"Ball Lightning","floor":1},{"not_picked":["Hologram","White Noise"],"picked":"Glacier","floor":2},{"not_picked":["Compile Driver","Gash"],"picked":"Doom and Gloom","floor":3},{"not_picked":["Turbo","Redo"],"picked":"Leap","floor":4},{"not_picked":["Barrage","Cold Snap"],"picked":"Biased Cognition","floor":5},{"not_picked":["Steam","Redo"],"picked":"Capacitor","floor":7},{"not_picked":["Gash","Sunder"],"picked":"Electrodynamics","floor":8},{"not_picked":["Capacitor","FTL"],"picked":"Defragment","floor":13},{"not_picked":["Core Surge","Reboot"],"picked":"Buffer","floor":16},{"not_picked":["Rebound","Gash+1","Turbo"],"picked":"SKIP","floor":18},{"not_picked":["Barrage+1","Turbo","Gash+1"],"picked":"SKIP","floor":21},{"not_picked":["Beam Cell","Hologram+1","Thunder Strike"],"picked":"SKIP","floor":22},{"not_picked":["Compile Driver","Redo+1"],"picked":"Defragment","floor":24},{"not_picked":["Conserve Battery","Reinforced Body"],"picked":"Sunder+1","floor":28},{"not_picked":["All For One","Seek"],"picked":"Echo Form","floor":33},{"not_picked":["Sweeping Beam","Leap","Barrage"],"picked":"Singing Bowl","floor":35},{"not_picked":["Flash of Steel","Mind Blast","Blind"],"picked":"Singing Bowl","floor":37},{"not_picked":["Aggregate+1","Ball Lightning+1","Rainbow"],"picked":"Singing Bowl","floor":40},{"not_picked":["Redo","Rebound+1"],"picked":"Glacier","floor":41},{"not_picked":["Go for the Eyes","Coolheaded","Core Surge"],"picked":"Singing Bowl","floor":44},{"not_picked":["Compile Driver","Hologram","Turbo+1"],"picked":"Singing Bowl","floor":45},{"not_picked":["Steam","Lockon+1","Darkness"],"picked":"Singing Bowl","floor":46},{"not_picked":["FTL+1","Rebound","Streamline+1"],"picked":"Singing Bowl","floor":48},{"not_picked":["Steam","Storm+1"],"picked":"Buffer","floor":54}],"player_experience":1302204,"relics_obtained":[{"floor":7,"key":"Cables"},{"floor":13,"key":"Ancient Tea Set"},{"floor":20,"key":"Whetstone"},{"floor":24,"key":"Singing Bowl"},{"floor":26,"key":"Dead Branch"},{"floor":28,"key":"Bag of Preparation"},{"floor":40,"key":"Bottled Flame"},{"floor":43,"key":"PreservedInsect"},{"floor":44,"key":"Potion Belt"},{"floor":46,"key":"Omamori"},{"floor":54,"key":"Strawberry"}],"event_choices":[{"damage_healed":18,"gold_gain":0,"player_choice":"Healed","damage_taken":0,"max_hp_gain":0,"max_hp_loss":0,"event_name":"The Cleric","floor":11,"gold_loss":35},{"damage_healed":0,"gold_gain":0,"player_choice":"Joined the Cult","damage_taken":6,"max_hp_gain":0,"max_hp_loss":0,"event_name":"Nest","floor":19,"gold_loss":0,"cards_obtained":["RitualDagger"]},{"damage_healed":0,"gold_gain":0,"player_choice":"Obtained Relic","damage_taken":0,"relics_obtained":["Bird Faced Urn"],"max_hp_gain":0,"max_hp_loss":0,"event_name":"Addict","floor":30,"gold_loss":85},{"damage_healed":0,"gold_gain":0,"player_choice":"Memory 1","damage_taken":0,"max_hp_gain":0,"max_hp_loss":0,"event_name":"SensoryStone","floor":37,"gold_loss":0},{"cards_removed":["Defend_B"],"damage_healed":0,"gold_gain":0,"player_choice":"Removed Skill","damage_taken":0,"max_hp_gain":0,"max_hp_loss":0,"event_name":"Falling","floor":38,"gold_loss":0},{"damage_healed":0,"gold_gain":0,"player_choice":"Max HP","damage_taken":0,"max_hp_gain":0,"max_hp_loss":4,"event_name":"Winding Halls","floor":39,"gold_loss":0}],"is_beta":false,"boss_relics":[{"not_picked":["Eternal Feather","Black Star"],"picked":"Cursed Key"},{"not_picked":["Runic Pyramid","Calling Bell"],"picked":"FrozenCore"}],"items_purged_floors":[31],"is_endless":false,"potions_floor_spawned":[3,5,13,16,18,24,33,35,40,44,46,48],"ascension_level":10}