{"gold_per_floor":[117,42,42,58,68,97,155,155,202,214,541,561,561,607,619,731,743,770,442,454,469,480,480,514,514,540,567,577,502,531,73,73,174,174],"floor_reached":34,"playtime":1610,"items_purged":["Defend_R","Defend_R","Defend_R"],"score":455,"play_id":"737562fb-24b4-468e-8c85-73a294781b1c","local_time":"20190314151529","is_ascension_mode":false,"campfire_choices":[{"data":"Cleave","floor":8,"key":"SMITH"},{"floor":15,"key":"REST"},{"data":"Iron Wave","floor":23,"key":"SMITH"},{"data":"Battle Trance","floor":25,"key":"SMITH"},{"data":"Thinking Ahead","floor":32,"key":"SMITH"}],"neow_cost":"NONE","seed_source_timestamp":96929004354724,"circlet_count":0,"master_deck":["Strike_R","Strike_R","Strike_R","Strike_R","Strike_R","Bash","Clash","Clash","Cleave+1","Clash","Iron Wave+1","Twin Strike+1","Carnage","Battle Trance+1","Thinking Ahead+1"],"relics":["Black Blood","NeowsBlessing","CultistMask","Happy Flower","Centennial Puzzle","Dream Catcher","Old Coin","MawBank","Dodecahedron","Coffee Dripper","Gremlin Horn","StoneCalendar","Anchor","Art of War","Blood Vial","Pen Nib"],"potions_floor_usage":[11,20,27,33],"damage_taken":[{"damage":0,"enemies":"Small Slimes","floor":1,"turns":1},{"damage":0,"enemies":"Cultist","floor":4,"turns":1},{"damage":0,"enemies":"Jaw Worm","floor":5,"turns":1},{"damage":27,"enemies":"Gremlin Nob","floor":6,"turns":4},{"damage":18,"enemies":"3 Sentries","floor":7,"turns":5},{"damage":0,"enemies":"Looter","floor":10,"turns":1},{"damage":18,"enemies":"Lagavulin","floor":11,"turns":3},{"damage":5,"enemies":"Large Slime","floor":12,"turns":5},{"damage":4,"enemies":"3 Sentries","floor":14,"turns":4},{"damage":27,"enemies":"Hexaghost","floor":16,"turns":8},{"damage":0,"enemies":"Spheric Guardian","floor":18,"turns":3},{"damage":0,"enemies":"3 Byrds","floor":20,"turns":3},{"damage":6,"enemies":"3 Cultists","floor":21,"turns":3},{"damage":32,"enemies":"Snake Plant","floor":22,"turns":3},{"damage":14,"enemies":"Gremlin Leader","floor":24,"turns":4},{"damage":2,"enemies":"Slavers","floor":27,"turns":3},{"damage":0,"enemies":"Centurion and Healer","floor":28,"turns":3},{"damage":27,"enemies":"Gremlin Leader","floor":30,"turns":3},{"damage":35,"enemies":"Automaton","floor":33,"turns":6}],"seed_played":"7501585344035805823","potions_obtained":[{"floor":6,"key":"FearPotion"},{"floor":7,"key":"Swift Potion"},{"floor":10,"key":"Poison Potion"},{"floor":16,"key":"SkillPotion"},{"floor":24,"key":"LiquidBronze"},{"floor":28,"key":"LiquidBronze"},{"floor":30,"key":"Ancient Potion"},{"floor":33,"key":"Explosive Potion"}],"is_trial":false,"path_per_floor":["?","M","?","?","?"],"character_chosen":"IRONCLAD","items_purchased":["Gremlin Horn","Pen Nib","Thinking Ahead"],"campfire_rested":1,"item_purchase_floors":[19,31,31],"current_hp_per_floor":[80,80,80,80,80,59,47,47,47,53,41,42,30,32,56,35,80,80,80,80,80,54,54,46,46,46,50,56,56,35,35,35,8,80],"gold":174,"neow_bonus":"THREE_ENEMY_KILL","is_prod":false,"is_daily":false,"chose_seed":false,"campfire_upgraded":4,"win_rate":0,"timestamp":1552590929,"path_taken":["M","$","?","?","M","E","?","R","T","M","E","M","?","E","R","BOSS","M","$","M","M","M","R","E","R","T","E","M","?","E","$","R","BOSS"],"build_version":"2019-01-23","purchased_purges":3,"victory":false,"max_hp_per_floor":[80,80,80,80,80,80,80,80,80,80,80,80,80,80,80,80,80,80,80,80,80,80,80,80,80,80,80,80,80,80,80,80,80,80],"card_choices":[{"not_picked":["Pommel Strike","Perfected Strike"],"picked":"Clash","floor":1},{"not_picked":["Twin Strike","Warcry","Disarm"],"picked":"SKIP","floor":4},{"not_picked":["Warcry","Entrench"],"picked":"Clash","floor":5},{"not_picked":["Pommel Strike","Searing Blow"],"picked":"Cleave","floor":6},{"not_picked":["Bloodletting","Armaments"],"picked":"Clash","floor":7},{"not_picked":["Fire Breathing","Shrug It Off"],"picked":"Iron Wave","floor":10},{"not_picked":["Clothesline","Demon Form","Hemokinesis"],"picked":"SKIP","floor":11},{"not_picked":["True Grit","Sentinel","Heavy Blade"],"picked":"SKIP","floor":12},{"not_picked":["Offering","Pommel Strike","Spot Weakness"],"picked":"SKIP","floor":14},{"not_picked":["Thunderclap","Infernal Blade","Blood for Blood"],"picked":"SKIP","floor":18},{"not_picked":["Blood for Blood","Dropkick","Thunderclap"],"picked":"SKIP","floor":20},{"not_picked":["Infernal Blade","Anger"],"picked":"Twin Strike+1","floor":21},{"not_picked":["Havoc","Combust+1"],"picked":"Carnage","floor":22},{"not_picked":["Havoc+1","Armaments"],"picked":"Battle Trance","floor":24},{"not_picked":["Flame Barrier","Anger","Havoc"],"picked":"SKIP","floor":27},{"not_picked":["Intimidate+1","Demon Form","Armaments+1"],"picked":"SKIP","floor":28},{"not_picked":["Entrench","Flex+1","Body Slam"],"picked":"SKIP","floor":30}],"player_experience":633694,"relics_obtained":[{"floor":6,"key":"Happy Flower"},{"floor":7,"key":"Centennial Puzzle"},{"floor":9,"key":"Dream Catcher"},{"floor":11,"key":"Old Coin"},{"floor":14,"key":"Dodecahedron"},{"floor":24,"key":"StoneCalendar"},{"floor":26,"key":"Anchor"},{"floor":27,"key":"Art of War"},{"floor":30,"key":"Blood Vial"}],"event_choices":[{"damage_healed":0,"gold_gain":0,"player_choice":"Trade","damage_taken":0,"relics_obtained":["CultistMask"],"max_hp_gain":0,"max_hp_loss":0,"event_name":"FaceTrader","floor":3,"gold_loss":0},{"damage_healed":0,"gold_gain":0,"player_choice":"Searched \u00271\u0027 times","damage_taken":0,"max_hp_gain":0,"max_hp_loss":0,"event_name":"Dead Adventurer","floor":7,"gold_loss":0},{"damage_healed":0,"gold_gain":0,"player_choice":"Success","damage_taken":12,"relics_obtained":["MawBank"],"max_hp_gain":0,"max_hp_loss":0,"event_name":"Scrap Ooze","floor":13,"gold_loss":0},{"cards_removed":["Defend_R"],"damage_healed":0,"gold_gain":0,"player_choice":"Gave Gold","damage_taken":0,"max_hp_gain":0,"max_hp_loss":0,"event_name":"Beggar","floor":29,"gold_loss":75}],"is_beta":false,"boss_relics":[{"not_picked":["White Beast Statue","Pandora\u0027s Box"],"picked":"Coffee Dripper"},{"not_picked":["Tiny House","Calling Bell"],"picked":"Black Blood"}],"items_purged_floors":[2,19,31],"is_endless":false,"potions_floor_spawned":[6,7,10,16,24,28,30,33],"ascension_level":0}