{"gold_per_floor":[359,359,371,25,25,56,56,76,76,90,90,110,144,163,163,266,266,276,294,294,294,304,304,88,116,140,173,186,237,237,257,257,362,362,378,82,95,111,122,152,152,152,179,213,325,347,359,390,402,414],"floor_reached":50,"playtime":8005,"items_purged":[],"score":770,"play_id":"b53e07a9-a902-44b6-944b-f1064a2e24c3","local_time":"20190411103319","is_ascension_mode":true,"campfire_choices":[{"floor":11,"key":"REST"},{"floor":15,"key":"REST"},{"floor":23,"key":"REST"},{"floor":30,"key":"REST"},{"floor":32,"key":"REST"},{"floor":42,"key":"REST"},{"floor":49,"key":"REST"}],"neow_cost":"CURSE","seed_source_timestamp":62676799466901,"circlet_count":0,"master_deck":["Strike_R","Strike_R","Strike_R","Strike_R","Strike_R+1","Defend_R","Defend_R","Defend_R","Defend_R","Bash","Injury","Armaments","Shockwave","Metallicize+1","Heavy Blade+1","Thunderclap","Body Slam","Metallicize","Dual Wield","Headbutt","Thunderclap","Double Tap","Dual Wield+1","Flame Barrier","Corruption","Body Slam","Metallicize","Pummel+1","Shrug It Off","Cleave","Clumsy","Dropkick","Warcry","Fiend Fire","Evolve+1","Pummel","Ghostly Armor+1","Reaper","Spot Weakness","Intimidate+1","Inflame+1","Madness","Madness","Shockwave","Parasite","Barricade","Flex+1"],"relics":["Burning Blood","Matryoshka","Brimstone","Vajra","Orichalcum","Dream Catcher","Shovel","Cursed Key","Mercury Hourglass","Pen Nib","Self Forming Clay","Happy Flower","Strawberry","Whetstone","PreservedInsect","Orrery","Dead Branch","Regal Pillow","Anchor","MawBank","Mango"],"potions_floor_usage":[10,14,14,14,14,14,16,22,22,22,25,33,33,40,44,45,48,50],"damage_taken":[{"damage":2,"enemies":"2 Louse","floor":1,"turns":3},{"damage":3,"enemies":"Small Slimes","floor":3,"turns":4},{"damage":57,"enemies":"3 Sentries","floor":6,"turns":7},{"damage":0,"enemies":"Cultist","floor":8,"turns":3},{"damage":8,"enemies":"Large Slime","floor":10,"turns":5},{"damage":10,"enemies":"Exordium Wildlife","floor":12,"turns":3},{"damage":1,"enemies":"Gremlin Nob","floor":13,"turns":3},{"damage":0,"enemies":"Gremlin Gang","floor":14,"turns":2},{"damage":19,"enemies":"Slime Boss","floor":16,"turns":5},{"damage":52,"enemies":"3 Byrds","floor":18,"turns":5},{"damage":14,"enemies":"2 Thieves","floor":19,"turns":3},{"damage":0,"enemies":"Cultist and Chosen","floor":22,"turns":4},{"damage":33,"enemies":"Slavers","floor":25,"turns":5},{"damage":29,"enemies":"Gremlin Leader","floor":27,"turns":4},{"damage":8,"enemies":"Chosen and Byrds","floor":28,"turns":4},{"damage":0,"enemies":"3 Cultists","floor":31,"turns":3},{"damage":80,"enemies":"Automaton","floor":33,"turns":8},{"damage":24,"enemies":"3 Darklings","floor":35,"turns":5},{"damage":0,"enemies":"Orb Walker","floor":37,"turns":1},{"damage":13,"enemies":"Transient","floor":38,"turns":5},{"damage":29,"enemies":"4 Shapes","floor":39,"turns":3},{"damage":10,"enemies":"Giant Head","floor":40,"turns":6},{"damage":36,"enemies":"Nemesis","floor":44,"turns":5},{"damage":25,"enemies":"Mind Bloom Boss Battle","floor":45,"turns":4},{"damage":33,"enemies":"Sphere and 2 Shapes","floor":46,"turns":4},{"damage":24,"enemies":"3 Darklings","floor":48,"turns":3},{"damage":89,"enemies":"Time Eater","floor":50,"turns":6}],"seed_played":"1946591915622153438","potions_obtained":[{"floor":3,"key":"SpeedPotion"},{"floor":6,"key":"Swift Potion"},{"floor":12,"key":"EntropicBrew"},{"floor":13,"key":"Weak Potion"},{"floor":14,"key":"Fire Potion"},{"floor":19,"key":"FearPotion"},{"floor":21,"key":"Regen Potion"},{"floor":21,"key":"Regen Potion"},{"floor":21,"key":"Explosive Potion"},{"floor":22,"key":"Block Potion"},{"floor":27,"key":"Dexterity Potion"},{"floor":31,"key":"Block Potion"},{"floor":39,"key":"Block Potion"},{"floor":40,"key":"Swift Potion"},{"floor":44,"key":"PowerPotion"},{"floor":45,"key":"Poison Potion"},{"floor":46,"key":"EssenceOfSteel"}],"is_trial":false,"path_per_floor":["M","?","M","$","?","E","?","M","T","M","R","M","E","M","R","B",null,"M","M","?","?","M","R","$","E","T","E","M","T","R","M","R","B",null,"M","$","M","M","M","E","?","R","T","E","?","M","?","M","R","B"],"character_chosen":"IRONCLAD","items_purchased":["Brimstone","Vajra","Metallicize","Pen Nib","Dead Branch"],"campfire_rested":7,"item_purchase_floors":[4,4,24,24,36],"current_hp_per_floor":[80,62,65,65,65,14,14,20,20,18,42,38,43,49,73,60,80,34,26,26,26,59,80,80,53,60,37,35,35,61,67,87,13,87,69,69,75,87,64,60,49,87,87,57,52,25,25,39,84,0],"gold":414,"neow_bonus":"TWO_FIFTY_GOLD","is_prod":false,"is_daily":false,"chose_seed":false,"campfire_upgraded":0,"win_rate":0,"timestamp":1554975199,"path_taken":["M","?","M","$","?","E","?","?","T","M","R","M","E","M","R","BOSS","M","M","?","?","?","R","$","E","T","E","M","?","R","M","R","BOSS","M","$","M","M","M","E","?","R","T","E","?","M","?","?","R","BOSS"],"build_version":"2019-01-23","purchased_purges":0,"victory":false,"max_hp_per_floor":[80,80,80,80,80,80,80,80,80,80,80,80,80,80,80,80,80,80,80,80,80,80,80,80,80,87,87,87,87,87,87,87,87,87,87,87,87,87,87,87,87,87,87,87,101,101,101,101,101,101],"card_choices":[{"not_picked":["Warcry","Iron Wave"],"picked":"Armaments","floor":1},{"not_picked":["True Grit","Rampage"],"picked":"Shockwave","floor":3},{"not_picked":["Blood for Blood","True Grit"],"picked":"Metallicize","floor":6},{"not_picked":["Reckless Charge","Twin Strike"],"picked":"Heavy Blade","floor":8},{"not_picked":["Rage","Brutality"],"picked":"Thunderclap","floor":10},{"not_picked":["Pommel Strike","Iron Wave"],"picked":"Body Slam","floor":11},{"not_picked":["Inflame","Rampage"],"picked":"Metallicize","floor":12},{"not_picked":["Sentinel","Hemokinesis"],"picked":"Dual Wield","floor":13},{"not_picked":["Cleave","Iron Wave"],"picked":"Headbutt","floor":14},{"not_picked":["Feel No Pain","Havoc"],"picked":"Thunderclap","floor":15},{"not_picked":["Berserk","Reaper"],"picked":"Double Tap","floor":16},{"not_picked":["Twin Strike","Second Wind"],"picked":"Dual Wield+1","floor":18},{"not_picked":["Wild Strike","Power Through+1"],"picked":"Flame Barrier","floor":19},{"not_picked":["Flex","Wild Strike"],"picked":"Corruption","floor":22},{"not_picked":["Reckless Charge+1","Sever Soul+1"],"picked":"Body Slam","floor":23},{"not_picked":["Rage","Fire Breathing"],"picked":"Pummel+1","floor":25},{"not_picked":["Shockwave","Searing Blow"],"picked":"Shrug It Off","floor":27},{"not_picked":["Blood for Blood","Evolve"],"picked":"Cleave","floor":28},{"not_picked":["Carnage","Body Slam"],"picked":"Dropkick","floor":31},{"not_picked":["Hemokinesis+1","Rampage+1"],"picked":"Warcry","floor":32},{"not_picked":["Reaper","Dark Embrace"],"picked":"Fiend Fire","floor":33},{"not_picked":["Anger","Hemokinesis"],"picked":"Evolve+1","floor":34},{"not_picked":["Havoc","Pommel Strike+1"],"picked":"Pummel","floor":34},{"not_picked":["Entrench+1","Shrug It Off"],"picked":"Ghostly Armor+1","floor":34},{"not_picked":["Wild Strike+1","Anger+1"],"picked":"Reaper","floor":35},{"not_picked":["Wild Strike","Shrug It Off","Reckless Charge+1"],"picked":"SKIP","floor":37},{"not_picked":["Sever Soul","Clash+1"],"picked":"Spot Weakness","floor":38},{"not_picked":["Twin Strike","Blood for Blood"],"picked":"Intimidate+1","floor":39},{"not_picked":["Cleave","Blood for Blood"],"picked":"Inflame+1","floor":40},{"not_picked":["Thunderclap","Wild Strike"],"picked":"Shockwave","floor":42},{"not_picked":["Havoc+1","Hemokinesis"],"picked":"Barricade","floor":44},{"not_picked":["Combust","Burning Pact","Havoc"],"picked":"SKIP","floor":46},{"not_picked":["Twin Strike+1","Hemokinesis+1"],"picked":"Flex+1","floor":48}],"player_experience":406220,"relics_obtained":[{"floor":6,"key":"Orichalcum"},{"floor":9,"key":"Dream Catcher"},{"floor":13,"key":"Shovel"},{"floor":25,"key":"Self Forming Clay"},{"floor":26,"key":"Happy Flower"},{"floor":26,"key":"Strawberry"},{"floor":27,"key":"Whetstone"},{"floor":29,"key":"PreservedInsect"},{"floor":40,"key":"Regal Pillow"},{"floor":43,"key":"Anchor"},{"floor":44,"key":"MawBank"},{"floor":45,"key":"Mango"}],"event_choices":[{"damage_healed":0,"gold_gain":0,"player_choice":"Success","damage_taken":18,"relics_obtained":["Matryoshka"],"max_hp_gain":0,"max_hp_loss":0,"event_name":"Scrap Ooze","floor":2,"gold_loss":0},{"damage_healed":0,"gold_gain":0,"player_choice":"Leave","damage_taken":0,"max_hp_gain":0,"max_hp_loss":0,"event_name":"The Cleric","floor":5,"gold_loss":0},{"damage_healed":0,"gold_gain":0,"player_choice":"Forge","damage_taken":0,"max_hp_gain":0,"max_hp_loss":0,"event_name":"Accursed Blacksmith","floor":7,"gold_loss":0,"cards_upgraded":["Metallicize"]},{"damage_healed":0,"gold_gain":0,"player_choice":"Opened","damage_taken":0,"relics_obtained":["Mercury Hourglass"],"max_hp_gain":0,"max_hp_loss":0,"event_name":"The Mausoleum","floor":20,"gold_loss":0},{"damage_healed":0,"gold_gain":0,"player_choice":"Got Potions","damage_taken":0,"max_hp_gain":0,"max_hp_loss":0,"event_name":"Lab","floor":21,"gold_loss":0},{"damage_healed":0,"gold_gain":0,"player_choice":"Embrace Madness","damage_taken":11,"max_hp_gain":0,"max_hp_loss":0,"event_name":"Winding Halls","floor":41,"gold_loss":0,"cards_obtained":["Madness","Madness"]},{"damage_healed":0,"gold_gain":0,"player_choice":"Fight","damage_taken":0,"max_hp_gain":0,"max_hp_loss":0,"event_name":"MindBloom","floor":45,"gold_loss":0},{"cards_removed":["Normality"],"damage_healed":0,"gold_gain":0,"player_choice":"Purged","damage_taken":0,"max_hp_gain":0,"max_hp_loss":0,"event_name":"Purifier","floor":47,"gold_loss":0}],"is_beta":false,"boss_relics":[{"not_picked":["Runic Pyramid","Mark of Pain"],"picked":"Cursed Key"},{"not_picked":["Coffee Dripper","Runic Cube"],"picked":"Orrery"}],"items_purged_floors":[],"is_endless":false,"potions_floor_spawned":[3,6,12,13,14,19,22,27,31,39,40,44,45,46],"killed_by":"Time Eater","ascension_level":4}