{"gold_per_floor":[115,115,215,229,246,281,281,300,351,351,183,183,73,137,137,233,233,253,263,263],"floor_reached":20,"playtime":2321,"items_purged":["Strike_B"],"score":181,"play_id":"169577d7-0d1a-4cd0-827e-76546b2cecf0","local_time":"20190408003857","is_ascension_mode":true,"campfire_choices":[{"floor":7,"key":"REST"},{"data":"Turbo","floor":12,"key":"SMITH"},{"floor":15,"key":"REST"}],"neow_cost":"NONE","seed_source_timestamp":244131132383006,"circlet_count":0,"master_deck":["Strike_B","Strike_B","Defend_B","Defend_B","Defend_B","Defend_B","Zap","Dualcast","Sweeping Beam","Cold Snap","Double Energy","Hologram","Cold Snap","Turbo+1","Loop","Blizzard","Cold Snap","Creative AI"],"relics":["Cracked Core","NeowsBlessing","Singing Bowl","Ancient Tea Set","Art of War"],"potions_floor_usage":[6,16,19],"damage_taken":[{"damage":0,"enemies":"Cultist","floor":1,"turns":1},{"damage":0,"enemies":"Small Slimes","floor":4,"turns":1},{"damage":0,"enemies":"Jaw Worm","floor":5,"turns":1},{"damage":31,"enemies":"Gremlin Nob","floor":6,"turns":5},{"damage":8,"enemies":"Exordium Thugs","floor":8,"turns":5},{"damage":35,"enemies":"Gremlin Nob","floor":14,"turns":6},{"damage":25,"enemies":"The Guardian","floor":16,"turns":15},{"damage":13,"enemies":"Spheric Guardian","floor":18,"turns":8},{"damage":12,"enemies":"Shell Parasite","floor":19,"turns":10},{"damage":67,"enemies":"Chosen and Byrds","floor":20,"turns":7}],"seed_played":"-8830265001536542087","potions_obtained":[{"floor":1,"key":"Energy Potion"},{"floor":4,"key":"Explosive Potion"},{"floor":6,"key":"Energy Potion"}],"is_trial":false,"path_per_floor":["M","?","?","M","M","E","R","M","T","T","$","R","$","?","R","B",null,"M","M","M"],"character_chosen":"DEFECT","items_purchased":["Cold Snap","Turbo","Loop","Blizzard"],"campfire_rested":2,"item_purchase_floors":[11,11,13,13],"current_hp_per_floor":[75,68,68,68,68,39,62,54,54,54,54,54,54,19,42,17,77,66,56,0],"gold":263,"neow_bonus":"THREE_ENEMY_KILL","is_prod":false,"is_daily":false,"chose_seed":false,"campfire_upgraded":1,"win_rate":0,"timestamp":1554701937,"path_taken":["M","?","?","?","M","E","R","M","T","?","$","R","?","?","R","BOSS","M","M","M"],"build_version":"2019-01-23","purchased_purges":1,"victory":false,"max_hp_per_floor":[75,75,75,75,75,77,77,77,77,77,77,77,77,77,77,77,77,79,81,81],"card_choices":[{"not_picked":["Force Field","Chaos"],"picked":"Sweeping Beam","floor":1},{"not_picked":["Redo","Static Discharge"],"picked":"Cold Snap","floor":4},{"not_picked":["Turbo","Biased Cognition"],"picked":"Double Energy","floor":5},{"not_picked":["Compile Driver","FTL","Rebound"],"picked":"Singing Bowl","floor":6},{"not_picked":["Compile Driver","Rebound"],"picked":"Hologram","floor":8},{"not_picked":["Auto Shields","Chaos"],"picked":"Cold Snap","floor":14},{"not_picked":["All For One","Amplify"],"picked":"Creative AI","floor":16},{"not_picked":["Chaos","Ball Lightning+1","Auto Shields"],"picked":"Singing Bowl","floor":18},{"not_picked":["Streamline","Conserve Battery","Skim"],"picked":"Singing Bowl","floor":19}],"player_experience":173968,"relics_obtained":[{"floor":6,"key":"Singing Bowl"},{"floor":9,"key":"Ancient Tea Set"},{"floor":14,"key":"Art of War"}],"event_choices":[{"cards_removed":["Strike_B"],"damage_healed":0,"gold_gain":0,"player_choice":"Card Removal","damage_taken":7,"max_hp_gain":0,"max_hp_loss":0,"event_name":"Golden Wing","floor":2,"gold_loss":0},{"damage_healed":0,"gold_gain":100,"player_choice":"Gold","damage_taken":0,"max_hp_gain":0,"max_hp_loss":0,"event_name":"Wheel of Change","floor":3,"gold_loss":0},{"damage_healed":0,"gold_gain":0,"player_choice":"Searched \u00272\u0027 times","damage_taken":0,"max_hp_gain":0,"max_hp_loss":0,"event_name":"Dead Adventurer","floor":14,"gold_loss":0}],"is_beta":false,"boss_relics":[{"not_picked":["Runic Dome","Calling Bell","Velvet Choker"]}],"items_purged_floors":[11],"is_endless":false,"potions_floor_spawned":[1,4,6],"killed_by":"Chosen and Byrds","ascension_level":1}