{"gold_per_floor":[115,135,85,104,123,123,123,140,167,187,199,199,199,145,145,145],"floor_reached":16,"playtime":520,"items_purged":[],"score":94,"play_id":"bd703e05-af78-4992-afa9-10174edc63f4","local_time":"20190211160030","is_ascension_mode":false,"campfire_choices":[{"data":"Cloak And Dagger","floor":6,"key":"SMITH"},{"data":"Backstab","floor":13,"key":"SMITH"},{"data":"Blade Dance","floor":15,"key":"SMITH"}],"neow_cost":"NONE","seed_source_timestamp":1136770813368039,"circlet_count":0,"master_deck":["Defend_G","Defend_G","Defend_G","Defend_G","Strike_G","Strike_G","Strike_G","Strike_G","Survivor","Neutralize","Reflex","Cloak And Dagger+1","Blade Dance","Backstab+1","Crippling Poison","Prepared","Blade Dance+1","Prepared","Outmaneuver"],"relics":["Ring of the Snake"],"potions_floor_usage":[16],"damage_taken":[{"damage":0,"enemies":"Jaw Worm","floor":1,"turns":4},{"damage":2,"enemies":"2 Louse","floor":2,"turns":4},{"damage":1,"enemies":"Cultist","floor":4,"turns":5},{"damage":0,"enemies":"2 Fungi Beasts","floor":5,"turns":3},{"damage":15,"enemies":"Large Slime","floor":8,"turns":6},{"damage":0,"enemies":"Lots of Slimes","floor":10,"turns":2},{"damage":0,"enemies":"2 Fungi Beasts","floor":11,"turns":2},{"damage":71,"enemies":"Hexaghost","floor":16,"turns":15}],"seed_played":"-7560169645207867960","potions_obtained":[{"floor":4,"key":"SpeedPotion"},{"floor":10,"key":"FairyPotion"}],"is_trial":false,"path_per_floor":["M","M","?","M","M","R","?","M","T","M","M","?","R","$","R","B"],"character_chosen":"THE_SILENT","items_purchased":["Outmaneuver"],"campfire_rested":0,"item_purchase_floors":[14],"current_hp_per_floor":[77,75,75,74,74,74,74,59,59,59,59,59,59,59,59,0],"gold":145,"neow_bonus":"TEN_PERCENT_HP_BONUS","is_prod":false,"is_daily":false,"chose_seed":false,"campfire_upgraded":3,"win_rate":0,"timestamp":1549926030,"path_taken":["M","M","?","M","M","R","?","M","T","M","?","?","R","$","R","BOSS"],"build_version":"2019-01-23","purchased_purges":0,"victory":false,"max_hp_per_floor":[77,77,77,77,77,77,77,77,77,77,77,77,77,77,77,77],"card_choices":[{"not_picked":["PiercingWail","Well Laid Plans"],"picked":"Reflex","floor":1},{"not_picked":["PiercingWail","Acrobatics"],"picked":"Cloak And Dagger","floor":2},{"not_picked":["Eviscerate","Backflip"],"picked":"Blade Dance","floor":4},{"not_picked":["Leg Sweep","Backflip"],"picked":"Backstab","floor":5},{"not_picked":["Masterful Stab","Terror"],"picked":"Prepared","floor":8},{"not_picked":["Eviscerate","Flying Knee"],"picked":"Blade Dance","floor":10},{"not_picked":["Acrobatics","Dagger Throw"],"picked":"Prepared","floor":11}],"player_experience":1437225,"relics_obtained":[],"event_choices":[{"cards_removed":["Strike_G"],"damage_healed":0,"gold_gain":0,"player_choice":"Card Removal","damage_taken":0,"max_hp_gain":0,"max_hp_loss":0,"event_name":"The Cleric","floor":3,"gold_loss":50},{"damage_healed":0,"gold_gain":0,"cards_transformed":["Defend_G"],"player_choice":"Transformed","damage_taken":0,"max_hp_gain":0,"max_hp_loss":0,"event_name":"Transmorgrifier","floor":7,"gold_loss":0,"cards_obtained":["Crippling Poison"]},{"damage_healed":0,"gold_gain":0,"player_choice":"Ignored","damage_taken":0,"max_hp_gain":0,"max_hp_loss":0,"event_name":"Golden Idol","floor":12,"gold_loss":0}],"is_beta":false,"boss_relics":[],"items_purged_floors":[],"is_endless":false,"potions_floor_spawned":[4,10],"killed_by":"Hexaghost","ascension_level":0}