{"gold_per_floor":[110,110,110,135,159,194,194,207,234,234,112,12,52,52,52,52],"floor_reached":16,"playtime":642,"items_purged":["Defend_R","Defend_R"],"score":108,"play_id":"5f459635-64c2-4190-9bf0-fd93e3b6285d","local_time":"20190210213718","is_ascension_mode":false,"campfire_choices":[{"floor":7,"key":"REST"},{"floor":10,"key":"REST"},{"floor":15,"key":"REST"}],"neow_cost":"NONE","seed_source_timestamp":291969084343734,"circlet_count":0,"master_deck":["Strike_R","Strike_R","Strike_R","Strike_R","Strike_R","Defend_R","Defend_R","Clash","Decay"],"relics":["Burning Blood","Golden Idol","Potion Belt","Dream Catcher","Bag of Preparation"],"potions_floor_usage":[6,6,13],"damage_taken":[{"damage":5,"enemies":"Jaw Worm","floor":1,"turns":5},{"damage":9,"enemies":"Small Slimes","floor":4,"turns":5},{"damage":2,"enemies":"2 Louse","floor":5,"turns":3},{"damage":54,"enemies":"Lagavulin","floor":6,"turns":9},{"damage":6,"enemies":"Gremlin Gang","floor":8,"turns":10},{"damage":30,"enemies":"3 Sentries","floor":13,"turns":12},{"damage":63,"enemies":"Hexaghost","floor":16,"turns":7}],"seed_played":"5353637660356088273","potions_obtained":[{"floor":1,"key":"AttackPotion"},{"floor":4,"key":"Fire Potion"},{"floor":8,"key":"EssenceOfSteel"}],"is_trial":false,"path_per_floor":["?","?","$","?"],"character_chosen":"IRONCLAD","items_purchased":["Clash"],"campfire_rested":3,"item_purchase_floors":[11],"current_hp_per_floor":[80,80,60,57,61,13,37,37,37,61,61,61,37,37,61,0],"gold":52,"neow_bonus":"TRANSFORM_CARD","is_prod":false,"is_daily":false,"chose_seed":false,"campfire_upgraded":0,"win_rate":0,"timestamp":1549852638,"path_taken":["M","?","?","M","M","E","R","M","T","R","?","$","E","?","R","BOSS"],"build_version":"2019-01-23","purchased_purges":2,"victory":false,"max_hp_per_floor":[80,80,80,80,80,80,80,80,80,80,80,80,80,80,80,80],"card_choices":[{"not_picked":["Intimidate","Uppercut","Headbutt"],"picked":"SKIP","floor":1},{"not_picked":["Iron Wave","Whirlwind","Evolve"],"picked":"SKIP","floor":4},{"not_picked":["Wild Strike","Rage","Pummel"],"picked":"SKIP","floor":5},{"not_picked":["Bloodletting","Sever Soul","Immolate"],"picked":"SKIP","floor":6},{"not_picked":["Cleave","Wild Strike","Feel No Pain"],"picked":"SKIP","floor":8},{"not_picked":["Anger","Thunderclap","Combust"],"picked":"SKIP","floor":13}],"player_experience":391641,"relics_obtained":[{"floor":6,"key":"Potion Belt"},{"floor":9,"key":"Dream Catcher"},{"floor":13,"key":"Bag of Preparation"}],"event_choices":[{"cards_removed":["Dark Embrace"],"damage_healed":0,"gold_gain":0,"player_choice":"Forget","damage_taken":0,"max_hp_gain":0,"max_hp_loss":0,"event_name":"Living Wall","floor":2,"gold_loss":0},{"damage_healed":0,"gold_gain":0,"player_choice":"Take Damage","damage_taken":20,"relics_obtained":["Golden Idol"],"max_hp_gain":0,"max_hp_loss":0,"event_name":"Golden Idol","floor":3,"gold_loss":0},{"damage_healed":0,"gold_gain":0,"player_choice":"Cursed","damage_taken":0,"max_hp_gain":0,"max_hp_loss":0,"event_name":"Wheel of Change","floor":14,"gold_loss":0,"cards_obtained":["Decay"]}],"is_beta":false,"boss_relics":[],"items_purged_floors":[11,12],"is_endless":false,"potions_floor_spawned":[1,4,8],"killed_by":"Hexaghost","ascension_level":0}