{"gold_per_floor":[113,113,113,113,113,147,147,168,194,78,92,52,52,52,52,172,172,188,188,0,17,17,17,31,31,31,43,55,87,114,141,153,264,276,300,312,324,351,363,407,419,431,495,507,214,230,134,169,169,169],"floor_reached":51,"playtime":4483,"items_purged":["Strike_G","Defend_G","Defend_G"],"score":751,"play_id":"2303ad6c-5c95-4cca-8f30-67e401315028","local_time":"20190105173605","is_ascension_mode":false,"campfire_choices":[{"data":"Neutralize","floor":7,"key":"SMITH"},{"data":"Cloak And Dagger","floor":15,"key":"SMITH"},{"data":"Apotheosis","floor":23,"key":"SMITH"},{"data":"Accuracy","floor":25,"key":"SMITH"},{"data":"Prepared","floor":32,"key":"SMITH"},{"data":"Burst","floor":42,"key":"SMITH"},{"floor":44,"key":"RECALL"},{"data":"Footwork","floor":49,"key":"SMITH"}],"neow_cost":"NONE","seed_source_timestamp":338888302276551,"circlet_count":0,"master_deck":["Defend_G","Defend_G","Survivor","Accuracy+1","Infinite Blades","Well Laid Plans","Cloak And Dagger+1","Footwork+1","Burst+1","Apotheosis+1","Acrobatics","Dodge and Roll+1","Prepared+1","Setup+1","Blade Dance+1","Backstab+1","Underhanded Strike+1","Trip","Purity","Footwork+1","Backflip"],"relics":["Ring of the Snake","NeowsBlessing","Potion Belt","Bloody Idol","Molten Egg 2","Orichalcum","Bronze Scales","Empty Cage","MawBank","Orrery","Boot","Smiling Mask","Ninja Scroll","Ancient Tea Set"],"potions_floor_usage":[40,50,50,50,50,50],"damage_taken":[{"damage":0,"enemies":"2 Louse","floor":1,"turns":1},{"damage":0,"enemies":"Jaw Worm","floor":4,"turns":1},{"damage":0,"enemies":"3 Sentries","floor":6,"turns":2},{"damage":4,"enemies":"Small Slimes","floor":8,"turns":4},{"damage":1,"enemies":"Blue Slaver","floor":11,"turns":4},{"damage":14,"enemies":"Hexaghost","floor":16,"turns":11},{"damage":0,"enemies":"Chosen","floor":18,"turns":5},{"damage":6,"enemies":"Shell Parasite","floor":21,"turns":8},{"damage":17,"enemies":"Snake Plant","floor":24,"turns":6},{"damage":0,"enemies":"3 Cultists","floor":29,"turns":6},{"damage":0,"enemies":"Snecko","floor":30,"turns":8},{"damage":17,"enemies":"Snake Plant","floor":31,"turns":5},{"damage":0,"enemies":"Automaton","floor":33,"turns":13},{"damage":13,"enemies":"Orb Walker","floor":35,"turns":4},{"damage":13,"enemies":"3 Shapes","floor":38,"turns":5},{"damage":18,"enemies":"Reptomancer","floor":40,"turns":11},{"damage":7,"enemies":"Transient","floor":46,"turns":5},{"damage":14,"enemies":"Nemesis","floor":48,"turns":7},{"damage":55,"enemies":"Donu and Deca","floor":50,"turns":11}],"seed_played":"-9172785603725940927","potions_obtained":[{"floor":6,"key":"SteroidPotion"},{"floor":11,"key":"Swift Potion"},{"floor":16,"key":"Poison Potion"},{"floor":18,"key":"Strength Potion"},{"floor":24,"key":"Ancient Potion"},{"floor":35,"key":"Block Potion"},{"floor":48,"key":"Regen Potion"}],"is_trial":false,"path_per_floor":["M","?","?","M","?","E","R","M","T","$","M","$","T","?","R","B",null,"M","?","$","M","?","R","M","R","T","?","?","M","M","M","R","B",null,"M","?","?","M","?","E","?","R","T","R","$","M","$","E","R","B",null],"character_chosen":"THE_SILENT","items_purchased":["Well Laid Plans","Footwork","Apotheosis","Ninja Scroll","Backflip"],"campfire_rested":0,"item_purchase_floors":[10,12,20,45,47],"current_hp_per_floor":[70,70,52,52,35,35,35,31,31,31,30,30,30,23,23,9,70,70,70,70,69,69,69,57,57,57,62,67,70,70,58,63,70,70,62,57,62,59,64,56,61,66,66,66,66,64,64,55,55,15],"gold":169,"neow_bonus":"THREE_ENEMY_KILL","is_prod":false,"is_daily":false,"chose_seed":false,"campfire_upgraded":7,"win_rate":0,"timestamp":1546738565,"path_taken":["M","?","?","M","?","E","R","M","T","$","M","$","?","?","R","BOSS","M","?","$","M","?","R","M","R","T","?","?","?","M","M","R","BOSS","M","?","?","?","?","E","?","R","T","R","?","M","$","E","R","BOSS"],"build_version":"2019-01-03v4","purchased_purges":3,"victory":true,"max_hp_per_floor":[70,70,70,70,70,70,70,70,70,70,70,70,70,70,70,70,70,70,70,70,70,70,70,70,70,70,70,70,70,70,70,70,70,70,70,70,70,70,70,70,66,66,66,66,66,66,66,66,66,66],"card_choices":[{"not_picked":["Dagger Spray","Deadly Poison"],"picked":"Accuracy","floor":1},{"not_picked":["Slice","Flying Knee","Backflip"],"picked":"SKIP","floor":4},{"not_picked":["PiercingWail","Quick Slash","Riddle With Holes"],"picked":"SKIP","floor":6},{"not_picked":["Flying Knee+1","Bane+1"],"picked":"Infinite Blades","floor":8},{"not_picked":["Riddle With Holes+1","Dagger Spray+1"],"picked":"Cloak And Dagger","floor":11},{"not_picked":["Corpse Explosion","Die Die Die+1"],"picked":"Burst","floor":16},{"not_picked":["Flechettes+1","Skewer+1","Escape Plan"],"picked":"SKIP","floor":18},{"not_picked":["Outmaneuver","Masterful Stab+1"],"picked":"Acrobatics","floor":21},{"not_picked":["Riddle With Holes+1","Underhanded Strike+1","Flying Knee+1"],"picked":"SKIP","floor":24},{"not_picked":["Catalyst","Bane+1"],"picked":"Dodge and Roll+1","floor":29},{"not_picked":["Tactician","Riddle With Holes+1"],"picked":"Prepared","floor":30},{"not_picked":["Acrobatics","Prepared+1"],"picked":"Setup+1","floor":31},{"not_picked":["Sucker Punch+1","Concentrate"],"picked":"Blade Dance+1","floor":34},{"not_picked":["Slice+1","Dagger Spray+1"],"picked":"Backstab+1","floor":34},{"not_picked":["PiercingWail","Choke+1"],"picked":"Underhanded Strike+1","floor":35},{"not_picked":["Forethought","Swift Strike+1"],"picked":"Trip","floor":36},{"not_picked":["Flying Knee+1","Leg Sweep+1","Deflect+1"],"picked":"SKIP","floor":38},{"not_picked":["Prepared+1","Night Terror"],"picked":"Footwork+1","floor":40},{"not_picked":["Slice+1","Riddle With Holes+1","Acrobatics+1"],"picked":"SKIP","floor":46},{"not_picked":["Dagger Throw+1","Well Laid Plans","Dagger Spray+1"],"picked":"SKIP","floor":48}],"player_experience":103673,"relics_obtained":[{"floor":6,"key":"Molten Egg 2"},{"floor":9,"key":"Orichalcum"},{"floor":13,"key":"Bronze Scales"},{"floor":26,"key":"MawBank"},{"floor":40,"key":"Boot"},{"floor":43,"key":"Smiling Mask"},{"floor":48,"key":"Ancient Tea Set"}],"event_choices":[{"cards_removed":["Strike_G"],"damage_healed":0,"gold_gain":0,"player_choice":"Forget","damage_taken":0,"max_hp_gain":0,"max_hp_loss":0,"event_name":"Living Wall","floor":2,"gold_loss":0},{"damage_healed":0,"gold_gain":0,"player_choice":"Success","damage_taken":18,"relics_obtained":["Potion Belt"],"max_hp_gain":0,"max_hp_loss":0,"event_name":"Scrap Ooze","floor":3,"gold_loss":0},{"damage_healed":0,"gold_gain":0,"player_choice":"Take Damage","damage_taken":17,"relics_obtained":["Golden Idol"],"max_hp_gain":0,"max_hp_loss":0,"event_name":"Golden Idol","floor":5,"gold_loss":0},{"cards_removed":["Strike_G"],"damage_healed":0,"gold_gain":0,"player_choice":"Card Removal","damage_taken":7,"max_hp_gain":0,"max_hp_loss":0,"event_name":"Golden Wing","floor":14,"gold_loss":0},{"damage_healed":0,"gold_gain":0,"player_choice":"Gave Idol","damage_taken":0,"relics_obtained":["Bloody Idol"],"max_hp_gain":0,"max_hp_loss":0,"event_name":"Forgotten Altar","floor":19,"relics_lost":["Golden Idol"],"gold_loss":0},{"damage_healed":0,"gold_gain":0,"player_choice":"Ignored","damage_taken":0,"max_hp_gain":0,"max_hp_loss":0,"event_name":"Beggar","floor":22,"gold_loss":0},{"damage_healed":0,"gold_gain":0,"player_choice":"Ignored","damage_taken":0,"max_hp_gain":0,"max_hp_loss":0,"event_name":"Ghosts","floor":27,"gold_loss":0},{"cards_removed":["Defend_G"],"damage_healed":0,"gold_gain":0,"player_choice":"Purged","damage_taken":0,"max_hp_gain":0,"max_hp_loss":0,"event_name":"Purifier","floor":28,"gold_loss":0},{"damage_healed":0,"gold_gain":0,"player_choice":"Memory 3","damage_taken":10,"max_hp_gain":0,"max_hp_loss":0,"event_name":"SensoryStone","floor":36,"gold_loss":0},{"damage_healed":0,"gold_gain":0,"player_choice":"1 cards matched","damage_taken":0,"max_hp_gain":0,"max_hp_loss":0,"event_name":"Match and Keep!","floor":37,"gold_loss":0,"cards_obtained":["Purity"]},{"cards_removed":["Neutralize"],"damage_healed":0,"gold_gain":0,"player_choice":"Removed Attack","damage_taken":0,"max_hp_gain":0,"max_hp_loss":0,"event_name":"Falling","floor":39,"gold_loss":0},{"damage_healed":0,"gold_gain":0,"player_choice":"Max HP","damage_taken":0,"max_hp_gain":0,"max_hp_loss":4,"event_name":"Winding Halls","floor":41,"gold_loss":0}],"is_beta":false,"boss_relics":[{"not_picked":["Snecko Eye","White Beast Statue"],"picked":"Empty Cage"},{"not_picked":["Coffee Dripper","Philosopher\u0027s Stone"],"picked":"Orrery"}],"items_purged_floors":[10,45,47],"is_endless":false,"potions_floor_spawned":[6,11,16,18,24,33,35,38,48],"ascension_level":0}