{"gold_per_floor":[212,225,242,219,219,219,93,103,103,123,155,155,165,179,179,179],"floor_reached":16,"playtime":1168,"items_purged":[],"score":146,"play_id":"f729c377-d50f-44fe-a207-2509117c6cda","local_time":"20190323212910","is_ascension_mode":true,"campfire_choices":[{"data":"True Grit","floor":6,"key":"SMITH"},{"data":"Body Slam","floor":12,"key":"SMITH"},{"data":"Whirlwind","floor":15,"key":"SMITH"}],"neow_cost":"NONE","seed_source_timestamp":683688191087362,"circlet_count":0,"master_deck":["Strike_R","Strike_R","Strike_R","Strike_R","Strike_R","Defend_R","Defend_R","Defend_R","Defend_R","Bash","True Grit+1","Flame Barrier","Body Slam+1","Shrug It Off","Whirlwind+1","Pommel Strike","Headbutt","Shockwave"],"relics":["Burning Blood","NlothsMask","Kunai"],"potions_floor_usage":[16,16,16],"damage_taken":[{"damage":0,"enemies":"Small Slimes","floor":1,"turns":3},{"damage":1,"enemies":"Cultist","floor":2,"turns":4},{"damage":4,"enemies":"Jaw Worm","floor":3,"turns":5},{"damage":8,"enemies":"Blue Slaver","floor":8,"turns":5},{"damage":4,"enemies":"Large Slime","floor":10,"turns":6},{"damage":34,"enemies":"Gremlin Nob","floor":11,"turns":5},{"damage":1,"enemies":"Gremlin Gang","floor":13,"turns":6},{"damage":20,"enemies":"Exordium Thugs","floor":14,"turns":5},{"damage":60,"enemies":"Slime Boss","floor":16,"turns":13}],"seed_played":"5866130162751962312","potions_obtained":[{"floor":2,"key":"Strength Potion"},{"floor":8,"key":"BloodPotion"},{"floor":11,"key":"AttackPotion"}],"is_trial":false,"path_per_floor":["?","M"],"character_chosen":"IRONCLAD","items_purchased":["Body Slam","Shrug It Off","Whirlwind"],"campfire_rested":0,"item_purchase_floors":[4,7,7],"current_hp_per_floor":[78,80,80,80,80,80,80,78,78,80,52,52,57,43,43,0],"gold":179,"neow_bonus":"HUNDRED_GOLD","is_prod":false,"is_daily":false,"chose_seed":false,"campfire_upgraded":3,"win_rate":0,"timestamp":1553390950,"path_taken":["M","M","M","$","?","R","$","?","T","M","E","R","M","M","R","BOSS"],"build_version":"2019-01-23","purchased_purges":0,"victory":false,"max_hp_per_floor":[80,80,80,80,80,80,80,80,80,80,80,80,80,80,80,80],"card_choices":[{"not_picked":["Thunderclap","Havoc","Perfected Strike"],"picked":"SKIP","floor":1},{"not_picked":["Evolve","Seeing Red"],"picked":"True Grit","floor":2},{"not_picked":["Corruption","Hemokinesis"],"picked":"Flame Barrier","floor":3},{"not_picked":["Flex","Fiend Fire"],"picked":"Pommel Strike","floor":8},{"not_picked":["Blood for Blood","Inflame"],"picked":"Headbutt","floor":10},{"not_picked":["Whirlwind","Pummel"],"picked":"Shockwave","floor":11},{"not_picked":["Anger","Rupture","Evolve"],"picked":"SKIP","floor":13},{"not_picked":["Pummel","Infernal Blade","Twin Strike"],"picked":"SKIP","floor":14}],"player_experience":956136,"relics_obtained":[{"floor":11,"key":"Kunai"}],"event_choices":[{"damage_healed":0,"gold_gain":0,"player_choice":"Trade","damage_taken":0,"relics_obtained":["NlothsMask"],"max_hp_gain":0,"max_hp_loss":0,"event_name":"FaceTrader","floor":5,"gold_loss":0}],"is_beta":false,"boss_relics":[],"items_purged_floors":[],"is_endless":false,"potions_floor_spawned":[2,8,11,14],"killed_by":"Slime Boss","ascension_level":8}