{"gold_per_floor":[118,138,209,209,222,262,280,314,314,314,355,355,389,413,413,536,536,555,212,212,162,186,186,199,230,256,308,344,356,368,398,410,548,560,591,617,629,641,60,101,119,135,162,201,219,219,219,275,275,275],"floor_reached":51,"playtime":2755,"items_purged":["Normality","Writhe"],"score":1190,"play_id":"6c88a828-eb02-4c80-933a-09bec6ff552d","local_time":"20181015001115","is_ascension_mode":true,"campfire_choices":[{"data":"Cloak And Dagger","floor":10.0,"key":"SMITH"},{"floor":12.0,"key":"REST"},{"floor":15.0,"key":"REST"},{"floor":23,"key":"REST"},{"floor":29,"key":"REST"},{"floor":32,"key":"REST"},{"floor":46,"key":"REST"},{"data":"Madness","floor":49,"key":"SMITH"}],"neow_cost":"TEN_PERCENT_HP_LOSS","seed_source_timestamp":106260772497429,"circlet_count":0,"master_deck":["Defend_G","Defend_G","Defend_G","Strike_G","Strike_G","Strike_G+1","Strike_G","Survivor","Neutralize+1","Terror","All Out Attack","Cloak And Dagger","Cloak And Dagger+1","Blade Dance","Blade Dance","Tools of the Trade","Deflect","Quick Slash","Acrobatics","PiercingWail","Doppelganger","Writhe","Deflect+1","Backflip","Discovery","Cloak And Dagger","Backflip","Infinite Blades","Leg Sweep","Distraction","Backflip+1","Adrenaline","Infinite Blades","Cloak And Dagger","Madness+1","Madness","Blade Dance","Discovery","Distraction","Tactician+1","Backflip","Backflip+1"],"special_seed":0,"relics":["Ring of the Snake","Golden Idol","Whetstone","Blood Vial","Shuriken","Kunai","Bag of Marbles","Calling Bell","Vajra","Matryoshka","Dead Branch","Regal Pillow","Snake Skull","Question Card","MawBank","Paper Crane","Sozu","Ice Cream","Ornamental Fan","Anchor","Smiling Mask","Blue Candle","Juzu Bracelet","Dodecahedron","StoneCalendar"],"potions_floor_usage":[20,22,25,31,33,41,50],"damage_taken":[{"damage":12.0,"enemies":"2 Louse","floor":1.0,"turns":3.0},{"damage":2.0,"enemies":"Jaw Worm","floor":2.0,"turns":4.0},{"damage":0.0,"enemies":"Small Slimes","floor":5.0,"turns":4.0},{"damage":13.0,"enemies":"Gremlin Nob","floor":6.0,"turns":4.0},{"damage":1.0,"enemies":"Red Slaver","floor":7.0,"turns":4.0},{"damage":5.0,"enemies":"Lagavulin","floor":8.0,"turns":6.0},{"damage":30.0,"enemies":"3 Sentries","floor":11.0,"turns":6.0},{"damage":2.0,"enemies":"Lagavulin","floor":13.0,"turns":4.0},{"damage":4.0,"enemies":"Exordium Thugs","floor":14.0,"turns":3.0},{"damage":11.0,"enemies":"Hexaghost","floor":16.0,"turns":7.0},{"damage":7.0,"enemies":"Shell Parasite","floor":18.0,"turns":4.0},{"damage":4,"enemies":"Colosseum Slavers","floor":20,"turns":2},{"damage":12,"enemies":"Chosen","floor":22,"turns":2},{"damage":11,"enemies":"3 Cultists","floor":24,"turns":5},{"damage":1,"enemies":"Gremlin Leader","floor":25,"turns":4},{"damage":26,"enemies":"Slavers","floor":27,"turns":5},{"damage":0,"enemies":"Chosen and Byrds","floor":28,"turns":3},{"damage":7,"enemies":"Shelled Parasite and Fungi","floor":31,"turns":6},{"damage":39,"enemies":"Collector","floor":33,"turns":7},{"damage":13,"enemies":"3 Darklings","floor":35,"turns":6},{"damage":8,"enemies":"3 Shapes","floor":36,"turns":5},{"damage":0,"enemies":"Mind Bloom Boss Battle","floor":38,"turns":4},{"damage":6,"enemies":"2 Orb Walkers","floor":40,"turns":4},{"damage":3,"enemies":"Spire Growth","floor":41,"turns":4},{"damage":0,"enemies":"Reptomancer","floor":42,"turns":7},{"damage":11,"enemies":"Nemesis","floor":44,"turns":5},{"damage":1,"enemies":"Transient","floor":45,"turns":5},{"damage":2,"enemies":"Mysterious Sphere","floor":48,"turns":4},{"damage":14,"enemies":"Awakened One","floor":50,"turns":10}],"seed_played":"-3465681744711645572","potions_obtained":[{"floor":2.0,"key":"GhostInAJar"},{"floor":5.0,"key":"Regen Potion"},{"floor":7.0,"key":"EntropicBrew"},{"floor":11.0,"key":"PowerPotion"},{"floor":14.0,"key":"Explosive Potion"},{"floor":16.0,"key":"AttackPotion"},{"floor":18.0,"key":"SkillPotion"},{"floor":24,"key":"AttackPotion"},{"floor":27,"key":"AttackPotion"},{"floor":31,"key":"SteroidPotion"},{"floor":33,"key":"LiquidBronze"}],"is_trial":false,"path_per_floor":["M","M","?","?","M","E","M","E","T","R","E","R","E","M","R","B",null,"M","$","?","?","M","R","M","E","T","E","M","R","?","M","R","B",null,"M","M","?","?","$","E","M","M","T","E","M","R","?","?","R","B"],"character_chosen":"THE_SILENT","items_purchased":["Backflip","Discovery","Regal Pillow","Ornamental Fan","Anchor","Discovery"],"campfire_rested":6,"item_purchase_floors":[19,19,19,39,39,39],"current_hp_per_floor":[51,49,49,49,49,36,47,42,42,42,14,31,31,29,46,37,53,48,48,46,46,36,58,47,48,48,24,26,58,48,43,63,24,53,42,36,28,30,30,26,25,27,27,18,19,52,52,52,52,40],"gold":275,"neow_bonus":"TRANSFORM_TWO_CARDS","is_prod":false,"is_daily":false,"chose_seed":false,"campfire_upgraded":2,"win_rate":0,"timestamp":1539576675,"path_taken":["M","M","?","?","M","E","M","E","T","R","E","R","E","?","R","BOSS","M","$","?","?","?","R","M","E","T","E","M","R","?","M","R","BOSS","M","?","?","?","$","E","M","M","T","E","M","R","?","?","R","BOSS"],"build_version":"2018-10-11","purchased_purges":2,"victory":true,"max_hp_per_floor":[63,63,63,58,58,58,58,58,58,58,58,58,58,58,58,58,58,58,58,58,58,58,58,58,58,58,58,58,58,63,63,63,63,63,63,63,63,63,63,63,63,63,63,63,63,63,63,63,63,63],"card_choices":[{"not_picked":["Crippling Poison","Well Laid Plans"],"picked":"Cloak And Dagger","floor":1.0},{"not_picked":["Deflect","Flying Knee"],"picked":"Cloak And Dagger","floor":2.0},{"not_picked":["Infinite Blades","Dagger Throw"],"picked":"Blade Dance","floor":5.0},{"not_picked":["Dagger Spray","Sucker Punch"],"picked":"Blade Dance","floor":6.0},{"not_picked":["Expertise","Prepared"],"picked":"Tools of the Trade","floor":7.0},{"not_picked":["Expertise","Noxious Fumes"],"picked":"Deflect","floor":8.0},{"not_picked":["Distraction","Sucker Punch"],"picked":"Quick Slash","floor":11.0},{"not_picked":["Outmaneuver","Riddle With Holes"],"picked":"Acrobatics","floor":13.0},{"not_picked":["Deadly Poison","Slice"],"picked":"PiercingWail","floor":14.0},{"not_picked":["Unload","Bullet Time"],"picked":"Doppelganger","floor":16.0},{"not_picked":["Bane","Endless Agony"],"picked":"Deflect+1","floor":18.0},{"not_picked":["Dodge and Roll+1","Slice"],"picked":"Cloak And Dagger","floor":22},{"not_picked":["Calculated Gamble","Prepared"],"picked":"Backflip","floor":24},{"not_picked":["Noxious Fumes","Sucker Punch"],"picked":"Infinite Blades","floor":25},{"not_picked":["Tools of the Trade","Flying Knee","Dagger Throw"],"picked":"Leg Sweep","floor":27},{"not_picked":["Quick Slash","Eviscerate","Noxious Fumes"],"picked":"Distraction","floor":28},{"not_picked":["Footwork","Catalyst+1","Eviscerate"],"picked":"Backflip+1","floor":31},{"not_picked":["Doppelganger","Phantasmal Killer","Tools of the Trade"],"picked":"Adrenaline","floor":33},{"not_picked":["Flying Knee","Dodge and Roll","Backflip"],"picked":"Infinite Blades","floor":35},{"not_picked":["Noxious Fumes","Flying Knee","Dagger Spray"],"picked":"Cloak And Dagger","floor":36},{"not_picked":["Slice+1","PiercingWail+1","Dagger Throw"],"picked":"Blade Dance","floor":38},{"not_picked":["Bane","Dagger Throw","Quick Slash","Well Laid Plans"],"picked":"SKIP","floor":40},{"not_picked":["Deflect","Sucker Punch+1","Riddle With Holes+1","Night Terror"],"picked":"SKIP","floor":41},{"not_picked":["Eviscerate+1","Reflex+1","Quick Slash"],"picked":"Distraction","floor":42},{"not_picked":["Predator","PiercingWail","Dagger Spray+1"],"picked":"Tactician+1","floor":44},{"not_picked":["Finisher+1","Dagger Throw+1","Crippling Poison"],"picked":"Backflip","floor":45},{"not_picked":["Dagger Spray+1","Underhanded Strike","Terror"],"picked":"Backflip+1","floor":48}],"player_experience":339951,"relics_obtained":[{"floor":6.0,"key":"Whetstone"},{"floor":8.0,"key":"Blood Vial"},{"floor":9.0,"key":"Shuriken"},{"floor":11.0,"key":"Kunai"},{"floor":13.0,"key":"Bag of Marbles"},{"floor":17.0,"key":"Vajra"},{"floor":17.0,"key":"Matryoshka"},{"floor":17.0,"key":"Dead Branch"},{"floor":25,"key":"Snake Skull"},{"floor":26,"key":"Question Card"},{"floor":26,"key":"MawBank"},{"floor":27,"key":"Paper Crane"},{"floor":38,"key":"Ice Cream"},{"floor":40,"key":"Smiling Mask"},{"floor":43,"key":"Blue Candle"},{"floor":43,"key":"Juzu Bracelet"},{"floor":44,"key":"Dodecahedron"},{"floor":48,"key":"StoneCalendar"}],"event_choices":[{"event_name":"Golden Wing","player_choice":"Gained Gold","floor":3.0,"damage_taken":0.0},{"event_name":"Golden Idol","player_choice":"Lose Max HP","floor":4.0,"damage_taken":0.0},{"event_name":"Colosseum","player_choice":"Fight","floor":20,"damage_taken":0},{"event_name":"Colosseum","player_choice":"Fled From Nobs","floor":20,"damage_taken":0},{"event_name":"The Joust","player_choice":"Bet on Murderer","floor":21,"damage_taken":0},{"event_name":"Forgotten Altar","player_choice":"Shed Blood","floor":30,"damage_taken":0},{"event_name":"Winding Halls","player_choice":"Embrace Madness","floor":37,"damage_taken":0},{"event_name":"MindBloom","player_choice":"Fight","floor":38,"damage_taken":0},{"event_name":"Falling","player_choice":"Removed Attack","floor":47,"damage_taken":0},{"event_name":"Mysterious Sphere","player_choice":"Fight","floor":48,"damage_taken":0}],"is_beta":true,"boss_relics":[{"not_picked":["Snecko Eye","Runic Pyramid"],"picked":"Calling Bell"},{"not_picked":["Runic Dome","WristBlade"],"picked":"Sozu"}],"items_purged_floors":[19,39],"is_endless":false,"potions_floor_spawned":[2,5,7,11,14,16,18,24,27,31,33,35,36,38,48],"ascension_level":8}