{"gold_per_floor":[113,63,63,40,57,57,30,42,122,137,137,162,162,172,172,268,318,332,345,96,171,186,186,198,198,250,262,274,305,329,341,353,462,474,505,180,180],"floor_reached":37,"playtime":3758,"items_purged":["Defend_G","Defend_G"],"score":394,"play_id":"8b7b6c39-0e2b-4ae0-8442-640348c7e3c6","local_time":"20181231155636","is_ascension_mode":false,"campfire_choices":[{"data":"Blur","floor":6,"key":"SMITH"},{"data":"Well Laid Plans","floor":13,"key":"SMITH"},{"floor":15,"key":"REST"},{"data":"Footwork","floor":23,"key":"SMITH"},{"data":"Survivor","floor":25,"key":"SMITH"},{"floor":28,"key":"REST"},{"floor":32,"key":"REST"}],"neow_cost":"NONE","seed_source_timestamp":88754885002445,"circlet_count":0,"master_deck":["Defend_G","Strike_G","Strike_G","Strike_G","Strike_G","Survivor+1","Neutralize+1","Acrobatics","Acrobatics","Blur+1","Dodge and Roll+1","Distraction","Well Laid Plans+1","Prepared","Flechettes+1","Dagger Spray+1","Malaise","Crippling Poison","Deflect+1","Backflip","Mayhem","Footwork+1","Caltrops","Crippling Poison","Finisher+1","Poisoned Stab+1","Glass Knife+1","Dash+1","Backflip","Leg Sweep+1","Enlightenment"],"relics":["Ring of the Snake","Molten Egg 2","Nunchaku","Tiny House","MawBank","Orrery","Oddly Smooth Stone"],"potions_floor_usage":[16,33,37],"damage_taken":[{"damage":0,"enemies":"Jaw Worm","floor":1,"turns":7},{"damage":1,"enemies":"2 Louse","floor":5,"turns":3},{"damage":0,"enemies":"Cultist","floor":8,"turns":4},{"damage":2,"enemies":"Red Slaver","floor":10,"turns":8},{"damage":22,"enemies":"3 Sentries","floor":12,"turns":21},{"damage":1,"enemies":"3 Louse","floor":14,"turns":4},{"damage":59,"enemies":"Hexaghost","floor":16,"turns":18},{"damage":8,"enemies":"3 Byrds","floor":18,"turns":5},{"damage":5,"enemies":"Shell Parasite","floor":19,"turns":8},{"damage":0,"enemies":"Snecko","floor":22,"turns":6},{"damage":16,"enemies":"Shelled Parasite and Fungi","floor":24,"turns":8},{"damage":5,"enemies":"Centurion and Healer","floor":29,"turns":11},{"damage":12,"enemies":"Snake Plant","floor":30,"turns":7},{"damage":22,"enemies":"Automaton","floor":33,"turns":12},{"damage":67,"enemies":"3 Shapes","floor":35,"turns":5},{"damage":22,"enemies":"3 Darklings","floor":37,"turns":4}],"seed_played":"-8978724745605481601","potions_obtained":[{"floor":5,"key":"GamblersBrew"},{"floor":8,"key":"Energy Potion"},{"floor":14,"key":"GamblersBrew"},{"floor":17,"key":"FearPotion"},{"floor":19,"key":"Block Potion"},{"floor":29,"key":"GhostInAJar"},{"floor":35,"key":"SteroidPotion"}],"is_trial":false,"path_per_floor":["M","?","?","$","M","R","$","M","T","M","?","E","R","M","R","B",null,"M","M","$","?","M","R","M","R","T","?","R","M","M","?","R","B",null,"M","$","M"],"character_chosen":"THE_SILENT","items_purchased":["Acrobatics","Dodge and Roll","Mayhem","Enlightenment","Oddly Smooth Stone"],"campfire_rested":3,"item_purchase_floors":[4,7,20,36,36],"current_hp_per_floor":[77,77,77,77,76,76,76,76,76,74,74,52,52,51,74,15,82,74,69,69,61,61,61,45,45,45,29,55,50,38,38,64,42,87,20,20,0],"gold":180,"neow_bonus":"TEN_PERCENT_HP_BONUS","is_prod":false,"is_daily":false,"chose_seed":false,"campfire_upgraded":4,"win_rate":0.0,"timestamp":1546300596,"path_taken":["M","?","?","$","?","R","?","M","T","?","?","E","R","M","R","BOSS","M","M","$","?","M","R","?","R","T","?","R","M","M","?","R","BOSS","M","$","M"],"build_version":"2018-12-20","purchased_purges":2,"victory":false,"max_hp_per_floor":[77,77,77,77,77,77,77,77,77,77,77,77,77,77,77,77,82,82,82,82,82,82,82,82,82,82,87,87,87,87,87,87,87,87,87,87,87],"card_choices":[{"not_picked":["Bane","Terror"],"picked":"Acrobatics","floor":1},{"not_picked":["Dagger Throw","Acrobatics"],"picked":"Blur","floor":5},{"not_picked":["Blade Dance","All Out Attack"],"picked":"Distraction","floor":8},{"not_picked":["Dagger Spray+1","Underhanded Strike+1"],"picked":"Well Laid Plans","floor":10},{"not_picked":["Backflip","Wraith Form v2"],"picked":"Flechettes+1","floor":12},{"not_picked":["Quick Slash+1","Dodge and Roll"],"picked":"Dagger Spray+1","floor":14},{"not_picked":["Unload+1","Night Terror"],"picked":"Malaise","floor":16},{"not_picked":["Catalyst","Quick Slash+1"],"picked":"Crippling Poison","floor":17},{"not_picked":["Poisoned Stab+1","Blade Dance"],"picked":"Deflect+1","floor":18},{"not_picked":["Sucker Punch+1","Flying Knee+1"],"picked":"Backflip","floor":19},{"not_picked":["Dagger Spray+1","Leg Sweep"],"picked":"Footwork","floor":22},{"not_picked":["Poisoned Stab+1","Skewer+1"],"picked":"Caltrops","floor":24},{"not_picked":["Acrobatics","All Out Attack+1"],"picked":"Crippling Poison","floor":29},{"not_picked":["Well Laid Plans","Blade Dance"],"picked":"Finisher+1","floor":30},{"not_picked":["Doppelganger","Die Die Die+1"],"picked":"Glass Knife+1","floor":33},{"not_picked":["Prepared","Well Laid Plans+1"],"picked":"Dash+1","floor":34},{"not_picked":["Bane+1","Slice+1"],"picked":"Backflip","floor":34},{"not_picked":["Backflip+1","Choke+1"],"picked":"Leg Sweep+1","floor":34},{"not_picked":["Underhanded Strike+1","Poisoned Stab+1","Unload+1"],"picked":"SKIP","floor":35}],"player_experience":18228,"relics_obtained":[{"floor":9,"key":"Molten Egg 2"},{"floor":12,"key":"Nunchaku"},{"floor":26,"key":"MawBank"}],"event_choices":[{"cards_removed":["Defend_G"],"damage_healed":0,"gold_gain":0,"player_choice":"Card Removal","damage_taken":0,"max_hp_gain":0,"max_hp_loss":0,"event_name":"The Cleric","floor":2,"gold_loss":50},{"damage_healed":0,"gold_gain":0,"player_choice":"Upgraded","damage_taken":0,"max_hp_gain":0,"max_hp_loss":0,"event_name":"Upgrade Shrine","floor":3,"gold_loss":0,"cards_upgraded":["Neutralize"]},{"damage_healed":0,"gold_gain":0,"cards_transformed":["Strike_G"],"player_choice":"Transformed","damage_taken":0,"max_hp_gain":0,"max_hp_loss":0,"event_name":"Transmorgrifier","floor":11,"gold_loss":0,"cards_obtained":["Prepared"]},{"damage_healed":0,"gold_gain":75,"player_choice":"Touch","damage_taken":8,"max_hp_gain":0,"max_hp_loss":0,"event_name":"FaceTrader","floor":21,"gold_loss":0},{"damage_healed":0,"gold_gain":0,"player_choice":"Shed Blood","damage_taken":21,"max_hp_gain":5,"max_hp_loss":0,"event_name":"Forgotten Altar","floor":27,"gold_loss":0},{"damage_healed":0,"gold_gain":0,"cards_transformed":["Defend_G"],"player_choice":"Transformed","damage_taken":0,"max_hp_gain":0,"max_hp_loss":0,"event_name":"Transmorgrifier","floor":31,"gold_loss":0,"cards_obtained":["Poisoned Stab"]}],"is_beta":false,"boss_relics":[{"not_picked":["HoveringKite","Black Star"],"picked":"Tiny House"},{"not_picked":["Empty Cage","Fusion Hammer"],"picked":"Orrery"}],"items_purged_floors":[20,36],"is_endless":false,"potions_floor_spawned":[5,8,14,19,29,30,35],"killed_by":"3 Darklings","ascension_level":0}