{"gold_per_floor":[112,125,44,63,63,96,96,110,110,130,140,140,140,156,156,235,235,248,268,286,286,286],"floor_reached":22,"playtime":887,"items_purged":[],"score":323,"play_id":"fefc8eb3-8699-4bc2-bd93-9b0103bc7ec2","local_time":"20190405205953","is_ascension_mode":true,"campfire_choices":[{"data":"Defragment","floor":7,"key":"SMITH"},{"floor":12,"key":"REST"},{"floor":15,"key":"REST"}],"neow_cost":"NONE","seed_source_timestamp":1805417159591541,"circlet_count":0,"master_deck":["AscendersBane","Strike_B","Strike_B","Strike_B","Defend_B","Defend_B","Defend_B","Defend_B","Zap","Dualcast","Compile Driver","Ball Lightning","Defragment+1","Defragment+1","Cold Snap","Steam","Static Discharge","Cold Snap","Hyperbeam","Darkness"],"relics":["Cracked Core","Bronze Scales","Dream Catcher","Busted Crown"],"potions_floor_usage":[8,11,11,22],"damage_taken":[{"damage":7,"enemies":"Jaw Worm","floor":1,"turns":3},{"damage":3,"enemies":"2 Louse","floor":2,"turns":3},{"damage":3,"enemies":"Small Slimes","floor":4,"turns":3},{"damage":35,"enemies":"3 Sentries","floor":6,"turns":7},{"damage":5,"enemies":"2 Fungi Beasts","floor":8,"turns":3},{"damage":9,"enemies":"Blue Slaver","floor":10,"turns":3},{"damage":3,"enemies":"Large Slime","floor":11,"turns":4},{"damage":4,"enemies":"Looter","floor":14,"turns":3},{"damage":28,"enemies":"Slime Boss","floor":16,"turns":6},{"damage":16,"enemies":"Spheric Guardian","floor":18,"turns":4},{"damage":15,"enemies":"Shell Parasite","floor":19,"turns":5},{"damage":21,"enemies":"Centurion and Healer","floor":20,"turns":7},{"damage":13,"enemies":"Snake Plant","floor":22,"turns":2}],"seed_played":"-2020356747041580843","potions_obtained":[{"floor":0,"key":"EssenceOfSteel"},{"floor":0,"key":"SpeedPotion"},{"floor":8,"key":"Weak Potion"},{"floor":11,"key":"SkillPotion"},{"floor":14,"key":"SteroidPotion"},{"floor":16,"key":"PowerPotion"}],"is_trial":false,"path_per_floor":["?","?","?"],"character_chosen":"DEFECT","items_purchased":["Defragment"],"campfire_rested":2,"item_purchase_floors":[3],"current_hp_per_floor":[57,54,54,51,56,21,21,16,16,7,4,26,26,22,44,16,61,45,30,9,9,0],"gold":286,"neow_bonus":"THREE_SMALL_POTIONS","is_prod":false,"is_daily":false,"chose_seed":false,"campfire_upgraded":1,"win_rate":0,"timestamp":1554512393,"path_taken":["M","M","$","M","?","E","R","M","T","M","M","R","?","M","R","BOSS","M","M","M","?","M"],"build_version":"2019-01-23","purchased_purges":0,"victory":false,"max_hp_per_floor":[71,71,71,71,76,76,76,76,76,76,76,76,76,76,76,76,76,76,76,76,76,76],"card_choices":[{"not_picked":["Consume","Streamline"],"picked":"Compile Driver","floor":1},{"not_picked":["Turbo","Heatsinks"],"picked":"Ball Lightning","floor":2},{"not_picked":["Aggregate","White Noise"],"picked":"Defragment","floor":4},{"not_picked":["Consume","Gash"],"picked":"Cold Snap","floor":6},{"not_picked":["Go for the Eyes","Heatsinks","Aggregate"],"picked":"SKIP","floor":8},{"not_picked":["Compile Driver","Core Surge"],"picked":"Steam","floor":10},{"not_picked":["Conserve Battery","Chill"],"picked":"Static Discharge","floor":11},{"not_picked":["Hologram","Streamline"],"picked":"Cold Snap","floor":14},{"not_picked":["Core Surge","Reboot"],"picked":"Hyperbeam","floor":16},{"not_picked":["Rebound"],"picked":"SKIP","floor":18},{"not_picked":["Blizzard"],"picked":"SKIP","floor":19},{"not_picked":[],"picked":"Darkness","floor":20}],"player_experience":1533162,"relics_obtained":[{"floor":6,"key":"Bronze Scales"},{"floor":9,"key":"Dream Catcher"}],"event_choices":[{"damage_healed":0,"gold_gain":0,"player_choice":"Donut","damage_taken":0,"max_hp_gain":5,"max_hp_loss":0,"event_name":"Big Fish","floor":5,"gold_loss":0},{"damage_healed":0,"gold_gain":0,"player_choice":"Grow","damage_taken":0,"max_hp_gain":0,"max_hp_loss":0,"event_name":"Living Wall","floor":13,"gold_loss":0,"cards_upgraded":["Defragment"]},{"cards_removed":["Strike_B"],"damage_healed":0,"gold_gain":0,"player_choice":"Purged","damage_taken":0,"max_hp_gain":0,"max_hp_loss":0,"event_name":"Purifier","floor":21,"gold_loss":0}],"is_beta":false,"boss_relics":[{"not_picked":["Orrery","Calling Bell"],"picked":"Busted Crown"}],"items_purged_floors":[],"is_endless":false,"potions_floor_spawned":[2,8,11,14,16,19,20],"killed_by":"Snake Plant","ascension_level":14}