{"gold_per_floor":[111,111,61,73,73,108,108,108,108,183,183,193,225,225,225,329,329,340,355,355],"floor_reached":20,"playtime":2029,"items_purged":[],"score":182,"play_id":"6b281f61-4f7f-4c47-9a22-088709042e8d","local_time":"20190104073002","is_ascension_mode":false,"campfire_choices":[{"floor":8.0,"key":"REST"},{"floor":11.0,"key":"REST"},{"floor":15.0,"key":"REST"}],"neow_cost":"NONE","seed_source_timestamp":589502720156582,"circlet_count":0,"master_deck":["Strike_R","Strike_R","Strike_R","Strike_R","Strike_R","Defend_R","Defend_R","Defend_R","Carnage","Bloodletting","Clash","Pommel Strike","Seeing Red","Double Tap","Warcry+1","Pommel Strike"],"special_seed":0,"relics":["Burning Blood","NeowsBlessing","Gremlin Horn","Meat on the Bone","Boot","Ginger","Lizard Tail"],"potions_floor_usage":[20,20],"damage_taken":[{"damage":0.0,"enemies":"Small Slimes","floor":1.0,"turns":1.0},{"damage":0.0,"enemies":"Jaw Worm","floor":2.0,"turns":1.0},{"damage":0.0,"enemies":"Cultist","floor":4.0,"turns":1.0},{"damage":34.0,"enemies":"Gremlin Nob","floor":6.0,"turns":5.0},{"damage":4.0,"enemies":"2 Fungi Beasts","floor":12.0,"turns":2.0},{"damage":20.0,"enemies":"3 Sentries","floor":13.0,"turns":6.0},{"damage":34.0,"enemies":"Slime Boss","floor":16.0,"turns":9.0},{"damage":51,"enemies":"3 Byrds","floor":18,"turns":6},{"damage":18,"enemies":"Chosen","floor":19,"turns":4},{"damage":51,"enemies":"Centurion and Healer","floor":20,"turns":6}],"seed_played":"3278234821852587422","potions_obtained":[{"floor":6.0,"key":"Explosive Potion"},{"floor":14.0,"key":"Swift Potion"},{"floor":14.0,"key":"Poison Potion"},{"floor":14.0,"key":"Block Potion"},{"floor":16.0,"key":"EssenceOfSteel"},{"floor":18,"key":"SpeedPotion"}],"is_trial":false,"path_per_floor":["M","M","?","M","?","E","?","R","T","?","R","M","E","?","R","B",null,"M","M","M"],"character_chosen":"IRONCLAD","items_purchased":[],"campfire_rested":3,"item_purchase_floors":[],"current_hp_per_floor":[80,80,80,80,55,27,27,51,51,40,64,66,52,52,76,48,80,47,47,40],"gold":355,"neow_bonus":"THREE_ENEMY_KILL","is_prod":false,"is_daily":false,"chose_seed":false,"campfire_upgraded":0,"win_rate":0.0,"timestamp":1546608602,"path_taken":["M","M","?","M","?","E","?","R","T","?","R","?","E","?","R","BOSS","M","?","M"],"build_version":"2019-01-03v3","purchased_purges":0,"victory":false,"max_hp_per_floor":[80,80,80,80,80,80,80,80,80,80,80,80,80,80,80,80,80,80,80,80],"card_choices":[{"not_picked":["True Grit","Pommel Strike"],"picked":"Carnage","floor":1.0},{"not_picked":["Wild Strike","Cleave","Rage"],"picked":"SKIP","floor":2.0},{"not_picked":["Wild Strike","Flex"],"picked":"Bloodletting","floor":4.0},{"not_picked":["Cleave","Reaper"],"picked":"Clash","floor":6.0},{"not_picked":["Heavy Blade","Shrug It Off"],"picked":"Pommel Strike","floor":12.0},{"not_picked":["Flame Barrier","Cleave"],"picked":"Seeing Red","floor":13.0},{"not_picked":["Fiend Fire","Limit Break"],"picked":"Double Tap","floor":16.0},{"not_picked":["Hemokinesis","Twin Strike"],"picked":"Warcry+1","floor":18},{"not_picked":["Dual Wield","Thunderclap"],"picked":"Pommel Strike","floor":19}],"player_experience":45744,"relics_obtained":[{"floor":6.0,"key":"Meat on the Bone"},{"floor":9.0,"key":"Boot"},{"floor":13.0,"key":"Ginger"}],"event_choices":[{"cards_removed":["Bash"],"damage_healed":0.0,"max_hp_gain":0.0,"max_hp_loss":0.0,"gold_gain":0.0,"event_name":"The Cleric","player_choice":"Card Removal","floor":3.0,"gold_loss":50.0,"damage_taken":0.0},{"damage_healed":0.0,"max_hp_gain":0.0,"max_hp_loss":0.0,"gold_gain":0.0,"event_name":"Scrap Ooze","player_choice":"Success","floor":5.0,"gold_loss":0.0,"damage_taken":25.0,"relics_obtained":["Gremlin Horn"]},{"cards_removed":["Defend_R"],"damage_healed":0.0,"max_hp_gain":0.0,"max_hp_loss":0.0,"gold_gain":0.0,"event_name":"Living Wall","player_choice":"Forget","floor":7.0,"gold_loss":0.0,"damage_taken":0.0},{"damage_healed":0.0,"max_hp_gain":0.0,"max_hp_loss":0.0,"gold_gain":75.0,"event_name":"World of Goop","player_choice":"Gather Gold","floor":10.0,"gold_loss":0.0,"damage_taken":11.0},{"damage_healed":0.0,"max_hp_gain":0.0,"max_hp_loss":0.0,"gold_gain":0.0,"event_name":"Lab","player_choice":"Got Potions","floor":14.0,"gold_loss":0.0,"damage_taken":0.0}],"is_beta":false,"boss_relics":[{"not_picked":["Orrery","Sozu"],"picked":"Lizard Tail"}],"items_purged_floors":[],"is_endless":false,"potions_floor_spawned":[6,16,18],"killed_by":"Centurion and Healer","ascension_level":0}