{"gold_per_floor":[119,194,194,194,144,144,178,190,214,231,231,252,252,20,20,20],"floor_reached":16,"playtime":464,"items_purged":["Strike_G"],"score":152,"play_id":"8054a3e5-ba29-49ef-8c1b-3b01f8e2d2c9","local_time":"20190214000857","is_ascension_mode":true,"campfire_choices":[{"data":"Neutralize","floor":6,"key":"SMITH"},{"data":"Escape Plan","floor":13,"key":"SMITH"},{"floor":15,"key":"REST"}],"neow_cost":"NONE","seed_source_timestamp":971319696643494,"circlet_count":0,"master_deck":["AscendersBane","Defend_G","Defend_G","Defend_G","Defend_G","Strike_G","Strike_G","Strike_G","Survivor","Neutralize+1","Footwork+1","PiercingWail","Poisoned Stab","Backflip","Escape Plan+1"],"relics":["Ring of the Snake","Letter Opener","Snake Skull","Golden Idol","Membership Card"],"potions_floor_usage":[16],"damage_taken":[{"damage":12,"enemies":"Small Slimes","floor":1,"turns":7},{"damage":33,"enemies":"Lagavulin","floor":7,"turns":13},{"damage":3,"enemies":"Jaw Worm","floor":8,"turns":6},{"damage":0,"enemies":"2 Louse","floor":10,"turns":3},{"damage":0,"enemies":"2 Fungi Beasts","floor":12,"turns":5},{"damage":21,"enemies":"Slime Boss","floor":16,"turns":9}],"seed_played":"7632268749755865743","potions_obtained":[{"floor":1,"key":"Explosive Potion"},{"floor":7,"key":"FearPotion"},{"floor":8,"key":"Swift Potion"}],"is_trial":false,"path_per_floor":["M","?","?","?","?","R","E","M","T","M","?","M","R","$","R","B"],"character_chosen":"THE_SILENT","items_purchased":["Membership Card"],"campfire_rested":1,"item_purchase_floors":[14],"current_hp_per_floor":[58,47,40,40,40,40,7,4,4,4,4,4,4,4,25,4],"gold":20,"neow_bonus":"TEN_PERCENT_HP_BONUS","is_prod":false,"is_daily":false,"chose_seed":false,"campfire_upgraded":2,"win_rate":0,"timestamp":1550131737,"path_taken":["M","?","?","?","?","R","E","M","T","M","?","M","R","$","R","BOSS"],"build_version":"2019-01-23","purchased_purges":1,"victory":false,"max_hp_per_floor":[77,77,77,77,77,77,77,77,77,77,71,71,71,71,71,71],"card_choices":[{"not_picked":["Reflex","Blade Dance"],"picked":"Footwork","floor":1},{"not_picked":["Cloak And Dagger","Wraith Form v2"],"picked":"PiercingWail","floor":7},{"not_picked":["Eviscerate","Slice"],"picked":"Poisoned Stab","floor":8},{"not_picked":["Acrobatics","Sucker Punch"],"picked":"Backflip","floor":10},{"not_picked":["Dodge and Roll","Sucker Punch"],"picked":"Escape Plan","floor":12}],"player_experience":397476,"relics_obtained":[{"floor":7,"key":"Letter Opener"},{"floor":9,"key":"Snake Skull"}],"event_choices":[{"damage_healed":0,"gold_gain":75,"player_choice":"Gather Gold","damage_taken":11,"max_hp_gain":0,"max_hp_loss":0,"event_name":"World of Goop","floor":2,"gold_loss":0},{"cards_removed":["Strike_G"],"damage_healed":0,"gold_gain":0,"player_choice":"Card Removal","damage_taken":7,"max_hp_gain":0,"max_hp_loss":0,"event_name":"Golden Wing","floor":3,"gold_loss":0},{"damage_healed":0,"gold_gain":0,"player_choice":"Grow","damage_taken":0,"max_hp_gain":0,"max_hp_loss":0,"event_name":"Living Wall","floor":4,"gold_loss":0,"cards_upgraded":["Footwork"]},{"cards_removed":["Defend_G"],"damage_healed":0,"gold_gain":0,"player_choice":"Card Removal","damage_taken":0,"max_hp_gain":0,"max_hp_loss":0,"event_name":"The Cleric","floor":5,"gold_loss":50},{"damage_healed":0,"gold_gain":0,"player_choice":"Lose Max HP","damage_taken":0,"relics_obtained":["Golden Idol"],"max_hp_gain":0,"max_hp_loss":6,"event_name":"Golden Idol","floor":11,"gold_loss":0}],"is_beta":false,"boss_relics":[],"items_purged_floors":[14],"is_endless":false,"potions_floor_spawned":[1,7,8],"killed_by":"Slime Boss","ascension_level":11}