{"gold_per_floor":[116,191,141,154,154,154,154,41,66,95,109,125,125],"floor_reached":13,"playtime":711,"items_purged":["Regret"],"score":83,"play_id":"c0228453-e975-4b73-abd5-ce7ac6e301e6","local_time":"20190212001619","is_ascension_mode":false,"campfire_choices":[{"data":"Neutralize","floor":6,"key":"SMITH"}],"neow_cost":"NONE","seed_source_timestamp":387836715437679,"circlet_count":0,"master_deck":["Defend_G","Defend_G","Defend_G","Defend_G","Strike_G","Strike_G","Strike_G","Strike_G+1","Survivor","Neutralize+1","Backflip+1","Infinite Blades","Flying Knee"],"relics":["Ring of the Snake","Dodecahedron","Lantern","Bottled Lightning"],"potions_floor_usage":[13],"damage_taken":[{"damage":0,"enemies":"2 Louse","floor":1,"turns":3},{"damage":0,"enemies":"Small Slimes","floor":4,"turns":6},{"damage":16,"enemies":"3 Sentries","floor":10,"turns":10},{"damage":0,"enemies":"Cultist","floor":11,"turns":3},{"damage":6,"enemies":"Gremlin Gang","floor":12,"turns":6},{"damage":25,"enemies":"Gremlin Nob","floor":13,"turns":4}],"seed_played":"-348240778485085058","potions_obtained":[{"floor":11,"key":"Weak Potion"}],"is_trial":false,"path_per_floor":["?","?","?","?","$","M"],"character_chosen":"THE_SILENT","items_purchased":["Infinite Blades"],"campfire_rested":0,"item_purchase_floors":[8],"current_hp_per_floor":[70,59,59,59,59,59,45,45,45,29,29,23,0],"gold":125,"neow_bonus":"REMOVE_CARD","is_prod":false,"is_daily":false,"chose_seed":false,"campfire_upgraded":1,"win_rate":0,"timestamp":1549948579,"path_taken":["M","?","?","M","?","R","?","?","T","E","M","?","E"],"build_version":"2019-01-23","purchased_purges":1,"victory":false,"max_hp_per_floor":[70,70,70,70,70,70,70,70,70,70,70,70,70],"card_choices":[{"not_picked":["Bane","Calculated Gamble","Underhanded Strike"],"picked":"SKIP","floor":1},{"not_picked":["Endless Agony","Sucker Punch"],"picked":"Backflip","floor":4},{"not_picked":["Skewer","Acrobatics"],"picked":"Flying Knee","floor":10},{"not_picked":["Concentrate","Dagger Throw","Prepared"],"picked":"SKIP","floor":11},{"not_picked":["Outmaneuver","PiercingWail","Dodge and Roll"],"picked":"SKIP","floor":12}],"player_experience":429136,"relics_obtained":[{"floor":9,"key":"Lantern"},{"floor":10,"key":"Bottled Lightning"}],"event_choices":[{"damage_healed":0,"gold_gain":75,"player_choice":"Gather Gold","damage_taken":11,"max_hp_gain":0,"max_hp_loss":0,"event_name":"World of Goop","floor":2,"gold_loss":0},{"cards_removed":["Strike_G"],"damage_healed":0,"gold_gain":0,"player_choice":"Card Removal","damage_taken":0,"max_hp_gain":0,"max_hp_loss":0,"event_name":"The Cleric","floor":3,"gold_loss":50},{"damage_healed":0,"gold_gain":0,"player_choice":"Box","damage_taken":0,"relics_obtained":["Dodecahedron"],"max_hp_gain":0,"max_hp_loss":0,"event_name":"Big Fish","floor":5,"gold_loss":0,"cards_obtained":["Regret"]},{"damage_healed":0,"gold_gain":0,"player_choice":"Entered Light","damage_taken":14,"max_hp_gain":0,"max_hp_loss":0,"event_name":"Shining Light","floor":7,"gold_loss":0,"cards_upgraded":["Strike_G","Backflip"]}],"is_beta":false,"boss_relics":[],"items_purged_floors":[8],"is_endless":false,"potions_floor_spawned":[11],"killed_by":"Gremlin Nob","ascension_level":0}