{"gold_per_floor":[219,63,77,77,91,91,110,126,180,180,180,199,214,241,241,342,342,317,327,346,24,41,41,41],"floor_reached":24,"playtime":4007,"items_purged":["Strike_R","Strike_R"],"score":222,"play_id":"f1e36d0a-c14e-4ecb-9ae5-258412684c81","local_time":"20190406083312","is_ascension_mode":true,"campfire_choices":[{"data":"True Grit","floor":6,"key":"SMITH"},{"data":"Clothesline","floor":10,"key":"SMITH"},{"floor":15,"key":"REST"},{"floor":23,"key":"REST"}],"neow_cost":"NONE","seed_source_timestamp":591602408792700,"circlet_count":0,"master_deck":["Strike_R","Strike_R","Strike_R","Defend_R","Defend_R","Defend_R","Defend_R","Bash","Clothesline+1","Iron Wave","True Grit+1","Headbutt","Disarm","Warcry","Barricade","Body Slam+1","Armaments","Entrench","Headbutt","Rampage"],"relics":["Burning Blood","GremlinMask","Smiling Mask","Gremlin Horn","Sozu","Happy Flower"],"potions_floor_usage":[7,13,18],"damage_taken":[{"damage":15,"enemies":"Small Slimes","floor":1,"turns":4},{"damage":1,"enemies":"Cultist","floor":3,"turns":3},{"damage":0,"enemies":"2 Louse","floor":5,"turns":5},{"damage":18,"enemies":"Gremlin Gang","floor":7,"turns":9},{"damage":7,"enemies":"Blue Slaver","floor":8,"turns":5},{"damage":24,"enemies":"Exordium Thugs","floor":12,"turns":8},{"damage":0,"enemies":"3 Louse","floor":13,"turns":4},{"damage":17,"enemies":"3 Sentries","floor":14,"turns":11},{"damage":54,"enemies":"Hexaghost","floor":16,"turns":19},{"damage":18,"enemies":"2 Thieves","floor":18,"turns":5},{"damage":10,"enemies":"3 Byrds","floor":19,"turns":9},{"damage":10,"enemies":"Snake Plant","floor":20,"turns":6},{"damage":59,"enemies":"3 Cultists","floor":22,"turns":9},{"damage":34,"enemies":"Gremlin Leader","floor":24,"turns":5}],"seed_played":"5911283097000805721","potions_obtained":[{"floor":5,"key":"Block Potion"},{"floor":12,"key":"Weak Potion"},{"floor":16,"key":"Energy Potion"}],"is_trial":false,"path_per_floor":["M","$","M","?","M","R","M","M","T","R","?","M","M","E","R","B",null,"M","M","M","$","M","R","E"],"character_chosen":"IRONCLAD","items_purchased":["Iron Wave","True Grit","Entrench","Headbutt","Happy Flower"],"campfire_rested":2,"item_purchase_floors":[2,2,21,21,21],"current_hp_per_floor":[71,71,76,76,80,80,68,67,67,67,67,49,55,44,68,20,80,68,64,60,60,7,31,0],"gold":41,"neow_bonus":"HUNDRED_GOLD","is_prod":false,"is_daily":false,"chose_seed":false,"campfire_upgraded":2,"win_rate":0,"timestamp":1554553992,"path_taken":["M","$","M","?","?","R","M","M","T","R","?","M","M","E","R","BOSS","M","M","M","$","M","R","E"],"build_version":"2019-01-23","purchased_purges":2,"victory":false,"max_hp_per_floor":[80,80,80,80,80,80,80,80,80,80,80,80,80,80,80,80,80,80,80,80,80,80,80,80],"card_choices":[{"not_picked":["Thunderclap","Sword Boomerang"],"picked":"Clothesline","floor":1},{"not_picked":["Sword Boomerang","Cleave","Brutality"],"picked":"SKIP","floor":3},{"not_picked":["Iron Wave","Corruption","Sword Boomerang"],"picked":"SKIP","floor":5},{"not_picked":["Flex","Iron Wave"],"picked":"Headbutt","floor":7},{"not_picked":["Cleave","Evolve","Bloodletting"],"picked":"SKIP","floor":8},{"not_picked":["Shockwave","Thunderclap"],"picked":"Disarm","floor":12},{"not_picked":["Brutality","Wild Strike"],"picked":"Warcry","floor":13},{"not_picked":["Flex","Fire Breathing","Pummel"],"picked":"SKIP","floor":14},{"not_picked":["Brutality","Offering"],"picked":"Barricade","floor":16},{"not_picked":["Sword Boomerang","Thunderclap+1","Clash"],"picked":"SKIP","floor":18},{"not_picked":["Twin Strike","Seeing Red"],"picked":"Body Slam+1","floor":19},{"not_picked":["Clothesline+1","Dropkick"],"picked":"Armaments","floor":20},{"not_picked":["Flex","Iron Wave"],"picked":"Rampage","floor":22}],"player_experience":162450,"relics_obtained":[{"floor":9,"key":"Smiling Mask"},{"floor":14,"key":"Gremlin Horn"}],"event_choices":[{"damage_healed":0,"gold_gain":0,"player_choice":"Trade","damage_taken":0,"relics_obtained":["GremlinMask"],"max_hp_gain":0,"max_hp_loss":0,"event_name":"FaceTrader","floor":4,"gold_loss":0},{"damage_healed":0,"gold_gain":0,"player_choice":"Ignored","damage_taken":0,"max_hp_gain":0,"max_hp_loss":0,"event_name":"Liars Game","floor":11,"gold_loss":0}],"is_beta":false,"boss_relics":[{"not_picked":["Philosopher\u0027s Stone","Ectoplasm"],"picked":"Sozu"}],"items_purged_floors":[2,21],"is_endless":false,"potions_floor_spawned":[5,12,16,18,22],"killed_by":"Gremlin Leader","ascension_level":2}