{"gold_per_floor":[118,130,144,161,179,179,206,224,247,247,247,267,294,294,294,396,396,416,416,74,88,88,88,99,127,127,27,40,40,40,40],"floor_reached":31,"playtime":2876,"items_purged":["Heavy Blade+1","Strike_R"],"score":307,"play_id":"1d234155-f490-49fb-a130-fb764b550179","local_time":"20190203135325","is_ascension_mode":true,"campfire_choices":[{"data":"True Grit","floor":6,"key":"SMITH"},{"floor":11,"key":"REST"},{"floor":15,"key":"REST"},{"data":"Armaments","floor":23,"key":"SMITH"},{"floor":30,"key":"REST"}],"neow_cost":"NONE","seed_source_timestamp":484227988406084,"circlet_count":0,"master_deck":["Defend_R+1","Defend_R","Defend_R","Defend_R","True Grit+1","Thunderclap","True Grit","Rampage","Anger","Barricade+1","Spot Weakness+1","Combust+1","Armaments+1","Warcry+1","Warcry+1","True Grit+1"],"relics":["Burning Blood","Ginger","Red Skull","Oddly Smooth Stone","Astrolabe","Bottled Flame","Bag of Preparation","Strawberry"],"potions_floor_usage":[8,16,25,25,25],"damage_taken":[{"damage":7,"enemies":"Jaw Worm","floor":1,"turns":4},{"damage":0,"enemies":"Small Slimes","floor":2,"turns":5},{"damage":1,"enemies":"2 Louse","floor":3,"turns":3},{"damage":22,"enemies":"Lots of Slimes","floor":4,"turns":5},{"damage":0,"enemies":"Blue Slaver","floor":5,"turns":7},{"damage":50,"enemies":"Lagavulin","floor":7,"turns":9},{"damage":0,"enemies":"Gremlin Gang","floor":8,"turns":5},{"damage":11,"enemies":"Exordium Wildlife","floor":12,"turns":5},{"damage":25,"enemies":"3 Sentries","floor":13,"turns":7},{"damage":24,"enemies":"Hexaghost","floor":16,"turns":13},{"damage":31,"enemies":"2 Thieves","floor":18,"turns":4},{"damage":26,"enemies":"Chosen","floor":21,"turns":6},{"damage":27,"enemies":"Snake Plant","floor":24,"turns":7},{"damage":17,"enemies":"Book of Stabbing","floor":25,"turns":6},{"damage":5,"enemies":"Shelled Parasite and Fungi","floor":28,"turns":7},{"damage":4,"enemies":"Snecko","floor":31,"turns":9}],"seed_played":"-8092378093614017150","potions_obtained":[{"floor":3,"key":"Block Potion"},{"floor":5,"key":"Swift Potion"},{"floor":12,"key":"SteroidPotion"},{"floor":13,"key":"SpeedPotion"},{"floor":21,"key":"FearPotion"},{"floor":24,"key":"AttackPotion"},{"floor":28,"key":"Dexterity Potion"}],"is_trial":false,"path_per_floor":["?","?","?","M","?","M","?"],"character_chosen":"IRONCLAD","items_purchased":["Bottled Flame","Armaments"],"campfire_rested":3,"item_purchase_floors":[20,20],"current_hp_per_floor":[79,80,80,64,70,70,26,32,32,25,49,44,25,25,49,31,80,55,60,60,40,40,40,19,8,15,15,16,16,42,38],"gold":40,"neow_bonus":"UPGRADE_CARD","is_prod":false,"is_daily":false,"chose_seed":false,"campfire_upgraded":2,"win_rate":0,"timestamp":1549220005,"path_taken":["M","M","M","M","M","R","E","M","T","?","R","M","E","?","R","BOSS","M","?","$","?","?","R","?","E","T","$","M","?","R","M"],"build_version":"2019-01-23","purchased_purges":2,"victory":false,"max_hp_per_floor":[80,80,80,80,80,80,80,80,80,80,80,80,80,80,80,80,80,80,80,80,80,80,80,80,80,87,87,87,87,87,87],"card_choices":[{"not_picked":["Warcry","Pommel Strike"],"picked":"True Grit","floor":1},{"not_picked":["Carnage","Searing Blow"],"picked":"Thunderclap","floor":2},{"not_picked":["Thunderclap","Flex"],"picked":"True Grit","floor":3},{"not_picked":["Entrench","Flex","Clothesline"],"picked":"SKIP","floor":4},{"not_picked":["Immolate","True Grit"],"picked":"Rampage","floor":5},{"not_picked":["True Grit","Power Through"],"picked":"Anger","floor":7},{"not_picked":["Corruption","True Grit","Clothesline"],"picked":"SKIP","floor":8},{"not_picked":["Second Wind","Rage","Flex"],"picked":"SKIP","floor":12},{"not_picked":["Dropkick","Havoc"],"picked":"Barricade","floor":13},{"not_picked":["Carnage","Rage"],"picked":"Combust+1","floor":18},{"not_picked":["Havoc","Feel No Pain"],"picked":"Warcry+1","floor":21},{"not_picked":["Wild Strike","Carnage","Sentinel"],"picked":"SKIP","floor":24},{"not_picked":["Evolve+1","Infernal Blade"],"picked":"True Grit+1","floor":25},{"not_picked":["Anger","Heavy Blade+1","Sentinel+1"],"picked":"SKIP","floor":28}],"player_experience":206839,"relics_obtained":[{"floor":7,"key":"Ginger"},{"floor":9,"key":"Red Skull"},{"floor":13,"key":"Oddly Smooth Stone"},{"floor":25,"key":"Bag of Preparation"},{"floor":26,"key":"Strawberry"}],"event_choices":[{"cards_removed":["Bash"],"damage_healed":0,"gold_gain":0,"player_choice":"Card Removal","damage_taken":7,"max_hp_gain":0,"max_hp_loss":0,"event_name":"Golden Wing","floor":10,"gold_loss":0},{"damage_healed":0,"gold_gain":0,"player_choice":"Grow","damage_taken":0,"max_hp_gain":0,"max_hp_loss":0,"event_name":"Living Wall","floor":14,"gold_loss":0,"cards_upgraded":["Barricade"]},{"cards_removed":["Wild Strike"],"damage_healed":5,"gold_gain":0,"player_choice":"Offered Common","damage_taken":0,"max_hp_gain":0,"max_hp_loss":0,"event_name":"Bonfire Elementals","floor":19,"gold_loss":0},{"cards_removed":["Wild Strike"],"damage_healed":5,"gold_gain":0,"player_choice":"Offered Special","damage_taken":0,"max_hp_gain":0,"max_hp_loss":0,"event_name":"Bonfire Elementals","floor":19,"gold_loss":0},{"damage_healed":0,"gold_gain":0,"player_choice":"Copied","damage_taken":0,"max_hp_gain":0,"max_hp_loss":0,"event_name":"Duplicator","floor":22,"gold_loss":0,"cards_obtained":["Warcry"]},{"cards_removed":["Strike_R"],"damage_healed":0,"gold_gain":0,"player_choice":"Purged","damage_taken":0,"max_hp_gain":0,"max_hp_loss":0,"event_name":"Purifier","floor":29,"gold_loss":0}],"is_beta":false,"boss_relics":[{"not_picked":["Black Blood","Runic Dome"],"picked":"Astrolabe"}],"items_purged_floors":[20,27],"is_endless":false,"potions_floor_spawned":[3,5,12,13,21,24,28],"killed_by":"Snecko","ascension_level":3}