{"gold_per_floor":[110,129,129,129,129,129,129,146,173,173,248,248,70,101,101,199,199,217,217,231,247,247,279,291,291,291,308,151,164,183,183,183,278,278,291,42,61,81,81,81,33,61,107,0,45,56,70,70,70,70],"floor_reached":51,"playtime":1809,"items_purged":[],"score":745,"play_id":"c230b8d4-b070-45ed-be84-6c550bbaa22c","local_time":"20181118145200","is_ascension_mode":false,"campfire_choices":[{"data":"Bash","floor":6,"key":"SMITH"},{"data":"Warcry","floor":10,"key":"SMITH"},{"data":"Exhume","floor":12,"key":"SMITH"},{"data":"Shrug It Off","floor":15,"key":"SMITH"},{"data":"Perfected Strike","floor":25,"key":"SMITH"},{"data":"Pommel Strike","floor":32,"key":"SMITH"},{"data":"Limit Break","floor":40,"key":"SMITH"},{"data":"Spot Weakness","floor":49,"key":"SMITH"}],"neow_cost":"NONE","seed_source_timestamp":420187608384699,"circlet_count":0,"master_deck":["Strike_R","Strike_R","Strike_R","Strike_R","Strike_R","Defend_R+1","Defend_R+1","Defend_R","Defend_R","Bash+1","Exhume+1","Perfected Strike+1","Warcry+1","Reckless Charge","Shrug It Off+1","Shockwave","Reaper","Pommel Strike","Pommel Strike+1","Intimidate","Flame Barrier+1","Perfected Strike+1","Spot Weakness+1","Limit Break+1","Uppercut+1","Heavy Blade","Flex+1","Iron Wave","Uppercut+1","Seeing Red+1","Feed","Madness","Madness","Pommel Strike","Wild Strike+1","Metallicize+1","Power Through","True Grit"],"relics":["Burning Blood","War Paint","CultistMask","Smiling Mask","Blood Vial","Pocketwatch","Velvet Choker","Enchiridion","Bird Faced Urn","Regal Pillow","Bag of Marbles","Orrery","Mummified Hand","Red Skull","Strawberry","Red Mask","Ginger","Singing Bowl"],"potions_floor_usage":[14,16,27,33,42,46,50,50],"damage_taken":[{"damage":9,"enemies":"2 Louse","floor":1,"turns":3},{"damage":8,"enemies":"Jaw Worm","floor":2,"turns":3},{"damage":0,"enemies":"Small Slimes","floor":8,"turns":2},{"damage":14,"enemies":"Gremlin Nob","floor":14,"turns":3},{"damage":28,"enemies":"Hexaghost","floor":16,"turns":10},{"damage":7,"enemies":"Shell Parasite","floor":18,"turns":5},{"damage":10,"enemies":"Spheric Guardian","floor":20,"turns":3},{"damage":7,"enemies":"Snecko","floor":21,"turns":4},{"damage":15,"enemies":"Book of Stabbing","floor":23,"turns":6},{"damage":16,"enemies":"Centurion and Healer","floor":24,"turns":6},{"damage":0,"enemies":"3 Cultists","floor":27,"turns":5},{"damage":0,"enemies":"Snake Plant","floor":29,"turns":2},{"damage":0,"enemies":"Snecko","floor":30,"turns":3},{"damage":8,"enemies":"Colosseum Slavers","floor":31,"turns":2},{"damage":69,"enemies":"Automaton","floor":33,"turns":10},{"damage":7,"enemies":"Orb Walker","floor":35,"turns":2},{"damage":5,"enemies":"3 Shapes","floor":37,"turns":3},{"damage":16,"enemies":"Transient","floor":38,"turns":5},{"damage":0,"enemies":"Nemesis","floor":42,"turns":5},{"damage":21,"enemies":"2 Orb Walkers","floor":45,"turns":4},{"damage":39,"enemies":"Sphere and 2 Shapes","floor":46,"turns":6},{"damage":17,"enemies":"3 Darklings","floor":47,"turns":5},{"damage":73,"enemies":"Awakened One","floor":50,"turns":13}],"seed_played":"-6289089577556863868","potions_obtained":[{"floor":1,"key":"FearPotion"},{"floor":2,"key":"Poison Potion"},{"floor":16,"key":"Ancient Potion"},{"floor":20,"key":"SteroidPotion"},{"floor":24,"key":"EssenceOfSteel"},{"floor":27,"key":"BloodPotion"},{"floor":35,"key":"SkillPotion"},{"floor":47,"key":"SteroidPotion"}],"is_trial":false,"path_per_floor":["M","M","?","?","?","R","?","M","T","R","?","R","$","E","R","B",null,"M","?","M","M","?","E","M","R","T","M","$","M","M","?","R","B",null,"M","$","M","M","?","R","$","E","T","?","?","M","M","T","R","B",null],"character_chosen":"IRONCLAD","items_purchased":["Shrug It Off","Blood Vial","Bag of Marbles","Mummified Hand","Pommel Strike"],"campfire_rested":0,"item_purchase_floors":[13,13,28,36,41],"current_hp_per_floor":[77,75,75,68,68,68,68,74,74,74,63,63,63,57,57,37,80,80,80,76,77,61,60,68,68,68,78,78,80,80,78,78,43,80,79,79,80,70,60,60,60,79,86,86,75,62,71,71,71,55],"gold":70,"neow_bonus":"ONE_RANDOM_RARE_CARD","is_prod":false,"is_daily":false,"chose_seed":false,"campfire_upgraded":8,"win_rate":0,"timestamp":1542577920,"path_taken":["M","M","?","?","?","R","?","?","T","R","?","R","$","E","R","BOSS","M","?","M","M","?","E","?","R","T","M","$","M","M","?","R","BOSS","M","$","M","M","?","R","$","E","T","?","?","M","M","?","R","BOSS"],"build_version":"2018-11-15","purchased_purges":0,"victory":true,"max_hp_per_floor":[80,80,80,80,80,80,80,80,80,80,80,80,80,80,80,80,80,80,80,80,80,80,80,80,80,80,80,80,80,80,80,80,80,80,80,80,80,80,80,80,80,83,90,90,90,93,93,93,93,93],"card_choices":[{"not_picked":["Burning Pact","Rampage"],"picked":"Perfected Strike","floor":1},{"not_picked":["Havoc","Entrench"],"picked":"Warcry","floor":2},{"not_picked":["Warcry","Exhume"],"picked":"Reckless Charge","floor":8},{"not_picked":["Heavy Blade","Warcry"],"picked":"Shockwave","floor":14},{"not_picked":["Bludgeon","Berserk"],"picked":"Reaper","floor":16},{"not_picked":["Pummel+1","Twin Strike"],"picked":"Pommel Strike","floor":18},{"not_picked":["Anger","Sword Boomerang"],"picked":"Pommel Strike","floor":20},{"not_picked":["Headbutt","Searing Blow"],"picked":"Intimidate","floor":21},{"not_picked":["Body Slam","Battle Trance+1"],"picked":"Flame Barrier+1","floor":23},{"not_picked":["Flame Barrier","Sword Boomerang"],"picked":"Perfected Strike","floor":24},{"not_picked":["Headbutt","Sword Boomerang","Berserk"],"picked":"SKIP","floor":27},{"not_picked":["Thunderclap","Havoc"],"picked":"Spot Weakness","floor":29},{"not_picked":["Reckless Charge","Heavy Blade+1","Bloodletting"],"picked":"SKIP","floor":30},{"not_picked":["Barricade","Reaper"],"picked":"Limit Break","floor":33},{"not_picked":["Spot Weakness","Flex+1"],"picked":"Uppercut+1","floor":34},{"not_picked":["Burning Pact","Cleave"],"picked":"Heavy Blade","floor":34},{"not_picked":["Clothesline","True Grit"],"picked":"Flex+1","floor":34},{"not_picked":["Clothesline","Flex"],"picked":"Iron Wave","floor":34},{"not_picked":["Ghostly Armor","Combust"],"picked":"Uppercut+1","floor":34},{"not_picked":["Sever Soul+1","Headbutt+1"],"picked":"Seeing Red+1","floor":35},{"not_picked":["Armaments","Thunderclap+1","Sword Boomerang"],"picked":"SKIP","floor":37},{"not_picked":["Intimidate+1","Flex+1"],"picked":"Feed","floor":38},{"not_picked":["True Grit+1","Spot Weakness"],"picked":"Wild Strike+1","floor":42},{"not_picked":["Thunderclap","Headbutt+1"],"picked":"Metallicize+1","floor":45},{"not_picked":["Burning Pact+1","Flex+1"],"picked":"Power Through","floor":46},{"not_picked":["Flex","Headbutt+1"],"picked":"True Grit","floor":47}],"player_experience":1090004,"relics_obtained":[{"floor":9,"key":"Smiling Mask"},{"floor":14,"key":"Pocketwatch"},{"floor":22,"key":"Enchiridion"},{"floor":23,"key":"Bird Faced Urn"},{"floor":26,"key":"Regal Pillow"},{"floor":42,"key":"Red Skull"},{"floor":43,"key":"Strawberry"},{"floor":45,"key":"Ginger"},{"floor":48,"key":"Singing Bowl"}],"event_choices":[{"damage_healed":0,"gold_gain":0,"player_choice":"Ignored","damage_taken":0,"max_hp_gain":0,"max_hp_loss":0,"event_name":"Golden Wing","floor":3,"gold_loss":0},{"damage_healed":0,"gold_gain":0,"player_choice":"Success","damage_taken":7,"relics_obtained":["War Paint"],"max_hp_gain":0,"max_hp_loss":0,"event_name":"Scrap Ooze","floor":4,"gold_loss":0},{"damage_healed":0,"gold_gain":0,"player_choice":"Grow","damage_taken":0,"max_hp_gain":0,"max_hp_loss":0,"event_name":"Living Wall","floor":5,"gold_loss":0,"cards_upgraded":["Perfected Strike"]},{"damage_healed":0,"gold_gain":0,"player_choice":"Trade","damage_taken":0,"relics_obtained":["CultistMask"],"max_hp_gain":0,"max_hp_loss":0,"event_name":"FaceTrader","floor":7,"gold_loss":0},{"damage_healed":0,"gold_gain":75,"player_choice":"Gather Gold","damage_taken":11,"max_hp_gain":0,"max_hp_loss":0,"event_name":"World of Goop","floor":11,"gold_loss":0},{"damage_healed":0,"gold_gain":0,"player_choice":"Ignored","damage_taken":0,"max_hp_gain":0,"max_hp_loss":0,"event_name":"Beggar","floor":19,"gold_loss":0},{"damage_healed":0,"gold_gain":0,"player_choice":"Obtained Book","damage_taken":16,"max_hp_gain":0,"max_hp_loss":0,"event_name":"Cursed Tome","floor":22,"gold_loss":0},{"damage_healed":0,"gold_gain":0,"player_choice":"Fight","damage_taken":0,"max_hp_gain":0,"max_hp_loss":0,"event_name":"Colosseum","floor":31,"gold_loss":0},{"damage_healed":0,"gold_gain":0,"player_choice":"Fled From Nobs","damage_taken":0,"max_hp_gain":0,"max_hp_loss":0,"event_name":"Colosseum","floor":31,"gold_loss":0},{"damage_healed":0,"gold_gain":0,"player_choice":"Embrace Madness","damage_taken":10,"max_hp_gain":0,"max_hp_loss":0,"event_name":"Winding Halls","floor":39,"gold_loss":0,"cards_obtained":["Madness","Madness"]},{"damage_healed":0,"gold_gain":0,"player_choice":"Paid","damage_taken":0,"relics_obtained":["Red Mask"],"max_hp_gain":0,"max_hp_loss":0,"event_name":"Tomb of Lord Red Mask","floor":44,"gold_loss":107},{"damage_healed":0,"gold_gain":0,"player_choice":"Fight","damage_taken":0,"max_hp_gain":0,"max_hp_loss":0,"event_name":"Mysterious Sphere","floor":45,"gold_loss":0}],"is_beta":false,"boss_relics":[{"not_picked":["Runic Cube","Sozu"],"picked":"Velvet Choker"},{"not_picked":["White Beast Statue","Runic Dome"],"picked":"Orrery"}],"items_purged_floors":[],"is_endless":false,"potions_floor_spawned":[1,2,16,20,24,27,31,35,47],"ascension_level":0}