{"gold_per_floor":[113,113,127,142,16,51,51,80,104,122,2,2,33,61,61,166,166,182,182,194,164,176,207,227,227,227,242,192,192,223,235,235,332,332,346,3,3,278,57,88,101,101,124,134,134],"floor_reached":45,"playtime":3390,"items_purged":["Strike_G","Regret"],"score":551,"play_id":"7c8b2af0-f0e9-4785-a873-992b8a1d0d17","local_time":"20180918205541","is_ascension_mode":true,"campfire_choices":[{"data":"Distraction","floor":7.0,"key":"SMITH"},{"floor":12,"key":"REST"},{"floor":15,"key":"REST"},{"floor":25,"key":"REST"},{"floor":29,"key":"REST"},{"floor":32,"key":"REST"}],"neow_cost":"NONE","seed_source_timestamp":40681658172781,"circlet_count":0,"master_deck":["Defend_G","Defend_G","Defend_G","Defend_G","Defend_G","Strike_G+1","Strike_G","Strike_G+1","Strike_G","Survivor","Neutralize","Distraction+1","Neutralize","Deadly Poison+1","Backflip","Night Terror","Flying Knee","Dodge and Roll","Noxious Fumes","Backstab","Footwork","Terror","Deadly Poison","Night Terror+1","Noxious Fumes","Dodge and Roll+1","Crippling Poison","Blur","Footwork","Poisoned Stab","Blur+1","Bullet Time","Deadly Poison","Adrenaline","PiercingWail","Enlightenment","Adrenaline","Noxious Fumes","Deflect","Distraction"],"special_seed":0,"relics":["Ring of the Snake","NeowsBlessing","Happy Flower","Dream Catcher","Snake Skull","Boot","Odd Mushroom","Runic Dome","Paper Crane","War Paint","Centennial Puzzle","Whetstone","Sozu","Bottled Tornado","Bag of Preparation","Bronze Scales"],"potions_floor_usage":[8,13,14,14,18,23,23,24,31],"damage_taken":[{"damage":0.0,"enemies":"Jaw Worm","floor":1.0,"turns":1.0},{"damage":0.0,"enemies":"Cultist","floor":3.0,"turns":1.0},{"damage":0.0,"enemies":"Small Slimes","floor":4.0,"turns":1.0},{"damage":14.0,"enemies":"3 Sentries","floor":6.0,"turns":7.0},{"damage":15,"enemies":"Gremlin Nob","floor":8,"turns":4},{"damage":9,"enemies":"Red Slaver","floor":10,"turns":3},{"damage":8,"enemies":"3 Sentries","floor":13,"turns":6},{"damage":5,"enemies":"The Mushroom Lair","floor":14,"turns":3},{"damage":35,"enemies":"Slime Boss","floor":16,"turns":8},{"damage":0,"enemies":"Spheric Guardian","floor":18,"turns":6},{"damage":2,"enemies":"3 Byrds","floor":20,"turns":3},{"damage":18,"enemies":"Snake Plant","floor":22,"turns":6},{"damage":35,"enemies":"Gremlin Leader","floor":23,"turns":6},{"damage":0,"enemies":"Shelled Parasite and Fungi","floor":24,"turns":4},{"damage":9,"enemies":"Snecko","floor":27,"turns":7},{"damage":13,"enemies":"Slavers","floor":30,"turns":6},{"damage":0,"enemies":"Sentry and Sphere","floor":31,"turns":4},{"damage":38,"enemies":"Automaton","floor":33,"turns":7},{"damage":0,"enemies":"Orb Walker","floor":35,"turns":5},{"damage":48,"enemies":"Nemesis","floor":40,"turns":9},{"damage":4,"enemies":"3 Darklings","floor":41,"turns":5},{"damage":0,"enemies":"Jaw Worm Horde","floor":44,"turns":4},{"damage":22,"enemies":"4 Shapes","floor":45,"turns":3}],"seed_played":"-651811899978641245","potions_obtained":[{"floor":3.0,"key":"SteroidPotion"},{"floor":4.0,"key":"PowerPotion"},{"floor":8,"key":"Poison Potion"},{"floor":14,"key":"Block Potion"},{"floor":16,"key":"GamblersBrew"},{"floor":20,"key":"Fire Potion"},{"floor":21,"key":"LiquidBronze"},{"floor":22,"key":"AttackPotion"},{"floor":24,"key":"LiquidBronze"},{"floor":30,"key":"AttackPotion"}],"is_trial":false,"path_per_floor":["M","?","M","M","$","E","R","E","T","M","$","R","E","?","R","B",null,"M","?","M","?","M","E","M","R","T","M","?","R","E","M","R","B",null,"M","$","?","?","$","E","M","$","T","M"],"character_chosen":"THE_SILENT","items_purchased":["Poison Potion","Block Potion","Noxious Fumes","Bottled Tornado","Enlightenment","Noxious Fumes","Deflect"],"campfire_rested":5,"item_purchase_floors":[5,11,11,36,36,39,39],"current_hp_per_floor":[70,70,70,70,70,56,56,41,41,32,32,53,45,40,61,26,70,70,70,68,68,50,15,15,36,36,27,27,48,35,35,56,18,70,70,70,70,70,70,22,18,18,18,18,0],"gold":134,"neow_bonus":"THREE_ENEMY_KILL","is_prod":false,"is_daily":false,"chose_seed":false,"campfire_upgraded":1,"win_rate":0,"timestamp":1537318541,"path_taken":["M","?","M","?","?","E","R","E","T","M","$","R","E","?","R","BOSS","M","?","M","?","M","E","M","R","T","M","?","R","E","?","R","BOSS","M","$","?","?","$","E","M","?","T","?","M"],"build_version":"2018-09-18","purchased_purges":2,"victory":false,"max_hp_per_floor":[70,70,70,70,70,70,70,70,70,70,70,70,70,70,70,70,70,70,70,70,70,70,70,70,70,70,70,70,70,70,70,70,70,70,70,70,70,70,70,70,70,70,70,70,70],"card_choices":[{"not_picked":["Quick Slash","Prepared"],"picked":"Distraction","floor":1.0},{"not_picked":["Deflect","Outmaneuver"],"picked":"Deadly Poison","floor":3.0},{"not_picked":["Riddle With Holes","Reflex"],"picked":"Backflip","floor":4.0},{"not_picked":["Acrobatics","Dodge and Roll"],"picked":"Night Terror","floor":6.0},{"not_picked":["Reflex","Dagger Throw"],"picked":"Flying Knee","floor":8},{"not_picked":["Slice","Cloak And Dagger"],"picked":"Dodge and Roll","floor":10},{"not_picked":["Quick Slash","Underhanded Strike"],"picked":"Backstab","floor":12},{"not_picked":["Heel Hook","Dash"],"picked":"Footwork","floor":13},{"not_picked":["Escape Plan","Quick Slash"],"picked":"Terror","floor":14},{"not_picked":["Reflex","Blade Dance"],"picked":"Deadly Poison","floor":15},{"not_picked":["Bullet Time","Malaise"],"picked":"Night Terror","floor":16},{"not_picked":["Dash","Crippling Poison"],"picked":"Noxious Fumes","floor":18},{"not_picked":["Dagger Throw","Eviscerate"],"picked":"Dodge and Roll+1","floor":20},{"not_picked":["Outmaneuver","Acrobatics","Underhanded Strike+1"],"picked":"SKIP","floor":22},{"not_picked":["Underhanded Strike","Quick Slash+1"],"picked":"Crippling Poison","floor":23},{"not_picked":["Skewer","Acrobatics","Quick Slash"],"picked":"SKIP","floor":24},{"not_picked":["Underhanded Strike","Heel Hook"],"picked":"Blur","floor":25},{"not_picked":["Flying Knee","Acrobatics+1"],"picked":"Footwork","floor":27},{"not_picked":["Heel Hook","Reflex"],"picked":"Poisoned Stab","floor":29},{"not_picked":["Reflex","Footwork"],"picked":"Blur+1","floor":30},{"not_picked":["Flying Knee","Dagger Spray+1"],"picked":"Bullet Time","floor":31},{"not_picked":["Caltrops","Slice"],"picked":"Deadly Poison","floor":32},{"not_picked":["Night Terror","Burst"],"picked":"Adrenaline","floor":33},{"not_picked":["Poisoned Stab","Dodge and Roll+1"],"picked":"PiercingWail","floor":35},{"not_picked":["Underhanded Strike","Deflect+1"],"picked":"Distraction","floor":40},{"not_picked":["Slice","Dagger Throw","Sucker Punch"],"picked":"SKIP","floor":41},{"not_picked":["Quick Slash","Flechettes+1","All Out Attack"],"picked":"SKIP","floor":44}],"player_experience":243213,"relics_obtained":[{"floor":6.0,"key":"Happy Flower"},{"floor":8,"key":"Dream Catcher"},{"floor":9,"key":"Snake Skull"},{"floor":13,"key":"Boot"},{"floor":14,"key":"Odd Mushroom"},{"floor":23,"key":"War Paint"},{"floor":26,"key":"Centennial Puzzle"},{"floor":30,"key":"Whetstone"},{"floor":40,"key":"Bag of Preparation"},{"floor":43,"key":"Bronze Scales"}],"event_choices":[{"event_name":"Match and Keep!","player_choice":"1 cards matched","floor":2.0,"damage_taken":0.0},{"event_name":"Mushrooms","player_choice":"Fought Mushrooms","floor":14,"damage_taken":0},{"event_name":"The Mausoleum","player_choice":"Yes","floor":19,"damage_taken":0},{"event_name":"The Woman in Blue","player_choice":"Bought 2 Potions","floor":21,"damage_taken":0},{"event_name":"The Joust","player_choice":"Bet on Owner","floor":28,"damage_taken":0},{"event_name":"Duplicator","player_choice":"One dupe","floor":37,"damage_taken":0},{"event_name":"Golden Shrine","player_choice":"Desecrate","floor":38,"damage_taken":0}],"is_beta":true,"boss_relics":[{"not_picked":["Fusion Hammer","HoveringKite"],"picked":"Runic Dome"},{"not_picked":["Ring of the Serpent","Eternal Feather"],"picked":"Sozu"}],"items_purged_floors":[5,39],"is_endless":false,"potions_floor_spawned":[3,4,8,14,16,20,22,24,30,40,41],"killed_by":"4 Shapes","ascension_level":1}