{"gold_per_floor":[14,33,33,46,21,21,21,39,65,85,97,113,133,143,143,243,243,261,280,280,280,280,205,205,222,249,249,263,274,274],"floor_reached":30,"playtime":979,"items_purged":[],"score":253,"play_id":"c2ada4bb-aa2e-4aa2-b6ad-0f88b1a9e09c","local_time":"20190222104047","is_ascension_mode":false,"campfire_choices":[{"data":"Exhume","floor":6.0,"key":"SMITH"},{"data":"Infernal Blade","floor":15.0,"key":"SMITH"},{"data":"Infernal Blade","floor":24.0,"key":"SMITH"},{"floor":27.0,"key":"REST"}],"neow_cost":"NO_GOLD","seed_source_timestamp":578485159348871,"circlet_count":0,"master_deck":["Strike_R","Strike_R","Strike_R","Strike_R","Defend_R","Defend_R","Defend_R","Bash","Flame Barrier","Cleave","Exhume+1","Pommel Strike","Flex","Shrug It Off","Infernal Blade+1","Rage","Twin Strike","Shrug It Off","Feed","Seeing Red","Infernal Blade+1","RitualDagger","Fire Breathing","Havoc+1","Havoc+1","Reaper"],"special_seed":0,"relics":["Burning Blood"],"potions_floor_usage":[29],"damage_taken":[{"damage":9.0,"enemies":"Small Slimes","floor":1.0,"turns":3.0},{"damage":1.0,"enemies":"2 Louse","floor":2.0,"turns":4.0},{"damage":6.0,"enemies":"Jaw Worm","floor":4.0,"turns":4.0},{"damage":12.0,"enemies":"Red Slaver","floor":8.0,"turns":5.0},{"damage":7.0,"enemies":"2 Fungi Beasts","floor":10.0,"turns":3.0},{"damage":0.0,"enemies":"Large Slime","floor":11.0,"turns":4.0},{"damage":12.0,"enemies":"Blue Slaver","floor":12.0,"turns":4.0},{"damage":3.0,"enemies":"2 Fungi Beasts","floor":13.0,"turns":3.0},{"damage":24.0,"enemies":"Red Slaver","floor":14.0,"turns":5.0},{"damage":34.0,"enemies":"The Guardian","floor":16.0,"turns":12.0},{"damage":15.0,"enemies":"Shell Parasite","floor":18.0,"turns":5.0},{"damage":17.0,"enemies":"2 Thieves","floor":19.0,"turns":5.0},{"damage":51.0,"enemies":"Shelled Parasite and Fungi","floor":25.0,"turns":7.0},{"damage":24.0,"enemies":"Snake Plant","floor":28.0,"turns":5.0},{"damage":39,"enemies":"Centurion and Healer","floor":29,"turns":5},{"damage":35,"enemies":"Shelled Parasite and Fungi","floor":30,"turns":3}],"seed_played":"3928708621225372513","potions_obtained":[{"floor":8.0,"key":"Energy Potion"},{"floor":10.0,"key":"Poison Potion"},{"floor":11.0,"key":"Strength Potion"},{"floor":12.0,"key":"Explosive Potion"},{"floor":25.0,"key":"SpeedPotion"},{"floor":28.0,"key":"AttackPotion"},{"floor":29,"key":"Ancient Potion"}],"is_trial":false,"path_per_floor":["M","M","?","M","$","R","?","M","T","M","M","M","M","M","R","B",null,"M","M","$","?","?","?","R","M","T","R","M","M","M"],"character_chosen":"IRONCLAD","items_purchased":["Pommel Strike"],"campfire_rested":1,"item_purchase_floors":[5],"current_hp_per_floor":[93,96,96,96,96,96,96,90,90,89,95,89,92,74,74,46,96,90,82,82,76,76,76,76,31,31,61,46,13,0],"gold":274,"neow_bonus":"TWENTY_PERCENT_HP_BONUS","is_prod":false,"is_daily":false,"chose_seed":false,"campfire_upgraded":3,"win_rate":0,"timestamp":1550857247,"path_taken":["M","M","?","M","$","R","?","M","T","M","M","M","M","?","R","BOSS","M","M","?","?","?","?","R","M","T","R","?","M","M"],"build_version":"2019-01-23","purchased_purges":0,"victory":false,"max_hp_per_floor":[96,96,96,96,96,96,96,96,96,96,96,96,96,96,96,96,96,99,102,102,102,102,102,102,102,102,102,105,105,105],"card_choices":[{"not_picked":["Body Slam","Armaments"],"picked":"Flame Barrier","floor":1.0},{"not_picked":["Intimidate","Thunderclap"],"picked":"Cleave","floor":2.0},{"not_picked":["Armaments","Blood for Blood"],"picked":"Exhume","floor":4.0},{"not_picked":["Cleave","Thunderclap"],"picked":"Flex","floor":8.0},{"not_picked":["Disarm","Thunderclap"],"picked":"Shrug It Off","floor":10.0},{"not_picked":["Entrench","Feel No Pain"],"picked":"Infernal Blade","floor":11.0},{"not_picked":["Cleave","Heavy Blade"],"picked":"Rage","floor":12.0},{"not_picked":["Heavy Blade","Metallicize"],"picked":"Twin Strike","floor":13.0},{"not_picked":["Headbutt","Clothesline"],"picked":"Shrug It Off","floor":14.0},{"not_picked":["Reaper","Dark Embrace"],"picked":"Feed","floor":16.0},{"not_picked":["Bloodletting","Armaments"],"picked":"Seeing Red","floor":18.0},{"not_picked":["Twin Strike","Clash+1"],"picked":"Infernal Blade","floor":19.0},{"not_picked":["Evolve","True Grit"],"picked":"Havoc+1","floor":25.0},{"not_picked":["Body Slam","Metallicize"],"picked":"Havoc+1","floor":28.0},{"not_picked":["Havoc","Perfected Strike"],"picked":"Reaper","floor":29}],"player_experience":1541549,"relics_obtained":[],"event_choices":[{"damage_healed":0.0,"max_hp_gain":0.0,"max_hp_loss":0.0,"gold_gain":0.0,"event_name":"Golden Idol","player_choice":"Ignored","floor":3.0,"gold_loss":0.0,"damage_taken":0.0},{"damage_healed":0.0,"max_hp_gain":0.0,"max_hp_loss":0.0,"gold_gain":0.0,"event_name":"Golden Wing","player_choice":"Ignored","floor":7.0,"gold_loss":0.0,"damage_taken":0.0},{"damage_healed":0.0,"max_hp_gain":0.0,"max_hp_loss":0.0,"gold_gain":0.0,"event_name":"Nest","player_choice":"Joined the Cult","floor":21.0,"gold_loss":0.0,"damage_taken":6.0,"cards_obtained":["RitualDagger"]},{"damage_healed":0.0,"max_hp_gain":0.0,"max_hp_loss":0.0,"gold_gain":0.0,"cards_transformed":["Strike_R","Defend_R"],"event_name":"Drug Dealer","player_choice":"Became Test Subject","floor":22.0,"gold_loss":0.0,"damage_taken":0.0,"cards_obtained":["Berserk","Fire Breathing"]},{"cards_removed":["Berserk"],"damage_healed":0.0,"max_hp_gain":0.0,"max_hp_loss":0.0,"gold_gain":0.0,"event_name":"Beggar","player_choice":"Gave Gold","floor":23.0,"gold_loss":75.0,"damage_taken":0.0}],"is_beta":false,"boss_relics":[{"not_picked":["Coffee Dripper","Snecko Eye","Tiny House"]}],"items_purged_floors":[],"is_endless":false,"potions_floor_spawned":[8,10,11,12,25,28,29],"killed_by":"Shelled Parasite and Fungi","ascension_level":0}