{"gold_per_floor":[217,234,71,71,71,105,119,130,186,186,3,14,29,42,42,140,140,159,172,19,35,35,35,60,60,133,150,181,193,193,212,212,212],"floor_reached":33,"playtime":3273,"items_purged":["Strike_B"],"score":364,"play_id":"9f597a40-4fac-4bd3-b4f9-bd561f29a1d5","local_time":"20190319010539","is_ascension_mode":true,"campfire_choices":[{"floor":10,"key":"REST"},{"floor":15,"key":"REST"},{"floor":23,"key":"REST"},{"floor":25,"key":"REST"},{"data":"Zap","floor":32,"key":"SMITH"}],"neow_cost":"NONE","seed_source_timestamp":262581840804079,"circlet_count":0,"master_deck":["Strike_B","Strike_B","Defend_B","Defend_B","Defend_B","Defend_B","Zap+1","Dualcast","Impatience","White Noise","Conserve Battery","Loop","Chill","Stack","Ball Lightning","Conserve Battery+1","Writhe","Cold Snap+1","Hologram","White Noise","Glacier"],"relics":["Cracked Core","Letter Opener","Gremlin Horn","Tiny Chest","Bronze Scales","Sozu","Oddly Smooth Stone","Ancient Tea Set","Happy Flower","Meat on the Bone","Strawberry"],"potions_floor_usage":[19],"damage_taken":[{"damage":1,"enemies":"Cultist","floor":1,"turns":4},{"damage":0,"enemies":"Jaw Worm","floor":2,"turns":3},{"damage":49,"enemies":"Lagavulin","floor":6,"turns":9},{"damage":7,"enemies":"Small Slimes","floor":7,"turns":3},{"damage":15,"enemies":"2 Fungi Beasts","floor":8,"turns":3},{"damage":11,"enemies":"Blue Slaver","floor":12,"turns":4},{"damage":1,"enemies":"3 Louse","floor":13,"turns":2},{"damage":0,"enemies":"2 Fungi Beasts","floor":14,"turns":3},{"damage":9,"enemies":"The Guardian","floor":16,"turns":12},{"damage":12,"enemies":"Spheric Guardian","floor":18,"turns":4},{"damage":0,"enemies":"Chosen","floor":19,"turns":4},{"damage":2,"enemies":"Centurion and Healer","floor":21,"turns":8},{"damage":46,"enemies":"Gremlin Leader","floor":24,"turns":7},{"damage":19,"enemies":"Snake Plant","floor":27,"turns":3},{"damage":15,"enemies":"Book of Stabbing","floor":28,"turns":6},{"damage":4,"enemies":"3 Cultists","floor":29,"turns":4},{"damage":7,"enemies":"Centurion and Healer","floor":31,"turns":7},{"damage":45,"enemies":"Champ","floor":33,"turns":13}],"seed_played":"1110700411551817633","potions_obtained":[{"floor":6,"key":"Energy Potion"},{"floor":8,"key":"SpeedPotion"},{"floor":12,"key":"Explosive Potion"},{"floor":16,"key":"SmokeBomb"}],"is_trial":false,"path_per_floor":["T","?","M","?","?"],"character_chosen":"DEFECT","items_purchased":["Impatience","Bronze Scales","Loop","Oddly Smooth Stone"],"campfire_rested":4,"item_purchase_floors":[3,11,11,20],"current_hp_per_floor":[74,74,74,74,74,25,18,3,3,25,25,14,13,13,35,26,63,51,51,51,49,49,71,25,47,47,40,44,52,36,41,41,0],"gold":212,"neow_bonus":"HUNDRED_GOLD","is_prod":false,"is_daily":false,"chose_seed":false,"campfire_upgraded":1,"win_rate":0,"timestamp":1552971939,"path_taken":["M","M","$","?","?","E","M","M","T","R","$","M","M","?","R","BOSS","M","M","$","M","?","R","E","R","T","M","E","M","?","M","R","BOSS"],"build_version":"2019-01-23","purchased_purges":1,"victory":false,"max_hp_per_floor":[75,75,75,75,75,75,75,75,75,75,75,75,75,75,75,75,75,75,75,75,75,75,75,75,75,75,75,82,82,87,87,87,87],"card_choices":[{"not_picked":["Beam Cell","Redo","Stack"],"picked":"SKIP","floor":1},{"not_picked":["Sweeping Beam","Blizzard","Rebound"],"picked":"SKIP","floor":2},{"not_picked":["Recycle","Fission"],"picked":"White Noise","floor":6},{"not_picked":["Steam Power","Rebound","Reinforced Body"],"picked":"SKIP","floor":7},{"not_picked":["Compile Driver","Beam Cell"],"picked":"Conserve Battery","floor":8},{"not_picked":["Chaos","Compile Driver","Darkness"],"picked":"SKIP","floor":12},{"not_picked":["Coolheaded","All For One"],"picked":"Chill","floor":13},{"not_picked":["Gash","Streamline"],"picked":"Stack","floor":14},{"not_picked":["Turbo","Doom and Gloom","Recycle+1"],"picked":"SKIP","floor":18},{"not_picked":["Rebound","Force Field+1"],"picked":"Ball Lightning","floor":19},{"not_picked":["Leap","Coolheaded"],"picked":"Conserve Battery+1","floor":21},{"not_picked":["Scrape+1","Fusion","Consume"],"picked":"SKIP","floor":24},{"not_picked":["Sweeping Beam+1","Steam"],"picked":"Cold Snap+1","floor":27},{"not_picked":["Static Discharge","Compile Driver+1"],"picked":"Hologram","floor":28},{"not_picked":["Beam Cell","Genetic Algorithm"],"picked":"White Noise","floor":29},{"not_picked":["Go for the Eyes","Compile Driver"],"picked":"Glacier","floor":31}],"player_experience":784026,"relics_obtained":[{"floor":4,"key":"Letter Opener"},{"floor":6,"key":"Gremlin Horn"},{"floor":9,"key":"Tiny Chest"},{"floor":24,"key":"Happy Flower"},{"floor":26,"key":"Meat on the Bone"},{"floor":28,"key":"Strawberry"}],"event_choices":[{"cards_removed":["Strike_B"],"damage_healed":0,"gold_gain":0,"player_choice":"Purged","damage_taken":0,"max_hp_gain":0,"max_hp_loss":0,"event_name":"Purifier","floor":5,"gold_loss":0},{"damage_healed":0,"gold_gain":0,"player_choice":"Opened","damage_taken":0,"relics_obtained":["Ancient Tea Set"],"max_hp_gain":0,"max_hp_loss":0,"event_name":"The Mausoleum","floor":22,"gold_loss":0,"cards_obtained":["Writhe"]},{"damage_healed":0,"gold_gain":0,"player_choice":"Shed Blood","damage_taken":21,"max_hp_gain":5,"max_hp_loss":0,"event_name":"Forgotten Altar","floor":30,"gold_loss":0}],"is_beta":false,"boss_relics":[{"not_picked":["Calling Bell","Cursed Key"],"picked":"Sozu"}],"items_purged_floors":[3],"is_endless":false,"potions_floor_spawned":[6,8,12,14,16,19,27,28,31],"killed_by":"Champ","ascension_level":5}