{"gold_per_floor":[111,111,124,138,138,138,173,173,173,173,173,188,188,203,203,203],"floor_reached":16,"playtime":404,"items_purged":[],"score":105,"play_id":"7de13e56-1b9b-4a3b-a9bd-6f8646507a84","local_time":"20181005040622","is_ascension_mode":true,"campfire_choices":[{"data":"Neutralize","floor":6.0,"key":"SMITH"},{"data":"All Out Attack","floor":8.0,"key":"SMITH"},{"floor":10.0,"key":"REST"},{"data":"Reflex","floor":15.0,"key":"SMITH"}],"neow_cost":"NONE","seed_source_timestamp":0,"circlet_count":0,"master_deck":["Defend_G","Defend_G","Defend_G","Defend_G","Strike_G","Strike_G","Strike_G","Strike_G","Survivor","Neutralize+1","Dagger Throw","Underhanded Strike","Quick Slash","Predator","All Out Attack+1","Dagger Throw","Regret","Reflex+1","Eviscerate"],"special_seed":0,"relics":["Ring of the Snake","Oddly Smooth Stone","Dream Catcher","Question Card","Centennial Puzzle"],"potions_floor_usage":[16,16],"damage_taken":[{"damage":0.0,"enemies":"2 Louse","floor":1.0,"turns":3.0},{"damage":0.0,"enemies":"Small Slimes","floor":3.0,"turns":3.0},{"damage":0.0,"enemies":"Cultist","floor":4.0,"turns":3.0},{"damage":15.0,"enemies":"Gremlin Nob","floor":7.0,"turns":4.0},{"damage":2.0,"enemies":"Large Slime","floor":12.0,"turns":3.0},{"damage":1.0,"enemies":"Looter","floor":14.0,"turns":2.0},{"damage":65,"enemies":"Slime Boss","floor":16,"turns":7}],"seed_played":"1422717682196844706","potions_obtained":[{"floor":1.0,"key":"Ancient Potion"},{"floor":7.0,"key":"Swift Potion"},{"floor":14.0,"key":"Poison Potion"}],"is_trial":false,"path_per_floor":["M","?","M","M","?","R","E","R","T","R","?","M","?","M","R"],"character_chosen":"THE_SILENT","items_purchased":[],"campfire_rested":1,"item_purchase_floors":[],"current_hp_per_floor":[70,63,63,63,63,63,48,48,48,69,69,67,67,66,66,1],"gold":203,"neow_bonus":"RANDOM_COMMON_RELIC","is_prod":false,"is_daily":false,"chose_seed":false,"campfire_upgraded":3,"win_rate":0,"timestamp":1538726782,"path_taken":["M","?","?","M","?","R","E","R","T","R","?","?","?","M","R","BOSS"],"build_version":"2018-10-04","purchased_purges":0,"victory":false,"max_hp_per_floor":[70,70,70,70,70,70,70,70,70,70,70,70,70,70,70,70],"card_choices":[{"not_picked":["Finisher","Backflip"],"picked":"Dagger Throw","floor":1.0},{"not_picked":["Dodge and Roll","Prepared"],"picked":"Underhanded Strike","floor":3.0},{"not_picked":["Cloak And Dagger","Catalyst"],"picked":"Quick Slash","floor":4.0},{"not_picked":["Deflect","Crippling Poison"],"picked":"All Out Attack","floor":7.0},{"not_picked":["Infinite Blades","Prepared","Deadly Poison"],"picked":"Dagger Throw","floor":10.0},{"not_picked":["All Out Attack","Deadly Poison","Tools of the Trade"],"picked":"Reflex","floor":12.0},{"not_picked":["Footwork","Accuracy","Blade Dance"],"picked":"Eviscerate","floor":14.0}],"player_experience":292897,"relics_obtained":[{"floor":7.0,"key":"Dream Catcher"},{"floor":9.0,"key":"Question Card"}],"event_choices":[{"event_name":"Golden Wing","player_choice":"Card Removal","floor":2.0,"damage_taken":0.0},{"event_name":"Living Wall","player_choice":"Change","floor":5.0,"damage_taken":0.0},{"event_name":"Big Fish","player_choice":"Box","floor":11.0,"damage_taken":0.0},{"event_name":"Liars Game","player_choice":"disagreed","floor":13.0,"damage_taken":0.0}],"is_beta":true,"boss_relics":[],"items_purged_floors":[],"is_endless":false,"potions_floor_spawned":[1,7,14],"killed_by":"Slime Boss","ascension_level":1}