{"gold_per_floor":[111,127,22,22,39,68,68,29,56,56,72,99,111,111,111,184,184,197,56,71,88,104,104,130,145,172,184,121,144,156,118,118,196,196,208,219,1,19,19,19],"floor_reached":40,"playtime":2991,"items_purged":["Strike_G","Finisher+1","Quick Slash"],"score":798,"play_id":"3b397f36-11dc-4287-b9c0-c78096fcae7f","local_time":"20190407202848","is_ascension_mode":true,"campfire_choices":[{"floor":7,"key":"REST"},{"data":"Footwork","floor":10,"key":"SMITH"},{"data":"Cloak And Dagger","floor":15,"key":"SMITH"},{"floor":23,"key":"REST"},{"floor":27,"key":"REST"},{"floor":32,"key":"REST"}],"neow_cost":"NONE","seed_source_timestamp":1974249022313173,"circlet_count":0,"master_deck":["AscendersBane","Defend_G","Defend_G","Defend_G","Defend_G","Defend_G","Survivor","Neutralize","Footwork+1","Noxious Fumes+1","Quick Slash","Cloak And Dagger+1","Well Laid Plans","Die Die Die","Dodge and Roll","After Image","Backflip","Caltrops","PiercingWail","Dodge and Roll+1","Footwork","Dodge and Roll","Endless Agony","Blur","Cloak And Dagger","Escape Plan+1","Bite","Bite","Bite","Bite","Bite","Bullet Time","Calculated Gamble+1","Footwork"],"relics":["Ring of the Snake","Vajra","Smiling Mask","Oddly Smooth Stone","Centennial Puzzle","Orrery","Tough Bandages","MawBank","Coffee Dripper"],"potions_floor_usage":[11,20,25,40],"damage_taken":[{"damage":4,"enemies":"Small Slimes","floor":1,"turns":3},{"damage":0,"enemies":"Jaw Worm","floor":2,"turns":4},{"damage":0,"enemies":"2 Louse","floor":5,"turns":2},{"damage":26,"enemies":"Gremlin Nob","floor":6,"turns":4},{"damage":0,"enemies":"Exordium Wildlife","floor":11,"turns":2},{"damage":11,"enemies":"Lagavulin","floor":12,"turns":6},{"damage":0,"enemies":"2 Fungi Beasts","floor":13,"turns":4},{"damage":12,"enemies":"Hexaghost","floor":16,"turns":10},{"damage":12,"enemies":"Spheric Guardian","floor":18,"turns":8},{"damage":5,"enemies":"Chosen","floor":20,"turns":7},{"damage":9,"enemies":"Snake Plant","floor":21,"turns":7},{"damage":14,"enemies":"Centurion and Healer","floor":22,"turns":8},{"damage":11,"enemies":"Gremlin Leader","floor":24,"turns":9},{"damage":21,"enemies":"3 Cultists","floor":25,"turns":5},{"damage":15,"enemies":"Shelled Parasite and Fungi","floor":29,"turns":10},{"damage":31,"enemies":"Automaton","floor":33,"turns":17},{"damage":12,"enemies":"Orb Walker","floor":35,"turns":5},{"damage":21,"enemies":"3 Darklings","floor":36,"turns":6},{"damage":30,"enemies":"Sphere and 2 Shapes","floor":38,"turns":8},{"damage":31,"enemies":"Reptomancer","floor":40,"turns":2}],"seed_played":"-1608483976394993383","potions_obtained":[{"floor":1,"key":"Poison Potion"},{"floor":5,"key":"FearPotion"},{"floor":16,"key":"Weak Potion"},{"floor":21,"key":"Fire Potion"},{"floor":22,"key":"LiquidBronze"},{"floor":35,"key":"Strength Potion"}],"is_trial":false,"path_per_floor":["?","?","?","?","?"],"character_chosen":"THE_SILENT","items_purchased":["Noxious Fumes","Quick Slash","Well Laid Plans","Footwork","Dodge and Roll","Footwork","Backflip","Fire Potion"],"campfire_rested":4,"item_purchase_floors":[3,3,8,19,19,37,37,37],"current_hp_per_floor":[55,55,55,35,35,9,28,28,28,28,28,17,17,39,39,27,56,44,44,39,30,16,35,24,3,3,22,22,7,7,7,20,13,38,34,23,23,13,13,0],"gold":19,"neow_bonus":"RANDOM_COMMON_RELIC","is_prod":false,"is_daily":false,"chose_seed":false,"campfire_upgraded":2,"win_rate":0,"timestamp":1554683328,"path_taken":["M","M","$","?","M","E","R","$","T","R","M","E","M","?","R","BOSS","M","$","M","M","M","R","E","M","T","R","?","M","?","$","R","BOSS","M","M","$","M","?","E"],"build_version":"2019-01-23","purchased_purges":3,"victory":false,"max_hp_per_floor":[66,66,66,66,66,66,66,66,66,66,66,66,66,66,66,66,66,66,66,66,66,66,66,66,66,66,66,66,66,46,46,46,46,46,46,46,46,46,46,46],"card_choices":[{"not_picked":["Heel Hook","Expertise"],"picked":"Finisher","floor":1},{"not_picked":["Finisher","Leg Sweep"],"picked":"Footwork","floor":2},{"not_picked":["Deadly Poison","Bane"],"picked":"Quick Slash","floor":5},{"not_picked":["Terror","Sucker Punch"],"picked":"Cloak And Dagger","floor":6},{"not_picked":["Terror","Bouncing Flask","Prepared"],"picked":"SKIP","floor":11},{"not_picked":["Prepared","Poisoned Stab"],"picked":"Die Die Die","floor":12},{"not_picked":["Flying Knee","Catalyst"],"picked":"Dodge and Roll","floor":13},{"not_picked":["Doppelganger","Adrenaline"],"picked":"After Image","floor":16},{"not_picked":["Terror","Finisher"],"picked":"Backflip","floor":17},{"not_picked":["Dagger Throw","Slice"],"picked":"Caltrops","floor":17},{"not_picked":["Tactician","Blade Dance"],"picked":"PiercingWail","floor":17},{"not_picked":["Tactician","Dagger Throw"],"picked":"Dodge and Roll+1","floor":18},{"not_picked":["Eviscerate","Tactician"],"picked":"Endless Agony","floor":20},{"not_picked":["Dagger Spray","Calculated Gamble","Acrobatics"],"picked":"SKIP","floor":21},{"not_picked":["Dagger Throw","Masterful Stab","Bane"],"picked":"SKIP","floor":22},{"not_picked":["Dagger Spray","Choke+1","Blur"],"picked":"SKIP","floor":24},{"not_picked":["Dagger Spray","Choke+1"],"picked":"Blur","floor":24},{"not_picked":["Backflip","Flechettes"],"picked":"Cloak And Dagger","floor":25},{"not_picked":["Unload","Riddle With Holes"],"picked":"Escape Plan+1","floor":29},{"not_picked":["Burst","Phantasmal Killer"],"picked":"Bullet Time","floor":33},{"not_picked":["Poisoned Stab","Finisher"],"picked":"Calculated Gamble+1","floor":35},{"not_picked":["Quick Slash","Slice","Die Die Die"],"picked":"SKIP","floor":36},{"not_picked":["Dagger Throw+1","Bouncing Flask+1","Poisoned Stab"],"picked":"SKIP","floor":38}],"player_experience":1602279,"relics_obtained":[{"floor":6,"key":"Smiling Mask"},{"floor":9,"key":"Oddly Smooth Stone"},{"floor":12,"key":"Centennial Puzzle"},{"floor":24,"key":"Tough Bandages"},{"floor":26,"key":"MawBank"}],"event_choices":[{"damage_healed":0,"gold_gain":0,"player_choice":"Entered Light","damage_taken":20,"max_hp_gain":0,"max_hp_loss":0,"event_name":"Shining Light","floor":4,"gold_loss":0,"cards_upgraded":["Noxious Fumes","Finisher"]},{"damage_healed":22,"gold_gain":0,"player_choice":"Banana","damage_taken":0,"max_hp_gain":0,"max_hp_loss":0,"event_name":"Big Fish","floor":14,"gold_loss":0},{"cards_removed":["Strike_G"],"damage_healed":0,"gold_gain":0,"player_choice":"Gave Gold","damage_taken":0,"max_hp_gain":0,"max_hp_loss":0,"event_name":"Beggar","floor":28,"gold_loss":75},{"damage_healed":0,"gold_gain":0,"player_choice":"Became a vampire","damage_taken":0,"max_hp_gain":0,"max_hp_loss":20,"event_name":"Vampires","floor":30,"gold_loss":0,"cards_obtained":["Bite","Bite","Bite","Bite","Bite"]},{"cards_removed":["Backflip"],"damage_healed":0,"gold_gain":0,"player_choice":"Removed Skill","damage_taken":0,"max_hp_gain":0,"max_hp_loss":0,"event_name":"Falling","floor":39,"gold_loss":0}],"is_beta":false,"boss_relics":[{"not_picked":["Lizard Tail","Calling Bell"],"picked":"Orrery"},{"not_picked":["HoveringKite","Black Star"],"picked":"Coffee Dripper"}],"items_purged_floors":[19,31,37],"is_endless":false,"potions_floor_spawned":[1,5,16,18,21,22,35,38],"killed_by":"Reptomancer","ascension_level":17}