{"gold_per_floor":[119,119,133,147,147,147,247,247,247,260,17,35,62,82,82,202,202,221,236,236,186,196,196,196],"floor_reached":24,"playtime":911,"items_purged":[],"score":188,"play_id":"920438c2-2506-483b-b35e-b454f32f403f","local_time":"20181116213108","is_ascension_mode":false,"campfire_choices":[{"data":"White Noise","floor":6,"key":"SMITH"},{"floor":8,"key":"REST"},{"data":"Echo Form","floor":15,"key":"SMITH"},{"data":"Echo Form","floor":23,"key":"SMITH"}],"neow_cost":"TEN_PERCENT_HP_LOSS","seed_source_timestamp":272237765312368,"circlet_count":0,"master_deck":["Zap","Dualcast","Echo Form+1","Echo Form+1","White Noise+1","Ball Lightning","Injury","Sunder","Gash","Heatsinks","Steam+1","Seek+1","Glacier+1","Conserve Battery+1","Reboot+1","Hologram+1","Consume+1","Gash","Steam+1","Melter","Auto Shields+1","Loop","Chill+1","White Noise+1","Thunder Strike"],"relics":["Cracked Core","Bloody Idol","Toxic Egg 2","Pen Nib","Pandora\u0027s Box"],"potions_floor_usage":[16,16,18],"damage_taken":[{"damage":2,"enemies":"2 Louse","floor":1,"turns":3},{"damage":6,"enemies":"Cultist","floor":3,"turns":3},{"damage":18,"enemies":"Jaw Worm","floor":4,"turns":4},{"damage":8,"enemies":"2 Fungi Beasts","floor":10,"turns":4},{"damage":5,"enemies":"Lots of Slimes","floor":12,"turns":4},{"damage":0,"enemies":"Large Slime","floor":14,"turns":5},{"damage":21,"enemies":"Slime Boss","floor":16,"turns":9},{"damage":4,"enemies":"3 Byrds","floor":18,"turns":6},{"damage":12,"enemies":"2 Thieves","floor":19,"turns":4},{"damage":6,"enemies":"Snecko","floor":22,"turns":4},{"damage":54,"enemies":"Book of Stabbing","floor":24,"turns":5}],"seed_played":"1119611610485528532","potions_obtained":[{"floor":4,"key":"SteroidPotion"},{"floor":10,"key":"Poison Potion"},{"floor":12,"key":"Swift Potion"},{"floor":16,"key":"FearPotion"},{"floor":22,"key":"Strength Potion"}],"is_trial":false,"path_per_floor":["M","?","M","M","?","R","?","R","T","M","$","M","T","M","R","B",null,"M","M","?","?","M","R","E"],"character_chosen":"DEFECT","items_purchased":["Gash","Heatsinks","Steam+1","Seek+1"],"campfire_rested":1,"item_purchase_floors":[11,11,11,11],"current_hp_per_floor":[66,66,60,42,42,42,42,62,62,54,54,49,49,49,49,28,68,64,52,52,52,51,51,0],"gold":196,"neow_bonus":"THREE_RARE_CARDS","is_prod":false,"is_daily":false,"chose_seed":false,"campfire_upgraded":3,"win_rate":0,"timestamp":1542429068,"path_taken":["M","?","M","?","?","R","?","R","T","M","$","?","?","M","R","BOSS","M","M","?","?","?","R","E"],"build_version":"2018-11-15","purchased_purges":0,"victory":false,"max_hp_per_floor":[68,68,68,68,68,68,68,68,68,68,68,68,68,68,68,68,68,68,68,68,68,68,68,68],"card_choices":[{"not_picked":["Creative AI","Thunder Strike"],"picked":"Echo Form","floor":0},{"not_picked":["Rebound","Aggregate","Compile Driver"],"picked":"SKIP","floor":1},{"not_picked":["Sweeping Beam","Redo"],"picked":"White Noise","floor":3},{"not_picked":["Sweeping Beam","Beam Cell"],"picked":"Ball Lightning","floor":4},{"not_picked":["Stack+1","Steam+1"],"picked":"Sunder","floor":10},{"not_picked":["Barrage","Sweeping Beam"],"picked":"Glacier+1","floor":12},{"not_picked":["Heatsinks","Coolheaded+1"],"picked":"Conserve Battery+1","floor":14},{"not_picked":["Biased Cognition","Multi-Cast+1"],"picked":"Reboot+1","floor":16},{"not_picked":["Cold Snap","Loop"],"picked":"Chill+1","floor":18},{"not_picked":["Streamline+1","Barrage"],"picked":"White Noise+1","floor":19},{"not_picked":["Cold Snap+1","Turbo+1"],"picked":"Thunder Strike","floor":22}],"player_experience":1078506,"relics_obtained":[{"floor":9,"key":"Toxic Egg 2"},{"floor":13,"key":"Pen Nib"}],"event_choices":[{"damage_healed":0,"gold_gain":0,"cards_transformed":["Strike_B"],"player_choice":"Transformed","damage_taken":0,"max_hp_gain":0,"max_hp_loss":0,"event_name":"Transmorgrifier","floor":2,"gold_loss":0,"cards_obtained":["Echo Form"]},{"damage_healed":0,"gold_gain":0,"player_choice":"Take Wound","damage_taken":0,"relics_obtained":["Golden Idol"],"max_hp_gain":0,"max_hp_loss":0,"event_name":"Golden Idol","floor":5,"gold_loss":0,"cards_obtained":["Injury"]},{"damage_healed":0,"gold_gain":100,"player_choice":"Pray","damage_taken":0,"max_hp_gain":0,"max_hp_loss":0,"event_name":"Golden Shrine","floor":7,"gold_loss":0},{"damage_healed":0,"gold_gain":0,"player_choice":"Gave Idol","damage_taken":0,"relics_obtained":["Bloody Idol"],"max_hp_gain":0,"max_hp_loss":0,"event_name":"Forgotten Altar","floor":20,"relics_lost":["Golden Idol"],"gold_loss":0},{"damage_healed":0,"gold_gain":0,"player_choice":"Bet on Murderer","damage_taken":0,"max_hp_gain":0,"max_hp_loss":0,"event_name":"The Joust","floor":21,"gold_loss":50}],"is_beta":false,"boss_relics":[{"not_picked":["Empty Cage","Tiny House"],"picked":"Pandora\u0027s Box"}],"items_purged_floors":[],"is_endless":false,"potions_floor_spawned":[4,10,12,16,22],"killed_by":"Book of Stabbing","ascension_level":0}