{"gold_per_floor":[117,135,135,210,220,297,307,232,285,320,337,337,337,337],"floor_reached":14,"playtime":571,"items_purged":["Regret"],"score":90,"play_id":"4cdce67d-42e6-424e-aa65-c4e4127368df","local_time":"20190218234937","is_ascension_mode":false,"campfire_choices":[{"floor":12,"key":"REST"}],"neow_cost":"NONE","seed_source_timestamp":430385271782725,"circlet_count":0,"master_deck":["Strike_B","Strike_B","Strike_B","Defend_B","Defend_B","Defend_B","Defend_B","Zap","Dualcast","Consume","Capacitor","Consume"],"relics":["Cracked Core","PreservedInsect","Singing Bowl","Sundial","Lantern","Bronze Scales"],"potions_floor_usage":[7],"damage_taken":[{"damage":1,"enemies":"Small Slimes","floor":1,"turns":4},{"damage":3,"enemies":"Jaw Worm","floor":2,"turns":3},{"damage":0,"enemies":"2 Louse","floor":5,"turns":3},{"damage":31,"enemies":"Large Slime","floor":7,"turns":6},{"damage":17,"enemies":"3 Sentries","floor":10,"turns":5},{"damage":10,"enemies":"Looter","floor":11,"turns":3},{"damage":23,"enemies":"Exordium Wildlife","floor":14,"turns":4}],"seed_played":"-2023598102455780871","potions_obtained":[{"floor":1,"key":"SteroidPotion"},{"floor":5,"key":"GamblersBrew"},{"floor":10,"key":"Energy Potion"}],"is_trial":false,"path_per_floor":["?","?","T","M","?"],"character_chosen":"DEFECT","items_purchased":[],"campfire_rested":1,"item_purchase_floors":[],"current_hp_per_floor":[74,71,71,60,62,62,33,33,33,16,8,32,25,2],"gold":337,"neow_bonus":"RANDOM_COMMON_RELIC","is_prod":false,"is_daily":false,"chose_seed":false,"campfire_upgraded":0,"win_rate":0,"timestamp":1550551777,"path_taken":["M","M","?","?","M","?","?","$","T","E","M","R","?","M"],"build_version":"2019-01-23","purchased_purges":1,"victory":false,"max_hp_per_floor":[75,75,75,75,77,77,79,79,79,79,81,81,81,81],"card_choices":[{"not_picked":["Storm","Reprogram"],"picked":"Consume","floor":1},{"not_picked":["Sweeping Beam","White Noise"],"picked":"Capacitor","floor":2},{"not_picked":["Beam Cell","Steam","Double Energy"],"picked":"Singing Bowl","floor":5},{"not_picked":["Steam","White Noise","Barrage"],"picked":"Singing Bowl","floor":7},{"not_picked":["Genetic Algorithm","Leap"],"picked":"Consume","floor":10},{"not_picked":["Go for the Eyes","Reboot","Redo"],"picked":"Singing Bowl","floor":11}],"player_experience":532729,"relics_obtained":[{"floor":6,"key":"Sundial"},{"floor":9,"key":"Lantern"},{"floor":10,"key":"Bronze Scales"}],"event_choices":[{"damage_healed":0,"gold_gain":0,"player_choice":"Box","damage_taken":0,"relics_obtained":["Singing Bowl"],"max_hp_gain":0,"max_hp_loss":0,"event_name":"Big Fish","floor":3,"gold_loss":0,"cards_obtained":["Regret"]},{"damage_healed":0,"gold_gain":75,"player_choice":"Gather Gold","damage_taken":11,"max_hp_gain":0,"max_hp_loss":0,"event_name":"World of Goop","floor":4,"gold_loss":0},{"cards_removed":["Strike_B"],"damage_healed":0,"gold_gain":0,"player_choice":"Card Removal","damage_taken":7,"max_hp_gain":0,"max_hp_loss":0,"event_name":"Golden Wing","floor":13,"gold_loss":0}],"is_beta":false,"boss_relics":[],"items_purged_floors":[8],"is_endless":false,"potions_floor_spawned":[1,5,10],"killed_by":"Exordium Wildlife","ascension_level":0}