{"gold_per_floor":[117,129,147,161,173,202,202,235,235,235,253,303,303],"floor_reached":13,"playtime":882,"items_purged":[],"score":150,"play_id":"2b39f0eb-f195-4692-89f9-2347bb4d5a02","local_time":"20190401210022","is_ascension_mode":true,"campfire_choices":[{"floor":7,"key":"REST"},{"data":"Consume","floor":10,"key":"SMITH"}],"neow_cost":"TEN_PERCENT_HP_LOSS","seed_source_timestamp":1459853224397783,"circlet_count":0,"master_deck":["AscendersBane","Strike_B","Strike_B","Strike_B","Strike_B","Defend_B","Defend_B","Defend_B","Defend_B","Zap","Dualcast","Core Surge","Sunder","Consume+1","FTL","Glacier","Ball Lightning","Loop"],"relics":["Cracked Core","Dodecahedron","Bag of Preparation","Pen Nib","Blood Vial"],"potions_floor_usage":[],"damage_taken":[{"damage":1,"enemies":"Cultist","floor":1,"turns":3},{"damage":0,"enemies":"2 Louse","floor":2,"turns":2},{"damage":2,"enemies":"Jaw Worm","floor":3,"turns":3},{"damage":7,"enemies":"Looter","floor":4,"turns":3},{"damage":0,"enemies":"2 Fungi Beasts","floor":5,"turns":2},{"damage":30,"enemies":"Lagavulin","floor":6,"turns":8},{"damage":20,"enemies":"3 Sentries","floor":8,"turns":11},{"damage":18,"enemies":"Large Slime","floor":11,"turns":5},{"damage":13,"enemies":"Lots of Slimes","floor":13,"turns":1}],"seed_played":"-591963854535539551","potions_obtained":[{"floor":1,"key":"Dexterity Potion"},{"floor":3,"key":"SteroidPotion"},{"floor":6,"key":"LiquidBronze"}],"is_trial":false,"path_per_floor":["T","M"],"character_chosen":"DEFECT","items_purchased":[],"campfire_rested":1,"item_purchase_floors":[],"current_hp_per_floor":[67,67,65,58,58,28,48,28,28,28,10,10,0],"gold":303,"neow_bonus":"THREE_RARE_CARDS","is_prod":false,"is_daily":false,"chose_seed":false,"campfire_upgraded":1,"win_rate":0,"timestamp":1554166822,"path_taken":["M","M","M","M","M","E","R","E","T","R","M","?","?"],"build_version":"2019-01-23","purchased_purges":0,"victory":false,"max_hp_per_floor":[68,68,68,68,68,68,68,68,68,68,68,68,68],"card_choices":[{"not_picked":["Thunder Strike","Amplify"],"picked":"Core Surge","floor":0},{"not_picked":["Turbo","Force Field"],"picked":"Sunder","floor":1},{"not_picked":["Melter","Hologram"],"picked":"Consume","floor":2},{"not_picked":["Sweeping Beam","Compile Driver","Tempest"],"picked":"SKIP","floor":3},{"not_picked":["Chill","Redo"],"picked":"FTL","floor":4},{"not_picked":["Rebound","Sweeping Beam","Gash"],"picked":"SKIP","floor":5},{"not_picked":["Chaos","Steam"],"picked":"Glacier","floor":6},{"not_picked":["Barrage","Machine Learning"],"picked":"Ball Lightning","floor":8},{"not_picked":["Rip and Tear","Conserve Battery"],"picked":"Loop","floor":11}],"player_experience":1385866,"relics_obtained":[{"floor":6,"key":"Dodecahedron"},{"floor":8,"key":"Bag of Preparation"},{"floor":9,"key":"Pen Nib"},{"floor":12,"key":"Blood Vial"}],"event_choices":[],"is_beta":false,"boss_relics":[],"items_purged_floors":[],"is_endless":false,"potions_floor_spawned":[1,3,6],"killed_by":"Lots of Slimes","ascension_level":11}