{"gold_per_floor":[109,59,74,92,104,104,132,150,150,150,167,177,208,225,225,324,324,343,343,343,343,30,30,57,77,100,118,8,23,23,39,39,139,139,159,159,159,74,74],"floor_reached":39,"playtime":1936,"items_purged":["Injury"],"score":479,"play_id":"6fa9fc57-f827-4673-9890-839fea387d92","local_time":"20180829102208","is_ascension_mode":true,"campfire_choices":[{"data":"Glacier","floor":6,"key":"SMITH"},{"floor":10,"key":"REST"},{"floor":15,"key":"REST"},{"data":"Creative AI","floor":23,"key":"SMITH"},{"floor":30,"key":"REST"},{"floor":32,"key":"REST"}],"neow_cost":"NONE","seed_source_timestamp":1067996415313915,"circlet_count":0,"master_deck":["Strike_B","Strike_B","Defend_B","Defend_B","Defend_B","Defend_B","Dualcast","Turbo","Glacier+1","Rip and Tear","Beam Cell","Creative AI+1","Conserve Battery","BootSequence","Rebound","Redo","All For One","Ball Lightning","Redo+1","Loop+1","Hologram+1","Self Repair","Coolheaded","Steam","Beam Cell+1","Doom and Gloom+1","Fusion+1","Chaos","Static Discharge","Cold Snap+1","Sunder+1","Meteor Strike+1","Leap+1","Streamline+1","Madness","Madness","Defragment"],"relics":["Cracked Core","Torii","Smiling Mask","Omamori","Cursed Key","Kunai","Molten Egg 2","Happy Flower","Potion Belt","Bronze Scales","Nuclear Battery","Mango"],"potions_floor_usage":[8,18,24,24,27,39],"damage_taken":[{"damage":2,"enemies":"Jaw Worm","floor":1,"turns":2},{"damage":0,"enemies":"Cultist","floor":3,"turns":3},{"damage":3,"enemies":"Small Slimes","floor":4,"turns":3},{"damage":8,"enemies":"Exordium Wildlife","floor":5,"turns":4},{"damage":11,"enemies":"Lagavulin","floor":7,"turns":8},{"damage":8,"enemies":"Exordium Thugs","floor":8,"turns":3},{"damage":13,"enemies":"Blue Slaver","floor":11,"turns":4},{"damage":0,"enemies":"Looter","floor":12,"turns":3},{"damage":11,"enemies":"3 Sentries","floor":13,"turns":7},{"damage":7,"enemies":"3 Louse","floor":14,"turns":2},{"damage":1,"enemies":"The Guardian","floor":16,"turns":9},{"damage":20,"enemies":"2 Thieves","floor":18,"turns":4},{"damage":32,"enemies":"Slavers","floor":24,"turns":5},{"damage":8,"enemies":"Spheric Guardian","floor":25,"turns":6},{"damage":1,"enemies":"Chosen and Byrds","floor":27,"turns":3},{"damage":17,"enemies":"Snake Plant","floor":29,"turns":3},{"damage":11,"enemies":"Cultist and Chosen","floor":31,"turns":5},{"damage":47,"enemies":"Collector","floor":33,"turns":10},{"damage":16,"enemies":"3 Shapes","floor":35,"turns":4},{"damage":16,"enemies":"Mind Bloom Boss Battle","floor":36,"turns":8},{"damage":55,"enemies":"Mysterious Sphere","floor":39,"turns":6}],"seed_played":"3029768894218019098","potions_obtained":[{"floor":1,"key":"Explosive Potion"},{"floor":3,"key":"FearPotion"},{"floor":7,"key":"Fire Potion"},{"floor":11,"key":"SpeedPotion"},{"floor":18,"key":"FocusPotion"},{"floor":24,"key":"LiquidBronze"},{"floor":29,"key":"SteroidPotion"},{"floor":36,"key":"Block Potion"}],"is_trial":false,"path_per_floor":["M","?","M","M","M","R","E","M","T","R","M","M","E","M","R","B",null,"M","?","T","?","$","R","E","M","T","M","$","M","R","M","R","B",null,"M","?","?","$"],"character_chosen":"DEFECT","items_purchased":["Self Repair","Coolheaded","Happy Flower","Steam","Chaos","Static Discharge","Defragment"],"campfire_rested":4,"item_purchase_floors":[22,22,22,22,28,28,38],"current_hp_per_floor":[73,73,73,70,62,62,51,43,43,65,52,52,41,34,56,55,75,55,55,55,55,55,55,30,29,29,35,35,18,40,36,58,18,75,59,64,53,53,0],"gold":74,"neow_bonus":"UPGRADE_CARD","is_prod":false,"is_daily":false,"chose_seed":false,"campfire_upgraded":2,"win_rate":0,"timestamp":1535559728,"path_taken":["M","?","?","M","M","R","E","M","T","R","M","M","E","?","R","BOSS","M","?","?","?","$","R","E","M","T","?","?","M","R","M","R","BOSS","M","?","?","$","?"],"build_version":"2018-08-23v2","purchased_purges":1,"victory":false,"max_hp_per_floor":[75,75,75,75,75,75,75,75,75,75,75,75,75,75,75,75,75,75,75,75,75,75,75,75,75,75,75,75,75,75,75,75,75,75,75,89,89,89,89],"card_choices":[{"not_picked":["Aggregate","Steam Power"],"picked":"Turbo","floor":1},{"not_picked":["Steam","Capacitor"],"picked":"Glacier","floor":3},{"not_picked":["Tempest","Blizzard"],"picked":"Rip and Tear","floor":4},{"not_picked":["Sweeping Beam","Undo"],"picked":"Beam Cell","floor":5},{"not_picked":["Turbo","Sunder"],"picked":"Creative AI","floor":7},{"not_picked":["Genetic Algorithm","Barrage"],"picked":"Conserve Battery","floor":8},{"not_picked":["FTL","Leap"],"picked":"BootSequence","floor":11},{"not_picked":["Sweeping Beam","Gash"],"picked":"Rebound","floor":12},{"not_picked":["Barrage","Coolheaded"],"picked":"Lockon","floor":13},{"not_picked":["Biased Cognition","Capacitor"],"picked":"Redo","floor":14},{"not_picked":["Machine Learning","Multi-Cast"],"picked":"All For One","floor":16},{"not_picked":["Auto Shields+1","Conserve Battery"],"picked":"Ball Lightning","floor":18},{"not_picked":["Gash+1","Rebound+1"],"picked":"Beam Cell+1","floor":24},{"not_picked":["Double Energy+1","Leap"],"picked":"Doom and Gloom+1","floor":25},{"not_picked":["Go for the Eyes+1","Turbo"],"picked":"Fusion+1","floor":27},{"not_picked":["Compile Driver+1","Rip and Tear+1"],"picked":"Cold Snap+1","floor":29},{"not_picked":["Leap","Conserve Battery"],"picked":"Sunder+1","floor":31},{"not_picked":["Multi-Cast","Creative AI"],"picked":"Meteor Strike+1","floor":33},{"not_picked":["Hologram+1","Go for the Eyes+1"],"picked":"Leap+1","floor":35},{"not_picked":["Steam+1","Hello World+1"],"picked":"Streamline+1","floor":36}],"player_experience":385579,"relics_obtained":[{"floor":7,"key":"Torii"},{"floor":9,"key":"Smiling Mask"},{"floor":13,"key":"Omamori"},{"floor":20,"key":"Molten Egg 2"},{"floor":24,"key":"Potion Belt"},{"floor":26,"key":"Bronze Scales"},{"floor":36,"key":"Mango"}],"event_choices":[{"event_name":"The Cleric","player_choice":"Card Removal","floor":2,"damage_taken":0},{"event_name":"Addict","player_choice":"Stole Relic","floor":19,"damage_taken":0},{"event_name":"Drug Dealer","player_choice":"Became Test Subject","floor":21,"damage_taken":0},{"event_name":"MindBloom","player_choice":"Fight","floor":36,"damage_taken":0},{"event_name":"Winding Halls","player_choice":"Embrace Madness","floor":37,"damage_taken":0},{"event_name":"Mysterious Sphere","player_choice":"Fight","floor":39,"damage_taken":0}],"is_beta":false,"boss_relics":[{"not_picked":["Fusion Hammer","Lizard Tail"],"picked":"Cursed Key"},{"not_picked":["Philosopher\u0027s Stone","Tiny House"],"picked":"Nuclear Battery"}],"items_purged_floors":[38],"is_endless":false,"potions_floor_spawned":[1,3,7,11,13,18,24,29,36],"killed_by":"Mysterious Sphere","ascension_level":2}