{"gold_per_floor":[19,37,57,57,68,68,95,125,125,125,136,149,163,163,163,261,261,277,288,288,288,311,336,336,112,163,177,206,206,222,241,241,241],"floor_reached":33,"playtime":1833,"items_purged":[],"score":314,"play_id":"01518e0b-342f-414b-b6ed-2871ebd70e67","local_time":"20180729131711","is_ascension_mode":false,"campfire_choices":[{"floor":6,"key":"REST"},{"floor":10,"key":"REST"},{"floor":15,"key":"REST"},{"floor":24,"key":"REST"},{"data":"Heavy Blade","floor":29,"key":"SMITH"},{"data":"Pummel","floor":32,"key":"SMITH"}],"neow_cost":"NO_GOLD","seed_source_timestamp":241432965275169,"circlet_count":0,"master_deck":["Strike_R+1","Strike_R+1","Strike_R+1","Strike_R+1","Strike_R+1","Defend_R+1","Defend_R+1","Defend_R+1","Defend_R+1","Bash","Demon Form+1","Armaments","Armaments","Shrug It Off","Twin Strike","Anger","Sword Boomerang","Bludgeon","Pommel Strike","Injury","Feed","Blood for Blood","Cleave","Twin Strike","Heavy Blade+1","Metallicize","Shrug It Off","Finesse","Barricade","Cleave","Ghostly Armor","Pummel+1"],"relics":["Burning Blood","Bag of Marbles","Vajra","Kunai","Snecko Eye","Oddly Smooth Stone","Bottled Lightning","Orichalcum","Champion Belt"],"potions_floor_usage":[],"damage_taken":[{"damage":7,"enemies":"Cultist","floor":1,"turns":6},{"damage":10,"enemies":"2 Louse","floor":2,"turns":3},{"damage":12,"enemies":"Jaw Worm","floor":3,"turns":5},{"damage":26,"enemies":"Exordium Thugs","floor":5,"turns":8},{"damage":45,"enemies":"Gremlin Nob","floor":8,"turns":6},{"damage":6,"enemies":"2 Fungi Beasts","floor":11,"turns":4},{"damage":13,"enemies":"Gremlin Gang","floor":12,"turns":4},{"damage":18,"enemies":"3 Louse","floor":13,"turns":3},{"damage":14,"enemies":"Slime Boss","floor":16,"turns":7},{"damage":9,"enemies":"3 Byrds","floor":18,"turns":4},{"damage":2,"enemies":"Spheric Guardian","floor":19,"turns":3},{"damage":15,"enemies":"Slavers","floor":23,"turns":5},{"damage":9,"enemies":"Snake Plant","floor":27,"turns":3},{"damage":17,"enemies":"Book of Stabbing","floor":28,"turns":5},{"damage":0,"enemies":"3 Cultists","floor":30,"turns":4},{"damage":0,"enemies":"Centurion and Healer","floor":31,"turns":3},{"damage":108,"enemies":"Collector","floor":33,"turns":6}],"seed_played":"-5823152114542338310","potions_obtained":[{"floor":2,"key":"Fire Potion"},{"floor":3,"key":"Poison Potion"},{"floor":13,"key":"Weak Potion"},{"floor":19,"key":"LiquidBronze"},{"floor":31,"key":"AttackPotion"}],"is_trial":false,"path_per_floor":["M","M","M","?","M","R","T","E","T","R","M","M","M","?","R","B",null,"M","M","?","?","T","E","R","$","T","M","E","R","M","M","R"],"character_chosen":"IRONCLAD","items_purchased":["Heavy Blade","Metallicize","Shrug It Off","Finesse"],"campfire_rested":4,"item_purchase_floors":[25,25,25,25],"current_hp_per_floor":[79,75,69,74,54,79,79,40,40,65,65,58,46,46,71,63,85,85,88,88,71,71,65,93,93,93,93,82,82,88,94,94,0],"gold":241,"neow_bonus":"THREE_RARE_CARDS","is_prod":false,"is_daily":false,"chose_seed":false,"campfire_upgraded":2,"win_rate":0.0,"timestamp":1532891831,"path_taken":["M","M","M","?","M","R","?","E","T","R","M","M","M","?","R","BOSS","M","M","?","?","?","E","R","$","T","?","E","R","M","M","R","BOSS"],"build_version":"2018-07-26","purchased_purges":0,"victory":false,"max_hp_per_floor":[80,80,80,85,85,85,85,85,85,85,85,85,85,85,85,85,85,88,88,88,93,93,96,96,96,96,99,99,99,99,99,99,99],"card_choices":[{"not_picked":["Bludgeon","Fiend Fire"],"picked":"Demon Form","floor":0},{"not_picked":["Rupture","Thunderclap"],"picked":"Armaments","floor":1},{"not_picked":["Headbutt","Combust"],"picked":"Armaments","floor":2},{"not_picked":["Warcry","Reckless Charge"],"picked":"Shrug It Off","floor":3},{"not_picked":["Perfected Strike","Armaments"],"picked":"Twin Strike","floor":5},{"not_picked":["Entrench","Armaments"],"picked":"Anger","floor":8},{"not_picked":["Brutality","Wild Strike"],"picked":"Sword Boomerang","floor":11},{"not_picked":["Thunderclap","True Grit"],"picked":"Bludgeon","floor":12},{"not_picked":["Battle Trance","Iron Wave"],"picked":"Pommel Strike","floor":13},{"not_picked":["Reaper","Dark Embrace"],"picked":"Feed","floor":16},{"not_picked":["Warcry","Clash+1"],"picked":"Blood for Blood","floor":18},{"not_picked":["Flex","Wild Strike+1"],"picked":"Cleave","floor":19},{"not_picked":["Headbutt","Warcry+1"],"picked":"Twin Strike","floor":23},{"not_picked":["Iron Wave","Anger"],"picked":"Barricade","floor":27},{"not_picked":["Ghostly Armor","Wild Strike"],"picked":"Cleave","floor":28},{"not_picked":["True Grit+1","Anger"],"picked":"Ghostly Armor","floor":30},{"not_picked":["Demon Form","Flex"],"picked":"Pummel","floor":31}],"player_experience":67945,"relics_obtained":[{"floor":7,"key":"Bag of Marbles"},{"floor":8,"key":"Vajra"},{"floor":9,"key":"Kunai"},{"floor":22,"key":"Oddly Smooth Stone"},{"floor":23,"key":"Bottled Lightning"},{"floor":26,"key":"Orichalcum"},{"floor":28,"key":"Champion Belt"}],"event_choices":[{"event_name":"Big Fish","player_choice":"Donut","floor":4,"damage_taken":0},{"event_name":"Accursed Blacksmith","player_choice":"Forge","floor":14,"damage_taken":0},{"event_name":"Back to Basics","player_choice":"Simplicity","floor":20,"damage_taken":0},{"event_name":"Forgotten Altar","player_choice":"Shed Blood","floor":21,"damage_taken":0}],"is_beta":false,"boss_relics":[{"not_picked":["Velvet Choker","Cursed Key"],"picked":"Snecko Eye"}],"items_purged_floors":[],"is_endless":false,"potions_floor_spawned":[2,3,13,16,19,27,28,31],"killed_by":"Collector","ascension_level":0}