{"gold_per_floor":[112,112,128,53,71,97,97,79,106,137,48,223,237,90,90,187,187,205,205,224,239,169,194,212,212,212,240,240,12,26,38,38,136,136,148,162,162,1161,417,417,469,52,52,68,79,96,96],"floor_reached":47,"playtime":2666,"items_purged":["Pain","Doubt","Normality"],"score":728,"play_id":"551c9bdb-9766-481f-b0fd-da7749249e2f","local_time":"20181021123706","is_ascension_mode":true,"campfire_choices":[{"data":"After Image","floor":7,"key":"SMITH"},{"floor":15,"key":"REST"},{"floor":25,"key":"REST"},{"floor":32,"key":"REST"},{"data":"Catalyst","floor":40,"key":"SMITH"}],"neow_cost":"NONE","seed_source_timestamp":930042891718718,"circlet_count":0,"master_deck":["Defend_G","Defend_G","Defend_G","Defend_G","Defend_G","Strike_G","Strike_G","Strike_G","Strike_G","Strike_G","Survivor","Neutralize","After Image+1","Blade Dance","Masterful Stab","Backflip","Tools of the Trade","Backstab","Backflip","Accuracy+1","Flying Knee","Blur","Prepared","Envenom","Well Laid Plans","Prepared","Bane+1","Underhanded Strike","Deflect","Sucker Punch+1","Sucker Punch+1","Footwork","Cloak And Dagger","Blade Dance","Bane","Underhanded Strike","Slice+1","Dagger Spray","Bane+1","Normality","Catalyst+1","Heel Hook","Caltrops","Underhanded Strike+1","Accuracy","Catalyst","Dagger Throw"],"relics":["Ring of the Snake","WarpedTongs","Bronze Scales","Bag of Preparation","Potion Belt","Busted Crown","Mummified Hand","Boot","Matryoshka","Ornamental Fan","White Beast Statue","Darkstone Periapt","Oddly Smooth Stone","Letter Opener","Mango","Calipers","Anchor","Strawberry"],"potions_floor_usage":[10,10,16,23,30,36,47],"damage_taken":[{"damage":6,"enemies":"Small Slimes","floor":1,"turns":6},{"damage":2,"enemies":"Cultist","floor":3,"turns":5},{"damage":0,"enemies":"2 Louse","floor":5,"turns":2},{"damage":16,"enemies":"3 Sentries","floor":6,"turns":11},{"damage":0,"enemies":"Exordium Thugs","floor":8,"turns":4},{"damage":2,"enemies":"Lagavulin","floor":10,"turns":6},{"damage":2,"enemies":"2 Fungi Beasts","floor":13,"turns":3},{"damage":6,"enemies":"Hexaghost","floor":16,"turns":10},{"damage":0,"enemies":"Shell Parasite","floor":18,"turns":5},{"damage":0,"enemies":"Chosen","floor":20,"turns":4},{"damage":8,"enemies":"3 Cultists","floor":21,"turns":6},{"damage":0,"enemies":"Slavers","floor":23,"turns":6},{"damage":6,"enemies":"Sentry and Sphere","floor":24,"turns":5},{"damage":5,"enemies":"Book of Stabbing","floor":27,"turns":5},{"damage":13,"enemies":"Cultist and Chosen","floor":30,"turns":6},{"damage":0,"enemies":"Chosen and Byrds","floor":31,"turns":5},{"damage":14,"enemies":"Collector","floor":33,"turns":9},{"damage":0,"enemies":"3 Shapes","floor":35,"turns":6},{"damage":11,"enemies":"3 Darklings","floor":36,"turns":4},{"damage":3,"enemies":"2 Orb Walkers","floor":41,"turns":4},{"damage":10,"enemies":"Writhing Mass","floor":44,"turns":5},{"damage":8,"enemies":"4 Shapes","floor":45,"turns":5},{"damage":24,"enemies":"Spire Growth","floor":46,"turns":6},{"damage":49,"enemies":"Reptomancer","floor":47,"turns":4}],"seed_played":"8418544798035962975","potions_obtained":[{"floor":1,"key":"SpeedPotion"},{"floor":5,"key":"Dexterity Potion"},{"floor":8,"key":"Weak Potion"},{"floor":18,"key":"Dexterity Potion"},{"floor":20,"key":"Fire Potion"},{"floor":21,"key":"SkillPotion"},{"floor":35,"key":"Weak Potion"},{"floor":36,"key":"LiquidBronze"},{"floor":41,"key":"Energy Potion"},{"floor":44,"key":"Explosive Potion"},{"floor":45,"key":"Ancient Potion"},{"floor":46,"key":"Energy Potion"}],"is_trial":false,"path_per_floor":["M","?","M","$","M","E","R","M","T","E","$","?","M","$","R","B",null,"M","?","M","M","$","E","M","R","T","E","?","$","M","M","R","B",null,"M","M","?","?","$","R","?","$","T","M","M","M"],"character_chosen":"THE_SILENT","items_purchased":["Accuracy","Flying Knee","Prepared","Underhanded Strike","Deflect","Footwork","Cloak And Dagger","Blade Dance","Bane","Oddly Smooth Stone","Letter Opener","Catalyst","Heel Hook","Caltrops","Calipers","Accuracy","Catalyst"],"campfire_rested":3,"item_purchase_floors":[11,11,14,22,22,29,29,29,29,39,39,39,39,39,42,42,42],"current_hp_per_floor":[64,64,62,62,62,46,46,46,46,44,44,44,42,42,63,57,67,67,67,67,59,59,59,53,70,70,65,65,65,52,52,70,56,67,67,56,56,68,68,68,79,79,86,76,68,44,0],"gold":96,"neow_bonus":"ONE_RANDOM_RARE_CARD","is_prod":false,"is_daily":false,"chose_seed":false,"campfire_upgraded":2,"win_rate":0,"timestamp":1540147026,"path_taken":["M","?","M","?","?","E","R","M","T","E","$","?","M","$","R","BOSS","M","?","M","M","$","E","M","R","T","E","?","?","?","M","R","BOSS","M","M","?","?","$","R","?","$","T","M","?","M","E"],"build_version":"2018-10-18","purchased_purges":3,"victory":false,"max_hp_per_floor":[70,70,70,70,70,70,70,70,70,70,70,70,70,70,70,70,70,70,70,70,70,70,70,70,70,70,70,70,70,70,70,70,70,70,70,70,70,82,82,82,96,96,103,103,103,103,103],"card_choices":[{"not_picked":["Caltrops","Leg Sweep"],"picked":"Blade Dance","floor":1},{"not_picked":["PiercingWail","Acrobatics"],"picked":"Masterful Stab","floor":3},{"not_picked":["Setup","Deadly Poison"],"picked":"Backflip","floor":5},{"not_picked":["Bouncing Flask","Bane"],"picked":"Tools of the Trade","floor":6},{"not_picked":["Leg Sweep","Quick Slash"],"picked":"Backstab","floor":8},{"not_picked":["Setup","Endless Agony"],"picked":"Backflip","floor":10},{"not_picked":["Bane","Deflect"],"picked":"Blur","floor":13},{"not_picked":["Doppelganger","Wraith Form v2"],"picked":"Envenom","floor":16},{"not_picked":[],"picked":"Well Laid Plans","floor":18},{"not_picked":[],"picked":"Prepared","floor":20},{"not_picked":[],"picked":"Bane+1","floor":21},{"not_picked":[],"picked":"Sucker Punch+1","floor":23},{"not_picked":[],"picked":"Sucker Punch+1","floor":24},{"not_picked":["Outmaneuver"],"picked":"SKIP","floor":27},{"not_picked":[],"picked":"Underhanded Strike","floor":30},{"not_picked":[],"picked":"Slice+1","floor":31},{"not_picked":[],"picked":"Dagger Spray","floor":35},{"not_picked":[],"picked":"Bane+1","floor":36},{"not_picked":[],"picked":"Underhanded Strike+1","floor":41},{"not_picked":["Skewer+1"],"picked":"SKIP","floor":44},{"not_picked":[],"picked":"Dagger Throw","floor":45},{"not_picked":["Well Laid Plans"],"picked":"SKIP","floor":46}],"player_experience":747399,"relics_obtained":[{"floor":6,"key":"Bronze Scales"},{"floor":9,"key":"Bag of Preparation"},{"floor":10,"key":"Potion Belt"},{"floor":23,"key":"Boot"},{"floor":26,"key":"Matryoshka"},{"floor":27,"key":"Ornamental Fan"},{"floor":41,"key":"Mango"},{"floor":43,"key":"Anchor"},{"floor":43,"key":"Strawberry"}],"event_choices":[{"damage_healed":0,"gold_gain":0,"player_choice":"Rummage","damage_taken":0,"relics_obtained":["WarpedTongs"],"max_hp_gain":0,"max_hp_loss":0,"event_name":"Accursed Blacksmith","floor":2,"gold_loss":0,"cards_obtained":["Pain"]},{"damage_healed":0,"gold_gain":175,"player_choice":"AGREE","damage_taken":0,"max_hp_gain":0,"max_hp_loss":0,"event_name":"Liars Game","floor":12,"gold_loss":0,"cards_obtained":["Doubt"]},{"damage_healed":0,"gold_gain":0,"player_choice":"Opened","damage_taken":0,"relics_obtained":["Mummified Hand"],"max_hp_gain":0,"max_hp_loss":0,"event_name":"The Mausoleum","floor":19,"gold_loss":0},{"damage_healed":0,"gold_gain":0,"player_choice":"Upgraded","damage_taken":0,"max_hp_gain":0,"max_hp_loss":0,"event_name":"Upgrade Shrine","floor":28,"gold_loss":0,"cards_upgraded":["Accuracy"]},{"damage_healed":0,"gold_gain":0,"player_choice":"Gave Potion","damage_taken":0,"relics_obtained":["Darkstone Periapt"],"max_hp_gain":0,"max_hp_loss":0,"event_name":"WeMeetAgain","floor":37,"gold_loss":0},{"damage_healed":0,"gold_gain":999,"player_choice":"Gold","damage_taken":0,"max_hp_gain":0,"max_hp_loss":0,"event_name":"MindBloom","floor":38,"gold_loss":0,"cards_obtained":["Normality","Normality"]},{"damage_healed":0,"gold_gain":0,"player_choice":"Fight","damage_taken":0,"max_hp_gain":0,"max_hp_loss":0,"event_name":"Mysterious Sphere","floor":41,"gold_loss":0}],"is_beta":false,"boss_relics":[{"not_picked":["Eternal Feather","Tiny House"],"picked":"Busted Crown"},{"not_picked":["Black Star","Empty Cage"],"picked":"White Beast Statue"}],"items_purged_floors":[4,14,39],"is_endless":false,"potions_floor_spawned":[1,5,8,18,20,21,35,36,41,44,45,46],"killed_by":"Reptomancer","ascension_level":5}