{"gold_per_floor":[13,24,34,34,54,81,81,91,91,91,91,102,102,134,134,233,233,250,250,1,19,29,29,61,77,77,77,77,77,77,97,97,192,192,203,113,113,127,141,141,141,151,174,187,187,112,126,137,137,137],"floor_reached":50,"playtime":2699,"items_purged":["Pain"],"score":716,"play_id":"9bfdc059-1e9f-4cc2-aae1-fb2b8c494f6a","local_time":"20181105162515","is_ascension_mode":true,"campfire_choices":[{"data":"Apotheosis","floor":11,"key":"SMITH"},{"data":"Perfected Strike","floor":15,"key":"SMITH"},{"floor":23,"key":"REST"},{"floor":27,"key":"REST"},{"floor":32,"key":"REST"},{"data":"Mind Blast","floor":40,"key":"SMITH"},{"floor":45,"key":"REST"},{"floor":49,"key":"REST"}],"neow_cost":"NO_GOLD","seed_source_timestamp":2243328258563239,"circlet_count":0,"master_deck":["Strike_R+1","Strike_R+1","Strike_R+1","Strike_R+1","Strike_R+1","Defend_R+1","Defend_R+1","Defend_R+1","Defend_R+1","Bash","Finesse","Apotheosis+1","Pommel Strike","Pommel Strike","Havoc+1","Iron Wave","Double Tap","Wild Strike","Perfected Strike+1","Intimidate+1","Immolate","Disarm+1","Evolve+1","Warcry","Shrug It Off","Ghostly Armor","Doubt","Writhe","Fiend Fire","Wild Strike+1","Mind Blast+1","Rupture+1","Twin Strike","Parasite","Sever Soul","Shrug It Off+1","Twin Strike+1","Body Slam+1"],"relics":["Black Blood","Strawberry","Letter Opener","Meat on the Bone","Sundial","Cursed Key","Nilry\u0027s Codex","Blue Candle","Question Card","Thread and Needle","Mummified Hand","Happy Flower"],"potions_floor_usage":[6,7,14,16,24,24,31,33,42,50,50],"damage_taken":[{"damage":10,"enemies":"Small Slimes","floor":1,"turns":5},{"damage":6,"enemies":"2 Louse","floor":2,"turns":4},{"damage":0,"enemies":"Cultist","floor":3,"turns":3},{"damage":3,"enemies":"2 Fungi Beasts","floor":5,"turns":3},{"damage":12,"enemies":"3 Sentries","floor":6,"turns":6},{"damage":13,"enemies":"Blue Slaver","floor":8,"turns":2},{"damage":0,"enemies":"Large Slime","floor":12,"turns":4},{"damage":14,"enemies":"Gremlin Nob","floor":14,"turns":4},{"damage":18,"enemies":"The Guardian","floor":16,"turns":9},{"damage":18,"enemies":"Shell Parasite","floor":18,"turns":3},{"damage":0,"enemies":"Spheric Guardian","floor":21,"turns":3},{"damage":12,"enemies":"Centurion and Healer","floor":22,"turns":4},{"damage":18,"enemies":"Book of Stabbing","floor":24,"turns":5},{"damage":22,"enemies":"3 Cultists","floor":25,"turns":5},{"damage":18,"enemies":"Snake Plant","floor":31,"turns":5},{"damage":35,"enemies":"Automaton","floor":33,"turns":12},{"damage":29,"enemies":"3 Darklings","floor":35,"turns":5},{"damage":7,"enemies":"Orb Walker","floor":38,"turns":4},{"damage":17,"enemies":"Maw","floor":39,"turns":6},{"damage":47,"enemies":"Writhing Mass","floor":42,"turns":7},{"damage":41,"enemies":"3 Darklings","floor":44,"turns":6},{"damage":7,"enemies":"4 Shapes","floor":47,"turns":4},{"damage":7,"enemies":"Sphere and 2 Shapes","floor":48,"turns":4},{"damage":96,"enemies":"Awakened One","floor":50,"turns":7}],"seed_played":"3661291916815152009","potions_obtained":[{"floor":3,"key":"Energy Potion"},{"floor":5,"key":"SmokeBomb"},{"floor":6,"key":"Block Potion"},{"floor":7,"key":"Fruit Juice"},{"floor":7,"key":"FairyPotion"},{"floor":7,"key":"EssenceOfSteel"},{"floor":16,"key":"Weak Potion"},{"floor":22,"key":"AttackPotion"},{"floor":25,"key":"BloodPotion"},{"floor":31,"key":"EssenceOfSteel"},{"floor":39,"key":"SkillPotion"},{"floor":42,"key":"Strength Potion"},{"floor":44,"key":"Strength Potion"}],"is_trial":false,"path_per_floor":["M","M","M","?","M","E","?","M","T","?","R","M","T","E","R","B",null,"M","?","$","M","M","R","E","M","T","R","?","?","?","M","R","B",null,"M","$","?","M","M","R","?","M","T","M","R","$","M","M","R","B"],"character_chosen":"IRONCLAD","items_purchased":["Blue Candle","Mind Blast"],"campfire_rested":5,"item_purchase_floors":[20,36],"current_hp_per_floor":[68,68,74,58,61,62,67,60,60,90,90,92,92,84,84,72,87,75,59,59,65,59,86,74,58,58,85,67,67,67,64,93,64,89,70,70,70,73,66,66,66,41,41,31,60,60,63,66,95,0],"gold":137,"neow_bonus":"RANDOM_COLORLESS_2","is_prod":false,"is_daily":false,"chose_seed":false,"campfire_upgraded":3,"win_rate":0,"timestamp":1541460315,"path_taken":["M","M","M","?","M","E","?","?","T","?","R","M","?","E","R","BOSS","M","?","$","M","M","R","E","M","T","R","?","?","?","M","R","BOSS","M","$","?","M","M","R","?","M","T","M","R","$","M","?","R","BOSS"],"build_version":"2018-11-01","purchased_purges":1,"victory":false,"max_hp_per_floor":[80,80,80,80,80,87,92,92,92,92,92,92,92,92,92,92,92,92,92,92,92,92,92,92,92,92,92,97,97,97,97,97,97,97,97,97,97,97,97,97,97,97,97,97,97,97,97,97,97,97],"card_choices":[{"not_picked":["Headbutt","Clothesline"],"picked":"Pommel Strike","floor":1},{"not_picked":["Sever Soul","True Grit"],"picked":"Pommel Strike","floor":2},{"not_picked":["Clothesline","Burning Pact"],"picked":"Havoc","floor":3},{"not_picked":["True Grit","Sword Boomerang"],"picked":"Iron Wave","floor":5},{"not_picked":["Burning Pact","Clash"],"picked":"Double Tap","floor":6},{"not_picked":["Rage","Cleave"],"picked":"Wild Strike","floor":8},{"not_picked":["Twin Strike","Sword Boomerang"],"picked":"Perfected Strike","floor":12},{"not_picked":["Exhume","Thunderclap"],"picked":"Intimidate","floor":14},{"not_picked":["Exhume","Bludgeon"],"picked":"Immolate","floor":16},{"not_picked":["Dual Wield+1","Anger"],"picked":"Disarm+1","floor":18},{"not_picked":["Fire Breathing","Iron Wave"],"picked":"Evolve+1","floor":21},{"not_picked":["Armaments","Hemokinesis+1"],"picked":"Warcry","floor":22},{"not_picked":["Sword Boomerang+1","Spot Weakness"],"picked":"Shrug It Off","floor":24},{"not_picked":["Barricade","Clothesline","Evolve"],"picked":"Ghostly Armor","floor":25},{"not_picked":["Corruption","Clothesline","Heavy Blade"],"picked":"Feel No Pain+1","floor":31},{"not_picked":["Feed","Immolate","Brutality"],"picked":"Fiend Fire","floor":33},{"not_picked":["Thunderclap+1","Havoc","Cleave"],"picked":"Wild Strike+1","floor":35},{"not_picked":["Clothesline+1","Dual Wield+1","Headbutt"],"picked":"Rupture+1","floor":38},{"not_picked":["Headbutt+1","Second Wind+1","Metallicize+1"],"picked":"Twin Strike","floor":39},{"not_picked":["Sentinel","Rampage","Heavy Blade"],"picked":"Sever Soul","floor":42},{"not_picked":["Cleave+1","Sword Boomerang","Warcry+1"],"picked":"Shrug It Off+1","floor":44},{"not_picked":["Seeing Red+1","Body Slam","Shrug It Off"],"picked":"Twin Strike+1","floor":47},{"not_picked":["Sentinel+1","Power Through","Heavy Blade"],"picked":"Body Slam+1","floor":48}],"player_experience":97237,"relics_obtained":[{"floor":6,"key":"Strawberry"},{"floor":9,"key":"Letter Opener"},{"floor":13,"key":"Meat on the Bone"},{"floor":14,"key":"Sundial"},{"floor":19,"key":"Nilry\u0027s Codex"},{"floor":24,"key":"Question Card"},{"floor":26,"key":"Thread and Needle"},{"floor":43,"key":"Happy Flower"}],"event_choices":[{"damage_healed":0,"gold_gain":0,"player_choice":"Entered Light","damage_taken":16,"max_hp_gain":0,"max_hp_loss":0,"event_name":"Shining Light","floor":4,"gold_loss":0,"cards_upgraded":["Havoc","Defend_R"]},{"damage_healed":0,"gold_gain":0,"player_choice":"Got Potions","damage_taken":0,"max_hp_gain":0,"max_hp_loss":0,"event_name":"Lab","floor":7,"gold_loss":0},{"damage_healed":30,"gold_gain":0,"player_choice":"Banana","damage_taken":0,"max_hp_gain":0,"max_hp_loss":0,"event_name":"Big Fish","floor":10,"gold_loss":0},{"damage_healed":0,"gold_gain":0,"player_choice":"Obtained Book","damage_taken":16,"max_hp_gain":0,"max_hp_loss":0,"event_name":"Cursed Tome","floor":19,"gold_loss":0},{"damage_healed":0,"gold_gain":0,"player_choice":"Shed Blood","damage_taken":23,"max_hp_gain":5,"max_hp_loss":0,"event_name":"Forgotten Altar","floor":28,"gold_loss":0},{"damage_healed":0,"gold_gain":0,"player_choice":"Simplicity","damage_taken":0,"max_hp_gain":0,"max_hp_loss":0,"event_name":"Back to Basics","floor":29,"gold_loss":0,"cards_upgraded":["Strike_R","Strike_R","Strike_R","Strike_R","Strike_R","Defend_R","Defend_R","Defend_R"]},{"damage_healed":0,"gold_gain":0,"player_choice":"Opened","damage_taken":0,"relics_obtained":["Mummified Hand"],"max_hp_gain":0,"max_hp_loss":0,"event_name":"The Mausoleum","floor":30,"gold_loss":0,"cards_obtained":["Writhe"]},{"cards_removed":["Feel No Pain"],"damage_healed":0,"gold_gain":0,"player_choice":"Removed Power","damage_taken":0,"max_hp_gain":0,"max_hp_loss":0,"event_name":"Falling","floor":37,"gold_loss":0},{"damage_healed":0,"gold_gain":0,"player_choice":"Upgraded","damage_taken":0,"max_hp_gain":0,"max_hp_loss":0,"event_name":"Upgrade Shrine","floor":41,"gold_loss":0,"cards_upgraded":["Intimidate"]}],"is_beta":false,"boss_relics":[{"not_picked":["Ectoplasm","Black Star"],"picked":"Cursed Key"},{"not_picked":["Fusion Hammer","Busted Crown"],"picked":"Black Blood"}],"items_purged_floors":[46],"is_endless":false,"potions_floor_spawned":[3,5,6,12,16,22,25,31,39,42,44],"killed_by":"Awakened One","ascension_level":8}