{"gold_per_floor":[113,130,146,321,340,340,372,372,372],"floor_reached":9,"playtime":429,"items_purged":[],"score":63,"play_id":"f697a8be-3be6-4fea-85ee-288e816f7520","local_time":"20190214194510","is_ascension_mode":false,"campfire_choices":[{"floor":6,"key":"REST"}],"neow_cost":"NONE","seed_source_timestamp":174382248857453,"circlet_count":0,"master_deck":["Strike_R","Strike_R","Strike_R","Strike_R","Strike_R","Defend_R","Defend_R","Defend_R","Defend_R","Bash","Ghostly Armor","Feel No Pain","Ghostly Armor","Doubt","Thunderclap","Pommel Strike","Static Discharge"],"relics":["Burning Blood","Sundial"],"potions_floor_usage":[7,7],"damage_taken":[{"damage":2,"enemies":"2 Louse","floor":1,"turns":3},{"damage":8,"enemies":"Jaw Worm","floor":2,"turns":4},{"damage":4,"enemies":"Cultist","floor":3,"turns":5},{"damage":34,"enemies":"Exordium Wildlife","floor":5,"turns":12},{"damage":19,"enemies":"3 Sentries","floor":7,"turns":16}],"seed_played":"-8056701973436981407","potions_obtained":[{"floor":3,"key":"GamblersBrew"},{"floor":5,"key":"Regen Potion"},{"floor":7,"key":"EssenceOfSteel"}],"is_trial":false,"path_per_floor":["M","M","M","?","M","R","E","?","T"],"character_chosen":"IRONCLAD","items_purchased":[],"campfire_rested":1,"item_purchase_floors":[],"current_hp_per_floor":[80,78,80,80,52,76,78,78,78],"gold":372,"neow_bonus":"ONE_RANDOM_RARE_CARD","is_prod":false,"is_daily":false,"chose_seed":false,"campfire_upgraded":0,"win_rate":0,"timestamp":1550198710,"path_taken":["M","M","M","?","M","R","E","?","T"],"build_version":"2019-01-23","purchased_purges":0,"victory":false,"max_hp_per_floor":[80,80,80,80,80,80,80,80,80],"card_choices":[{"not_picked":["Armaments","Wild Strike"],"picked":"Ghostly Armor","floor":1},{"not_picked":["Cleave","Seeing Red"],"picked":"Feel No Pain","floor":2},{"not_picked":["Clash","Hemokinesis"],"picked":"Ghostly Armor","floor":3},{"not_picked":["Cleave","Clothesline"],"picked":"Thunderclap","floor":5},{"not_picked":["Heavy Blade","Second Wind"],"picked":"Pommel Strike","floor":7}],"player_experience":1480713,"relics_obtained":[{"floor":7,"key":"Sundial"}],"event_choices":[{"damage_healed":0,"gold_gain":175,"player_choice":"AGREE","damage_taken":0,"max_hp_gain":0,"max_hp_loss":0,"event_name":"Liars Game","floor":4,"gold_loss":0,"cards_obtained":["Doubt"]},{"cards_removed":["Dark Embrace"],"damage_healed":0,"gold_gain":0,"player_choice":"Took Card","damage_taken":0,"max_hp_gain":0,"max_hp_loss":0,"event_name":"NoteForYourself","floor":8,"gold_loss":0,"cards_obtained":["Static Discharge"]}],"is_beta":false,"boss_relics":[],"items_purged_floors":[],"is_endless":false,"potions_floor_spawned":[3,5,7],"ascension_level":0}