{"gold_per_floor":[113,123,48,60,80,110,126,136,136,136,169,169,187,207,207,310,310,321,341,241,261,291,291,318,20,47,75,75,75,94,109,109,109],"floor_reached":33,"playtime":2609,"items_purged":["Strike_R","Defend_R"],"score":326,"play_id":"3747b6ec-1f73-4d20-8405-81272407f2a8","local_time":"20190317190240","is_ascension_mode":false,"campfire_choices":[{"data":"Fire Breathing","floor":10,"key":"SMITH"},{"data":"Cleave","floor":12,"key":"SMITH"},{"data":"Rampage","floor":15,"key":"SMITH"},{"data":"Pommel Strike","floor":23,"key":"SMITH"},{"data":"1","floor":28,"key":"LIFT"},{"floor":32,"key":"REST"}],"neow_cost":"TEN_PERCENT_HP_LOSS","seed_source_timestamp":155065406323658,"circlet_count":0,"master_deck":["Strike_R","Strike_R","Strike_R","Strike_R","Defend_R","Defend_R","Defend_R","Bash","Shrug It Off","Fire Breathing+1","Rage","Flame Barrier","Pommel Strike+1","Rampage+1","Headbutt","Cleave+1","Shrug It Off","Shrug It Off","Feed","Headbutt","True Grit+1","Feed","Immolate"],"relics":["Burning Blood","Turnip","Omamori","Centennial Puzzle","Blood Vial","Runic Pyramid","Tiny Chest","Mummified Hand","Girya","Regal Pillow","Toxic Egg 2"],"potions_floor_usage":[27,27,31,31,33,33],"damage_taken":[{"damage":3,"enemies":"Small Slimes","floor":1,"turns":3},{"damage":8,"enemies":"2 Louse","floor":2,"turns":4},{"damage":1,"enemies":"Cultist","floor":4,"turns":4},{"damage":4,"enemies":"2 Fungi Beasts","floor":5,"turns":6},{"damage":37,"enemies":"Lagavulin","floor":6,"turns":11},{"damage":1,"enemies":"Blue Slaver","floor":7,"turns":5},{"damage":9,"enemies":"Gremlin Gang","floor":8,"turns":5},{"damage":1,"enemies":"3 Sentries","floor":11,"turns":7},{"damage":0,"enemies":"Red Slaver","floor":13,"turns":3},{"damage":13,"enemies":"Lots of Slimes","floor":14,"turns":2},{"damage":37,"enemies":"Slime Boss","floor":16,"turns":9},{"damage":5,"enemies":"Chosen","floor":18,"turns":6},{"damage":7,"enemies":"Spheric Guardian","floor":19,"turns":10},{"damage":16,"enemies":"Snecko","floor":21,"turns":7},{"damage":55,"enemies":"Gremlin Leader","floor":24,"turns":8},{"damage":22,"enemies":"Slavers","floor":27,"turns":5},{"damage":7,"enemies":"Snake Plant","floor":30,"turns":6},{"damage":0,"enemies":"Centurion and Healer","floor":31,"turns":5},{"damage":123,"enemies":"Automaton","floor":33,"turns":12}],"seed_played":"4447107728011189035","potions_obtained":[{"floor":1,"key":"GamblersBrew"},{"floor":2,"key":"Fire Potion"},{"floor":5,"key":"SpeedPotion"},{"floor":14,"key":"FearPotion"},{"floor":27,"key":"Energy Potion"},{"floor":30,"key":"Explosive Potion"},{"floor":31,"key":"BloodPotion"}],"is_trial":false,"path_per_floor":["?","?","M"],"character_chosen":"IRONCLAD","items_purchased":["Girya"],"campfire_rested":1,"item_purchase_floors":[25],"current_hp_per_floor":[72,70,70,72,72,41,46,43,43,43,48,48,56,51,51,22,72,75,77,77,71,71,71,27,27,27,16,16,16,20,34,77,0],"gold":109,"neow_bonus":"ONE_RARE_RELIC","is_prod":false,"is_daily":false,"chose_seed":false,"campfire_upgraded":4,"win_rate":0,"timestamp":1552863760,"path_taken":["M","M","$","M","M","E","M","M","T","R","E","R","M","M","R","BOSS","M","M","$","M","?","R","E","$","T","E","R","?","M","?","R","BOSS"],"build_version":"2019-01-23","purchased_purges":2,"victory":false,"max_hp_per_floor":[72,72,72,72,72,72,72,72,72,72,72,72,72,72,72,72,72,75,78,78,81,81,81,84,84,84,87,87,87,90,96,96,96],"card_choices":[{"not_picked":["Shockwave","Armaments"],"picked":"Shrug It Off","floor":1},{"not_picked":["Body Slam","Thunderclap"],"picked":"Fire Breathing","floor":2},{"not_picked":["Cleave","Infernal Blade"],"picked":"Rage","floor":4},{"not_picked":["Iron Wave","Second Wind"],"picked":"Flame Barrier","floor":5},{"not_picked":["Brutality","Shrug It Off"],"picked":"Pommel Strike","floor":6},{"not_picked":["Pummel","Carnage"],"picked":"Rampage","floor":7},{"not_picked":["Flex","Blood for Blood"],"picked":"Headbutt","floor":8},{"not_picked":["Twin Strike","Heavy Blade"],"picked":"Cleave","floor":11},{"not_picked":["Carnage","Sword Boomerang"],"picked":"Shrug It Off","floor":13},{"not_picked":["Warcry","Perfected Strike"],"picked":"Shrug It Off","floor":14},{"not_picked":["Demon Form","Impervious"],"picked":"Feed","floor":16},{"not_picked":["Whirlwind","Iron Wave+1"],"picked":"Headbutt","floor":18},{"not_picked":["Evolve","Infernal Blade+1","Rupture+1"],"picked":"SKIP","floor":19},{"not_picked":["Perfected Strike","Body Slam","Cleave"],"picked":"SKIP","floor":21},{"not_picked":["Headbutt","Perfected Strike","Battle Trance"],"picked":"SKIP","floor":24},{"not_picked":["Warcry","Pommel Strike+1"],"picked":"True Grit","floor":27},{"not_picked":["Clash","Clothesline","Cleave+1"],"picked":"SKIP","floor":30},{"not_picked":["Iron Wave+1","Perfected Strike"],"picked":"Immolate","floor":31}],"player_experience":717395,"relics_obtained":[{"floor":6,"key":"Omamori"},{"floor":9,"key":"Centennial Puzzle"},{"floor":11,"key":"Blood Vial"},{"floor":24,"key":"Mummified Hand"},{"floor":26,"key":"Regal Pillow"},{"floor":27,"key":"Toxic Egg 2"}],"event_choices":[{"damage_healed":0,"gold_gain":0,"player_choice":"Opened","damage_taken":0,"relics_obtained":["Tiny Chest"],"max_hp_gain":0,"max_hp_loss":0,"event_name":"The Mausoleum","floor":22,"gold_loss":0,"cards_obtained":["Writhe"]},{"damage_healed":0,"gold_gain":0,"player_choice":"Copied","damage_taken":0,"max_hp_gain":0,"max_hp_loss":0,"event_name":"Duplicator","floor":29,"gold_loss":0,"cards_obtained":["Feed"]}],"is_beta":false,"boss_relics":[{"not_picked":["Coffee Dripper","Black Blood"],"picked":"Runic Pyramid"}],"items_purged_floors":[3,20],"is_endless":false,"potions_floor_spawned":[1,2,5,6,14,16,27,30,31],"killed_by":"Automaton","ascension_level":0}