{"gold_per_floor":[119,119,294,294,310,310,2,2,2,37,37,53,73,91,91,195,195,207,207,132,132,116,116,127,127,127,25,25],"floor_reached":28,"playtime":810,"items_purged":[],"score":302,"play_id":"18ddefc9-0d07-49e7-9a92-3f59d72ab901","local_time":"20181102113839","is_ascension_mode":true,"campfire_choices":[{"data":"Blood for Blood","floor":6,"key":"SMITH"},{"data":"Feed","floor":8,"key":"SMITH"},{"floor":15,"key":"REST"},{"floor":23,"key":"REST"},{"floor":25,"key":"REST"}],"neow_cost":"NONE","seed_source_timestamp":1965218586743265,"circlet_count":0,"master_deck":["Strike_R+1","Strike_R+1","Strike_R+1","Strike_R+1","Strike_R+1","Defend_R+1","Defend_R+1","Defend_R+1","Defend_R+1","Bash","Blood for Blood+1","Armaments+1","Flex","Feed+1","Iron Wave","Warcry","Flex","Fire Breathing","Demon Form","Iron Wave","Intimidate+1","Headbutt+1","Shrug It Off","Ghostly Armor"],"relics":["Burning Blood","Vajra","Bronze Scales","Potion Belt","Regal Pillow","NlothsMask","Black Star","Enchiridion"],"potions_floor_usage":[16,18,22],"damage_taken":[{"damage":4,"enemies":"Small Slimes","floor":1,"turns":4},{"damage":4,"enemies":"2 Louse","floor":5,"turns":3},{"damage":29,"enemies":"Gremlin Nob","floor":10,"turns":4},{"damage":4,"enemies":"Jaw Worm","floor":12,"turns":3},{"damage":12,"enemies":"2 Fungi Beasts","floor":13,"turns":4},{"damage":10,"enemies":"Gremlin Gang","floor":14,"turns":4},{"damage":47,"enemies":"The Guardian","floor":16,"turns":13},{"damage":39,"enemies":"Shell Parasite","floor":18,"turns":6},{"damage":12,"enemies":"2 Thieves","floor":22,"turns":4},{"damage":33,"enemies":"Snecko","floor":24,"turns":5},{"damage":78,"enemies":"Gremlin Leader","floor":28,"turns":7}],"seed_played":"1582842240709200152","potions_obtained":[{"floor":1,"key":"FearPotion"},{"floor":12,"key":"Dexterity Potion"},{"floor":13,"key":"Ancient Potion"},{"floor":14,"key":"Weak Potion"}],"is_trial":false,"path_per_floor":["M","?","?","?","M","R","$","R","T","E","?","M","M","M","R","B",null,"M","?","?","?","M","R","M","R","T","$","E"],"character_chosen":"IRONCLAD","items_purchased":["Feed","Bronze Scales","Shrug It Off","Ghostly Armor"],"campfire_rested":3,"item_purchase_floors":[7,7,27,27],"current_hp_per_floor":[74,74,74,67,69,69,69,69,69,46,46,48,42,42,82,41,73,40,24,24,24,22,63,36,77,77,77,0],"gold":25,"neow_bonus":"THREE_CARDS","is_prod":false,"is_daily":false,"chose_seed":false,"campfire_upgraded":2,"win_rate":0,"timestamp":1541180319,"path_taken":["M","?","?","?","?","R","$","R","T","E","?","M","?","M","R","BOSS","M","?","?","?","M","R","?","R","T","?","E"],"build_version":"2018-11-01","purchased_purges":0,"victory":false,"max_hp_per_floor":[80,80,80,80,80,80,80,80,80,80,80,80,80,84,84,84,84,84,84,84,84,88,88,88,88,88,88,88],"card_choices":[{"not_picked":["Clothesline","Disarm"],"picked":"Blood for Blood","floor":0},{"not_picked":["Cleave","Flex"],"picked":"Armaments","floor":1},{"not_picked":["Sword Boomerang","Anger"],"picked":"Flex","floor":5},{"not_picked":["Cleave","Anger"],"picked":"Iron Wave","floor":10},{"not_picked":["Sword Boomerang","Cleave"],"picked":"Warcry","floor":12},{"not_picked":["Body Slam","Fire Breathing"],"picked":"Flex","floor":13},{"not_picked":["Dark Embrace","Carnage"],"picked":"Fire Breathing","floor":14},{"not_picked":["Double Tap","Reaper"],"picked":"Demon Form","floor":16},{"not_picked":["Wild Strike","Corruption"],"picked":"Iron Wave","floor":18},{"not_picked":["Clothesline+1","Fire Breathing"],"picked":"Intimidate+1","floor":22},{"not_picked":["Power Through+1","True Grit"],"picked":"Headbutt+1","floor":24}],"player_experience":63038,"relics_obtained":[{"floor":9,"key":"Potion Belt"},{"floor":10,"key":"Regal Pillow"},{"floor":19,"key":"Enchiridion"}],"event_choices":[{"damage_healed":0,"gold_gain":0,"player_choice":"Grow","damage_taken":0,"max_hp_gain":0,"max_hp_loss":0,"event_name":"Living Wall","floor":2,"gold_loss":0,"cards_upgraded":["Armaments"]},{"damage_healed":0,"gold_gain":175,"player_choice":"AGREE","damage_taken":0,"max_hp_gain":0,"max_hp_loss":0,"event_name":"Liars Game","floor":3,"gold_loss":0,"cards_obtained":["Doubt"]},{"damage_healed":0,"gold_gain":0,"player_choice":"Success","damage_taken":7,"relics_obtained":["Vajra"],"max_hp_gain":0,"max_hp_loss":0,"event_name":"Scrap Ooze","floor":4,"gold_loss":0},{"damage_healed":0,"gold_gain":0,"player_choice":"Trade","damage_taken":0,"relics_obtained":["NlothsMask"],"max_hp_gain":0,"max_hp_loss":0,"event_name":"FaceTrader","floor":11,"gold_loss":0},{"damage_healed":0,"gold_gain":0,"player_choice":"Obtained Book","damage_taken":16,"max_hp_gain":0,"max_hp_loss":0,"event_name":"Cursed Tome","floor":19,"gold_loss":0},{"cards_removed":["Doubt"],"damage_healed":0,"gold_gain":0,"player_choice":"Gave Gold","damage_taken":0,"max_hp_gain":0,"max_hp_loss":0,"event_name":"Beggar","floor":20,"gold_loss":75},{"damage_healed":0,"gold_gain":0,"player_choice":"Simplicity","damage_taken":0,"max_hp_gain":0,"max_hp_loss":0,"event_name":"Back to Basics","floor":21,"gold_loss":0,"cards_upgraded":["Strike_R","Strike_R","Strike_R","Strike_R","Strike_R","Defend_R","Defend_R","Defend_R","Defend_R"]}],"is_beta":false,"boss_relics":[{"not_picked":["Coffee Dripper","Snecko Eye"],"picked":"Black Star"}],"items_purged_floors":[],"is_endless":false,"potions_floor_spawned":[1,12,13,14],"killed_by":"Gremlin Leader","ascension_level":8}