{"gold_per_floor":[112,128,128,144,155,155,484,501,554,554,584,859,381,399,399,399],"floor_reached":16,"playtime":819,"items_purged":["Regret"],"score":168,"play_id":"6106bf92-ff43-4aba-9aca-fe62024da39f","local_time":"20190327232437","is_ascension_mode":true,"campfire_choices":[{"data":"Warcry","floor":6,"key":"SMITH"},{"floor":10,"key":"REST"},{"data":"Carnage","floor":15,"key":"SMITH"}],"neow_cost":"NONE","seed_source_timestamp":1036570531191250,"circlet_count":0,"master_deck":["AscendersBane","Strike_R","Strike_R","Strike_R","Strike_R","Defend_R","Defend_R","Defend_R","Defend_R","Bash+1","Searing Blow","Armaments","Warcry+1","Battle Trance","Anger","Seeing Red","Feel No Pain","Uppercut","Battle Trance","Carnage+1","Battle Trance"],"relics":["Burning Blood","Old Coin","Tiny Chest","Juzu Bracelet","Mercury Hourglass"],"potions_floor_usage":[16,16],"damage_taken":[{"damage":11,"enemies":"Small Slimes","floor":1,"turns":5},{"damage":6,"enemies":"Cultist","floor":2,"turns":3},{"damage":0,"enemies":"2 Louse","floor":4,"turns":2},{"damage":25,"enemies":"Gremlin Gang","floor":5,"turns":7},{"damage":28,"enemies":"Gremlin Nob","floor":7,"turns":4},{"damage":11,"enemies":"Looter","floor":8,"turns":3},{"damage":17,"enemies":"3 Sentries","floor":11,"turns":11},{"damage":12,"enemies":"Exordium Thugs","floor":14,"turns":3},{"damage":34,"enemies":"Hexaghost","floor":16,"turns":7}],"seed_played":"-6762708425389822085","potions_obtained":[{"floor":1,"key":"FearPotion"},{"floor":7,"key":"PowerPotion"},{"floor":8,"key":"Weak Potion"}],"is_trial":false,"path_per_floor":["?","?"],"character_chosen":"IRONCLAD","items_purchased":["Mercury Hourglass","Battle Trance","Carnage"],"campfire_rested":1,"item_purchase_floors":[13,13,13],"current_hp_per_floor":[67,67,67,73,54,54,32,27,27,51,40,40,40,34,34,0],"gold":399,"neow_bonus":"TRANSFORM_CARD","is_prod":false,"is_daily":false,"chose_seed":false,"campfire_upgraded":2,"win_rate":0,"timestamp":1553743477,"path_taken":["M","M","?","M","M","R","E","M","T","R","E","?","$","M","R","BOSS"],"build_version":"2019-01-23","purchased_purges":1,"victory":false,"max_hp_per_floor":[80,80,80,80,80,80,80,80,80,80,80,80,80,80,80,80],"card_choices":[{"not_picked":["Pummel","Wild Strike"],"picked":"Armaments","floor":1},{"not_picked":["Flex","Heavy Blade"],"picked":"Warcry","floor":2},{"not_picked":["Wild Strike","Body Slam"],"picked":"Battle Trance","floor":4},{"not_picked":["Thunderclap","Dropkick","Anger"],"picked":"SKIP","floor":5},{"not_picked":["Thunderclap","Dropkick"],"picked":"Anger","floor":5},{"not_picked":["True Grit","Havoc"],"picked":"Seeing Red","floor":7},{"not_picked":["Perfected Strike","Infernal Blade"],"picked":"Feel No Pain","floor":8},{"not_picked":["Brutality","Corruption"],"picked":"Uppercut","floor":11},{"not_picked":["Perfected Strike","Heavy Blade"],"picked":"Battle Trance","floor":14}],"player_experience":1116865,"relics_obtained":[{"floor":7,"key":"Old Coin"},{"floor":9,"key":"Tiny Chest"},{"floor":11,"key":"Juzu Bracelet"}],"event_choices":[{"damage_healed":0,"gold_gain":0,"player_choice":"Upgraded","damage_taken":0,"max_hp_gain":0,"max_hp_loss":0,"event_name":"Upgrade Shrine","floor":3,"gold_loss":0,"cards_upgraded":["Bash"]},{"damage_healed":0,"gold_gain":275,"player_choice":"Desecrate","damage_taken":0,"max_hp_gain":0,"max_hp_loss":0,"event_name":"Golden Shrine","floor":12,"gold_loss":0,"cards_obtained":["Regret"]}],"is_beta":false,"boss_relics":[],"items_purged_floors":[13],"is_endless":false,"potions_floor_spawned":[1,7,8,14],"killed_by":"Hexaghost","ascension_level":10}