{"gold_per_floor":[214,231,244,259,259,259,294,294,339,357,357,382,397,426,426,426],"floor_reached":16,"playtime":600,"items_purged":[],"score":159,"play_id":"9d396928-47f8-4be3-a8db-63d0888f332b","local_time":"20181027195554","is_ascension_mode":true,"campfire_choices":[{"data":"Body Slam","floor":6,"key":"SMITH"},{"floor":11,"key":"REST"},{"floor":15,"key":"REST"}],"neow_cost":"NONE","seed_source_timestamp":1476848426829611,"circlet_count":0,"master_deck":["Strike_R","Strike_R","Strike_R","Strike_R","Strike_R","Defend_R","Defend_R","Defend_R","Defend_R","Bash","Heavy Blade","Body Slam+1","Wild Strike","Flex","Twin Strike","Ghostly Armor","Inflame","True Grit","Cleave"],"relics":["Burning Blood","PreservedInsect","Centennial Puzzle","Happy Flower","Kunai","Sundial"],"potions_floor_usage":[12,14,14,16],"damage_taken":[{"damage":6,"enemies":"Cultist","floor":1,"turns":3},{"damage":8,"enemies":"2 Louse","floor":2,"turns":2},{"damage":12,"enemies":"Jaw Worm","floor":3,"turns":2},{"damage":21,"enemies":"Blue Slaver","floor":4,"turns":3},{"damage":37,"enemies":"Gremlin Nob","floor":7,"turns":4},{"damage":33,"enemies":"Exordium Thugs","floor":10,"turns":4},{"damage":5,"enemies":"3 Sentries","floor":12,"turns":5},{"damage":5,"enemies":"Gremlin Gang","floor":13,"turns":4},{"damage":23,"enemies":"Lagavulin","floor":14,"turns":4},{"damage":58,"enemies":"Hexaghost","floor":16,"turns":9}],"seed_played":"-2142643161693906807","potions_obtained":[{"floor":3,"key":"Swift Potion"},{"floor":10,"key":"EssenceOfSteel"},{"floor":13,"key":"Poison Potion"},{"floor":14,"key":"BloodPotion"}],"is_trial":false,"path_per_floor":["M","M","M","M","?","R","E","T","T","M","R","E","M","E","R"],"character_chosen":"IRONCLAD","items_purchased":[],"campfire_rested":2,"item_purchase_floors":[],"current_hp_per_floor":[72,70,64,49,75,75,44,44,44,17,41,42,43,26,50,0],"gold":426,"neow_bonus":"HUNDRED_GOLD","is_prod":false,"is_daily":false,"chose_seed":false,"campfire_upgraded":1,"win_rate":0,"timestamp":1540691754,"path_taken":["M","?","?","?","?","R","E","?","T","?","R","E","M","E","R","BOSS"],"build_version":"2018-10-25v2","purchased_purges":0,"victory":false,"max_hp_per_floor":[80,80,80,80,80,80,80,80,80,80,80,80,80,80,80,80],"card_choices":[{"not_picked":["Havoc","Sentinel"],"picked":"Heavy Blade","floor":1},{"not_picked":["Warcry","Bloodletting"],"picked":"Body Slam","floor":2},{"not_picked":["Armaments","Battle Trance"],"picked":"Wild Strike","floor":3},{"not_picked":["Feel No Pain","Reckless Charge"],"picked":"Flex","floor":4},{"not_picked":["Heavy Blade","Warcry"],"picked":"Twin Strike","floor":7},{"not_picked":["Thunderclap","Anger"],"picked":"Ghostly Armor","floor":10},{"not_picked":["Juggernaut","Havoc"],"picked":"Inflame","floor":12},{"not_picked":["Headbutt","Carnage"],"picked":"True Grit","floor":13},{"not_picked":["Pummel","Anger"],"picked":"Cleave","floor":14}],"player_experience":913654,"relics_obtained":[{"floor":7,"key":"PreservedInsect"},{"floor":8,"key":"Centennial Puzzle"},{"floor":9,"key":"Happy Flower"},{"floor":12,"key":"Kunai"},{"floor":14,"key":"Sundial"}],"event_choices":[{"damage_healed":26,"gold_gain":0,"player_choice":"Banana","damage_taken":0,"max_hp_gain":0,"max_hp_loss":0,"event_name":"Big Fish","floor":5,"gold_loss":0}],"is_beta":false,"boss_relics":[],"items_purged_floors":[],"is_endless":false,"potions_floor_spawned":[3,10,13,14],"killed_by":"Hexaghost","ascension_level":6}