{"gold_per_floor":[111,111,111,125,50,85,95,170,170,170,201,201,220,220,220,339,339,355,355,369,79,132,132],"floor_reached":23,"playtime":655,"items_purged":["Strike_B"],"score":311,"play_id":"1cd24ccf-d565-4562-8d3e-f33280e78a03","local_time":"20190127172017","is_ascension_mode":true,"campfire_choices":[{"data":"Coolheaded","floor":10.0,"key":"SMITH"},{"data":"Rainbow","floor":12,"key":"SMITH"},{"data":"Go for the Eyes","floor":15,"key":"SMITH"}],"neow_cost":"NONE","seed_source_timestamp":19544120234617,"circlet_count":0,"master_deck":["Strike_B","Strike_B","Defend_B","Defend_B","Defend_B","Defend_B","Zap","Dualcast","Cold Snap","Cold Snap","Ball Lightning","Coolheaded+1","Rainbow+1","Go for the Eyes+1","Biased Cognition+1","Leap","Conserve Battery+1"],"special_seed":0,"relics":["Cracked Core","NeowsBlessing","Meat on the Bone","Art of War","Anchor","Golden Idol","Sozu","Prayer Wheel","Potion Belt"],"potions_floor_usage":[20,23],"damage_taken":[{"damage":0.0,"enemies":"2 Louse","floor":1.0,"turns":1.0},{"damage":0.0,"enemies":"Small Slimes","floor":4.0,"turns":1.0},{"damage":0.0,"enemies":"3 Sentries","floor":6.0,"turns":1.0},{"damage":2.0,"enemies":"Jaw Worm","floor":7.0,"turns":2.0},{"damage":28,"enemies":"Lagavulin","floor":11,"turns":7},{"damage":4,"enemies":"Exordium Thugs","floor":13,"turns":4},{"damage":9,"enemies":"Hexaghost","floor":16,"turns":13},{"damage":0,"enemies":"Shell Parasite","floor":18,"turns":6},{"damage":0,"enemies":"Spheric Guardian","floor":20,"turns":3},{"damage":85,"enemies":"Gremlin Leader","floor":23,"turns":8}],"seed_played":"4534102910912050699","potions_obtained":[{"floor":4.0,"key":"Regen Potion"},{"floor":13,"key":"AttackPotion"},{"floor":16,"key":"Regen Potion"}],"is_trial":false,"path_per_floor":["M","?","$","M","$","E","M","?","T","R","E","R","M","?","R","B",null,"M","?","M","$","T","E"],"character_chosen":"DEFECT","items_purchased":["Prayer Wheel"],"campfire_rested":0,"item_purchase_floors":[21],"current_hp_per_floor":[68,61,61,61,61,61,59,48,48,48,32,32,40,22,22,25,63,63,63,63,63,63,0],"gold":132,"neow_bonus":"THREE_ENEMY_KILL","is_prod":false,"is_daily":false,"chose_seed":false,"campfire_upgraded":3,"win_rate":0,"timestamp":1548638417,"path_taken":["M","?","$","M","$","E","M","?","T","R","E","R","M","?","R","BOSS","M","?","M","$","?","E"],"build_version":"2019-01-23","purchased_purges":1,"victory":false,"max_hp_per_floor":[75,75,75,75,75,75,75,75,75,75,75,75,75,75,75,75,75,75,75,75,75,75,75],"card_choices":[{"not_picked":["Compile Driver","Conserve Battery"],"picked":"Cold Snap","floor":1.0},{"not_picked":["Stack","Go for the Eyes"],"picked":"Cold Snap","floor":4.0},{"not_picked":["Steam","Coolheaded"],"picked":"Ball Lightning","floor":6.0},{"not_picked":["Lockon","Melter"],"picked":"Coolheaded","floor":7.0},{"not_picked":["Conserve Battery","Rebound"],"picked":"Rainbow","floor":11},{"not_picked":["Leap","Storm"],"picked":"Go for the Eyes","floor":13},{"not_picked":["Amplify","Multi-Cast"],"picked":"Biased Cognition","floor":16},{"not_picked":["Barrage","Heatsinks"],"picked":"Leap","floor":18},{"not_picked":["Aggregate","Ball Lightning+1"],"picked":"Conserve Battery+1","floor":20}],"player_experience":323530,"relics_obtained":[{"floor":6.0,"key":"Meat on the Bone"},{"floor":9.0,"key":"Art of War"},{"floor":11,"key":"Anchor"},{"floor":22,"key":"Potion Belt"}],"event_choices":[{"cards_removed":["Strike_B"],"damage_healed":0.0,"max_hp_gain":0.0,"max_hp_loss":0.0,"gold_gain":0.0,"event_name":"Golden Wing","player_choice":"Card Removal","floor":2.0,"gold_loss":0.0,"damage_taken":7.0},{"damage_healed":0.0,"max_hp_gain":0.0,"max_hp_loss":0.0,"gold_gain":75.0,"event_name":"World of Goop","player_choice":"Gather Gold","floor":8.0,"gold_loss":0.0,"damage_taken":11.0},{"damage_healed":0,"gold_gain":0,"player_choice":"Take Damage","damage_taken":18,"relics_obtained":["Golden Idol"],"max_hp_gain":0,"max_hp_loss":0,"event_name":"Golden Idol","floor":14,"gold_loss":0},{"damage_healed":0,"gold_gain":0,"player_choice":"Forge","damage_taken":0,"max_hp_gain":0,"max_hp_loss":0,"event_name":"Accursed Blacksmith","floor":19,"gold_loss":0,"cards_upgraded":["Biased Cognition"]}],"is_beta":false,"boss_relics":[{"not_picked":["FrozenCore","Orrery"],"picked":"Sozu"}],"items_purged_floors":[5],"is_endless":false,"potions_floor_spawned":[4,13,16,18],"killed_by":"Gremlin Leader","ascension_level":8}