{"path_per_floor":["M","M","M","?","?","R","E","R","T","M","M","?","$","M","R","B",null,"M","?","$","M","?","R","M","R","T","M","$","M","R","M","R","B",null,"M","?","$","?","$","R","M","R","T","M","R","M","M","$","R","B"],"character_chosen":"IRONCLAD","items_purchased":["Inflame","Finesse","Fire Potion","Twin Strike","Burning Pact","Pommel Strike","Fire Potion","Fire Potion"],"gold_per_floor":[217,237,248,248,248,248,282,282,307,322,334,284,43,58,58,155,155,170,170,73,85,85,85,100,100,126,138,0,13,13,23,23,128,158,178,0,0,0,0,0,14,14,39,53,53,64,77,28,28,28],"floor_reached":51,"campfire_rested":3,"playtime":2564,"current_hp_per_floor":[79,71,71,71,71,71,90,90,90,78,73,73,73,79,90,59,90,86,86,86,70,54,54,55,55,55,56,56,80,80,71,71,58,95,74,74,74,74,74,74,44,87,87,72,72,69,38,38,81,39],"items_purged":["Immolate"],"gold":28,"score":549,"play_id":"bd6176e1-14d4-41ea-8a7a-1d66c1fdc5a1","is_prod":false,"is_daily":false,"is_ascension_mode":false,"campfire_upgraded":8,"path_taken":["M","M","M","?","?","R","E","R","T","M","M","?","$","M","R","BOSS","M","?","$","M","?","R","?","R","T","M","$","M","R","M","R","BOSS","M","?","?","?","$","R","?","R","T","M","R","M","M","$","R","BOSS"],"build_version":"2018-02-08-PROD1","purchased_purges":2,"victory":true,"master_deck":["Strike_R","Strike_R","Strike_R","Strike_R","Strike_R","Defend_R","Defend_R","Defend_R","Bash+1","Inflame+1","Clash","Flex+1","Shrug It Off","Sever Soul","Inflame","Finesse","Heavy Blade+1","Limit Break+1","Pummel","Twin Strike","Clash","Heavy Blade+1","Burning Pact","Pommel Strike+1","Berserk+1","Anger+1","Flex"],"max_hp_per_floor":[80,80,80,80,80,80,90,90,90,90,90,90,90,90,90,90,90,90,90,90,90,90,90,90,90,90,90,90,90,90,90,90,90,95,95,95,95,95,95,95,95,95,95,95,95,95,95,95,95,95],"relics":["Burning Blood","Regal Pillow","Pear","Bag of Preparation","Philosopher\u0027s Stone","Nilry\u0027s Codex","Anchor","Tiny House","Red Mask","Happy Flower"],"card_choices":[{"not_picked":["Thunderclap","Reckless Charge"],"picked":"Inflame"},{"not_picked":["Armaments","Iron Wave"],"picked":"Clash"},{"not_picked":["Headbutt","Havoc"],"picked":"Flex"},{"not_picked":["Whirlwind","Reckless Charge"],"picked":"Immolate"},{"not_picked":["Body Slam","Sword Boomerang"],"picked":"Shrug It Off"},{"not_picked":["Body Slam","Spot Weakness"],"picked":"Sever Soul"},{"not_picked":["Searing Blow","Thunderclap"],"picked":"Heavy Blade"},{"not_picked":["Offering","Fiend Fire"],"picked":"Limit Break"},{"not_picked":["Perfected Strike","Havoc"],"picked":"Pummel"},{"not_picked":["Heavy Blade","Evolve"],"picked":"Clash"},{"not_picked":["Headbutt","Thunderclap"],"picked":"Heavy Blade"},{"not_picked":["Demon Form","Juggernaut"],"picked":"Berserk"},{"not_picked":["Thunderclap","Sword Boomerang"],"picked":"Anger"},{"not_picked":["Clothesline","True Grit"],"picked":"Flex"}],"player_experience":115167,"potions_floor_usage":[7,7,7,21,27,33,33,35,35,41],"damage_taken":[{"damage":7,"enemies":"2 Louse","floor":1,"turns":3},{"damage":14,"enemies":"Blue Slaver","floor":2,"turns":4},{"damage":6,"enemies":"Cultist","floor":3,"turns":3},{"damage":6,"enemies":"3 Sentries","floor":7,"turns":6},{"damage":18,"enemies":"Large Slime","floor":10,"turns":5},{"damage":11,"enemies":"Red Slaver","floor":11,"turns":5},{"damage":0,"enemies":"Exordium Wildlife","floor":14,"turns":2},{"damage":37,"enemies":"Slime Boss","floor":16,"turns":8},{"damage":10,"enemies":"Chosen","floor":18,"turns":4},{"damage":22,"enemies":"2 Thieves","floor":21,"turns":4},{"damage":5,"enemies":"Chosen and Byrds","floor":24,"turns":4},{"damage":5,"enemies":"Centurion and Healer","floor":27,"turns":3},{"damage":16,"enemies":"3 Cultists","floor":29,"turns":3},{"damage":15,"enemies":"Snake Plant","floor":31,"turns":2},{"damage":19,"enemies":"Champ","floor":33,"turns":6},{"damage":27,"enemies":"3 Darklings","floor":35,"turns":4},{"damage":36,"enemies":"3 Shapes","floor":41,"turns":4},{"damage":21,"enemies":"Sphere and 2 Shapes","floor":44,"turns":6},{"damage":9,"enemies":"3 Darklings","floor":46,"turns":3},{"damage":37,"enemies":"Maw","floor":47,"turns":5},{"damage":48,"enemies":"Time Eater","floor":50,"turns":6}],"event_choices":[{"event_name":"The Lab","player_choice":"Got Potions","floor":4,"damage_taken":0},{"event_name":"Accursed Blacksmith","player_choice":"Rummage","floor":5,"damage_taken":0},{"event_name":"The Cleric","player_choice":"Card Removal","floor":12,"damage_taken":0},{"event_name":"N\u0027loth","player_choice":"Ignored","floor":19,"damage_taken":0},{"event_name":"Cursed Tome","player_choice":"Obtained Book","floor":22,"damage_taken":0},{"event_name":"Tomb of Lord Red Mask","player_choice":"Paid","floor":36,"damage_taken":0}],"boss_relics":[{"not_picked":["Velvet Choker","Black Blood"],"picked":"Philosopher\u0027s Stone"},{"not_picked":["Calling Bell","Snecko Eye"],"picked":"Tiny House"}],"potions_floor_spawned":[2,3,16,18,24,27,35],"seed_played":"-82988897056984875","ascension_level":0,"is_trial":false}