{"gold_per_floor":[119,294,294,294,294,294,294,310,310,330,330,355,355,243,243,374,374,387,387,152,152,40,40],"floor_reached":23,"playtime":716,"items_purged":["Shame"],"score":270,"play_id":"e5f1bef1-8955-4657-817e-989658836213","local_time":"20181107140423","is_ascension_mode":true,"campfire_choices":[{"data":"Armaments","floor":6,"key":"SMITH"},{"data":"Spot Weakness","floor":11,"key":"SMITH"},{"data":"Perfected Strike","floor":13,"key":"SMITH"},{"data":"Madness","floor":15,"key":"SMITH"}],"neow_cost":"NONE","seed_source_timestamp":2409666808912289,"circlet_count":0,"master_deck":["AscendersBane","Strike_R","Strike_R","Strike_R+1","Strike_R","Strike_R+1","Defend_R","Defend_R","Defend_R","Defend_R+1","Bash+1","Dramatic Entrance","Armaments+1","Headbutt","Spot Weakness+1","Perfected Strike+1","Madness+1","Flex","Reaper","Inflame","Flame Barrier"],"relics":["Burning Blood","Golden Idol","Whetstone","Ornamental Fan","Busted Crown","Spirit Poop","Strawberry","Shuriken"],"potions_floor_usage":[10,16,18],"damage_taken":[{"damage":6,"enemies":"Cultist","floor":1,"turns":4},{"damage":0,"enemies":"2 Louse","floor":8,"turns":2},{"damage":0,"enemies":"Jaw Worm","floor":10,"turns":2},{"damage":7,"enemies":"2 Fungi Beasts","floor":12,"turns":4},{"damage":44,"enemies":"The Guardian","floor":16,"turns":13},{"damage":37,"enemies":"3 Byrds","floor":18,"turns":7},{"damage":61,"enemies":"Gremlin Leader","floor":23,"turns":5}],"seed_played":"-146534948836496618","potions_obtained":[{"floor":1,"key":"FearPotion"},{"floor":8,"key":"Energy Potion"},{"floor":16,"key":"Weak Potion"}],"is_trial":false,"path_per_floor":["M","?","?","?","?","R","T","M","T","M","R","M","R","$","R","B",null,"M","?","$","?","$","E"],"character_chosen":"IRONCLAD","items_purchased":["Madness","Flex","Strawberry","Inflame","Flame Barrier"],"campfire_rested":0,"item_purchase_floors":[14,14,20,20,22],"current_hp_per_floor":[72,72,72,57,74,74,74,74,74,74,74,73,73,73,73,35,64,39,39,46,46,46,0],"gold":40,"neow_bonus":"RANDOM_COLORLESS","is_prod":false,"is_daily":false,"chose_seed":false,"campfire_upgraded":4,"win_rate":0,"timestamp":1541624663,"path_taken":["M","?","?","?","?","R","?","M","T","M","R","?","R","$","R","BOSS","M","?","?","?","?","E"],"build_version":"2018-11-01","purchased_purges":1,"victory":false,"max_hp_per_floor":[80,80,74,74,74,74,74,74,74,74,74,74,74,74,74,74,74,74,74,81,81,81,81],"card_choices":[{"not_picked":["Rampage","Anger"],"picked":"Armaments","floor":1},{"not_picked":["Heavy Blade","Perfected Strike"],"picked":"Headbutt","floor":8},{"not_picked":["Flex","Sentinel"],"picked":"Spot Weakness","floor":10},{"not_picked":["Sword Boomerang","Iron Wave"],"picked":"Perfected Strike","floor":12},{"not_picked":["Juggernaut","Double Tap"],"picked":"Reaper","floor":16},{"not_picked":["Havoc"],"picked":"SKIP","floor":18}],"player_experience":1025863,"relics_obtained":[{"floor":7,"key":"Whetstone"},{"floor":9,"key":"Ornamental Fan"}],"event_choices":[{"damage_healed":0,"gold_gain":175,"player_choice":"AGREE","damage_taken":0,"max_hp_gain":0,"max_hp_loss":0,"event_name":"Liars Game","floor":2,"gold_loss":0,"cards_obtained":["Doubt"]},{"damage_healed":0,"gold_gain":0,"player_choice":"Lose Max HP","damage_taken":0,"relics_obtained":["Golden Idol"],"max_hp_gain":0,"max_hp_loss":6,"event_name":"Golden Idol","floor":3,"gold_loss":0},{"damage_healed":0,"gold_gain":0,"player_choice":"Entered Light","damage_taken":15,"max_hp_gain":0,"max_hp_loss":0,"event_name":"Shining Light","floor":4,"gold_loss":0,"cards_upgraded":["Defend_R","Strike_R"]},{"damage_healed":24,"gold_gain":0,"player_choice":"Banana","damage_taken":0,"max_hp_gain":0,"max_hp_loss":0,"event_name":"Big Fish","floor":5,"gold_loss":0},{"cards_removed":["Doubt"],"damage_healed":0,"gold_gain":0,"player_choice":"Offered Curse","damage_taken":0,"relics_obtained":["Spirit Poop"],"max_hp_gain":0,"max_hp_loss":0,"event_name":"Bonfire Elementals","floor":19,"gold_loss":0},{"damage_healed":0,"gold_gain":0,"player_choice":"Stole Relic","damage_taken":0,"relics_obtained":["Shuriken"],"max_hp_gain":0,"max_hp_loss":0,"event_name":"Addict","floor":21,"gold_loss":0,"cards_obtained":["Shame"]}],"is_beta":false,"boss_relics":[{"not_picked":["Velvet Choker","Empty Cage"],"picked":"Busted Crown"}],"items_purged_floors":[22],"is_endless":false,"potions_floor_spawned":[1,8,16],"killed_by":"Gremlin Leader","ascension_level":11}