{"gold_per_floor":[113,126,126,141,157,157,191,191,191,191,206,156,156,76,76,76],"floor_reached":16,"playtime":1041,"items_purged":[],"score":140,"play_id":"56837a25-a53a-415a-87e9-0f02026d4b4b","local_time":"20190323084633","is_ascension_mode":true,"campfire_choices":[{"data":"Cloak And Dagger","floor":6,"key":"SMITH"},{"floor":8,"key":"REST"},{"data":"Adrenaline","floor":15,"key":"SMITH"}],"neow_cost":"CURSE","seed_source_timestamp":261235643936384,"circlet_count":0,"master_deck":["Defend_G","Defend_G","Defend_G","Defend_G","Strike_G","Strike_G","Strike_G","Strike_G","Survivor","Neutralize","Endless Agony","Cloak And Dagger+1","Distraction","Burst","Adrenaline+1","PiercingWail","Dash+1"],"relics":["Ring of the Snake","Omamori","Molten Egg 2","Juzu Bracelet"],"potions_floor_usage":[7,7,16],"damage_taken":[{"damage":0,"enemies":"Small Slimes","floor":1,"turns":3},{"damage":0,"enemies":"2 Louse","floor":2,"turns":3},{"damage":0,"enemies":"Cultist","floor":4,"turns":5},{"damage":3,"enemies":"2 Fungi Beasts","floor":5,"turns":6},{"damage":8,"enemies":"3 Sentries","floor":7,"turns":16},{"damage":8,"enemies":"Blue Slaver","floor":11,"turns":3},{"damage":69,"enemies":"Hexaghost","floor":16,"turns":16}],"seed_played":"-5295004490853081412","potions_obtained":[{"floor":1,"key":"Poison Potion"},{"floor":2,"key":"EssenceOfSteel"},{"floor":4,"key":"Block Potion"},{"floor":11,"key":"Strength Potion"}],"is_trial":false,"path_per_floor":["M","M","?","M","M","R","E","R","T","?","M","?","?","$","R","B"],"character_chosen":"THE_SILENT","items_purchased":["Dash+1"],"campfire_rested":1,"item_purchase_floors":[14],"current_hp_per_floor":[77,77,65,65,62,62,54,79,79,79,71,71,64,64,64,0],"gold":76,"neow_bonus":"TWENTY_PERCENT_HP_BONUS","is_prod":false,"is_daily":false,"chose_seed":false,"campfire_upgraded":2,"win_rate":0,"timestamp":1553352393,"path_taken":["M","M","?","M","M","R","E","R","T","?","M","?","?","$","R","BOSS"],"build_version":"2019-01-23","purchased_purges":0,"victory":false,"max_hp_per_floor":[84,84,84,84,84,84,84,84,84,84,84,84,84,84,84,84],"card_choices":[{"not_picked":["Outmaneuver","Reflex"],"picked":"Endless Agony","floor":1},{"not_picked":["Endless Agony","Dodge and Roll"],"picked":"Cloak And Dagger","floor":2},{"not_picked":["Quick Slash","Deadly Poison"],"picked":"Distraction","floor":4},{"not_picked":["Flying Knee","Acrobatics"],"picked":"Burst","floor":5},{"not_picked":["Dagger Spray","Quick Slash"],"picked":"Adrenaline","floor":7},{"not_picked":["Dagger Throw+1","Deadly Poison"],"picked":"PiercingWail","floor":11}],"player_experience":1664499,"relics_obtained":[{"floor":7,"key":"Molten Egg 2"},{"floor":9,"key":"Juzu Bracelet"}],"event_choices":[{"damage_healed":0,"gold_gain":0,"player_choice":"Success","damage_taken":12,"relics_obtained":["Omamori"],"max_hp_gain":0,"max_hp_loss":0,"event_name":"Scrap Ooze","floor":3,"gold_loss":0},{"cards_removed":["Strike_G"],"damage_healed":0,"gold_gain":0,"player_choice":"Offered Basic","damage_taken":0,"max_hp_gain":0,"max_hp_loss":0,"event_name":"Bonfire Elementals","floor":10,"gold_loss":0},{"cards_removed":["Doubt"],"damage_healed":0,"gold_gain":0,"player_choice":"Card Removal","damage_taken":0,"max_hp_gain":0,"max_hp_loss":0,"event_name":"The Cleric","floor":12,"gold_loss":50},{"cards_removed":["Defend_G"],"damage_healed":0,"gold_gain":0,"player_choice":"Card Removal","damage_taken":7,"max_hp_gain":0,"max_hp_loss":0,"event_name":"Golden Wing","floor":13,"gold_loss":0}],"is_beta":false,"boss_relics":[],"items_purged_floors":[],"is_endless":false,"potions_floor_spawned":[1,2,4,11],"killed_by":"Hexaghost","ascension_level":8}