{"gold_per_floor":[110,110,110,123,134,166,166,166,192,217,217,252,270,283,283,382,382,394,309,326,336,336,363,374,374,374,374,374,409,426,457,457,559,559,570,570,580,590,50,50],"floor_reached":40,"playtime":7743,"items_purged":[],"score":669,"play_id":"a07964fa-6861-4e69-a0eb-7b588b42850f","local_time":"20180923170147","is_ascension_mode":true,"campfire_choices":[{"floor":8,"key":"REST"},{"data":"Sunder","floor":11,"key":"SMITH"},{"floor":15,"key":"REST"},{"floor":27,"key":"REST"},{"data":"Ghostly","floor":32,"key":"SMITH"}],"neow_cost":"CURSE","seed_source_timestamp":854456019004789,"circlet_count":0,"master_deck":["Zap+1","Dualcast+1","Steam","Glacier","Chill","Conserve Battery","Conserve Battery","Sunder+1","Ball Lightning","Electrodynamics","Coolheaded","Steam","Electrodynamics","Hologram","Compile Driver+1","Redo","Melter","Coolheaded+1","Gash","Ghostly","Ghostly+1","Ghostly","Ghostly","Ghostly","Turbo","Hyperbeam","Thunder Strike","Streamline","BootSequence","Streamline","Turbo","Ball Lightning","Gash","Barrage","Conserve Battery","Cold Snap+1","Compile Driver+1","Ball Lightning","Coolheaded","Steam"],"relics":["Cracked Core","Dream Catcher","Vajra","Oddly Smooth Stone","Letter Opener","Busted Crown","Du-Vu Doll","Ancient Tea Set","Nilry\u0027s Codex","Shuriken","Pen Nib","Blue Candle","Pandora\u0027s Box","GremlinMask","DataDisk","Torii"],"potions_floor_usage":[5,10,16,16,33,33,38,38],"damage_taken":[{"damage":0,"enemies":"Small Slimes","floor":1,"turns":2},{"damage":0,"enemies":"Cultist","floor":4,"turns":4},{"damage":1,"enemies":"2 Louse","floor":5,"turns":2},{"damage":28,"enemies":"Lagavulin","floor":6,"turns":12},{"damage":25,"enemies":"Gremlin Nob","floor":10,"turns":5},{"damage":0,"enemies":"Lagavulin","floor":12,"turns":8},{"damage":0,"enemies":"Exordium Thugs","floor":13,"turns":3},{"damage":0,"enemies":"Large Slime","floor":14,"turns":3},{"damage":27,"enemies":"Hexaghost","floor":16,"turns":14},{"damage":5,"enemies":"Spheric Guardian","floor":18,"turns":4},{"damage":6,"enemies":"Shell Parasite","floor":20,"turns":9},{"damage":7,"enemies":"Snake Plant","floor":21,"turns":5},{"damage":7,"enemies":"Slavers","floor":23,"turns":3},{"damage":0,"enemies":"Snecko","floor":24,"turns":4},{"damage":0,"enemies":"Gremlin Leader","floor":29,"turns":5},{"damage":0,"enemies":"Centurion and Healer","floor":30,"turns":4},{"damage":3,"enemies":"Slavers","floor":31,"turns":4},{"damage":26,"enemies":"Champ","floor":33,"turns":12},{"damage":0,"enemies":"3 Shapes","floor":35,"turns":4},{"damage":2,"enemies":"3 Darklings","floor":37,"turns":4},{"damage":0,"enemies":"Maw","floor":38,"turns":10},{"damage":59,"enemies":"Giant Head","floor":40,"turns":11}],"seed_played":"-8551188672660711676","potions_obtained":[{"floor":5,"key":"Fruit Juice"},{"floor":6,"key":"Energy Potion"},{"floor":10,"key":"Fruit Juice"},{"floor":14,"key":"SkillPotion"},{"floor":23,"key":"SneckoOil"},{"floor":30,"key":"PowerPotion"},{"floor":31,"key":"SpeedPotion"},{"floor":37,"key":"Block Potion"},{"floor":38,"key":"Dexterity Potion"}],"is_trial":false,"path_per_floor":["M","?","?","M","M","E","?","R","T","E","R","E","M","M","R","B",null,"M","?","M","M","?","E","M","?","T","R","?","E","M","E","R","B",null,"M","?","M","M","$"],"character_chosen":"DEFECT","items_purchased":["DataDisk","Torii","Coolheaded","Steam"],"campfire_rested":3,"item_purchase_floors":[39,39,39,39],"current_hp_per_floor":[89,89,71,71,75,47,47,75,75,55,55,55,55,55,84,57,99,94,94,88,81,81,74,74,58,58,87,49,49,49,46,46,20,49,49,49,47,49,49,0],"gold":50,"neow_bonus":"TWENTY_PERCENT_HP_BONUS","is_prod":false,"is_daily":false,"chose_seed":false,"campfire_upgraded":2,"win_rate":0,"timestamp":1537743707,"path_taken":["M","?","?","M","M","E","?","R","T","E","R","E","M","M","R","BOSS","M","?","M","M","?","E","M","?","T","R","?","E","?","E","R","BOSS","M","?","M","M","$","E"],"build_version":"2018-09-20","purchased_purges":0,"victory":false,"max_hp_per_floor":[89,89,89,89,94,94,94,94,94,99,99,99,99,99,99,99,99,99,99,99,99,99,99,99,99,99,99,49,49,49,49,49,49,49,49,49,49,49,49,49],"card_choices":[{"not_picked":["Doom and Gloom","Scrape"],"picked":"Steam","floor":1},{"not_picked":["Coolheaded","Double Energy"],"picked":"Glacier","floor":4},{"not_picked":["Barrage","Turbo"],"picked":"Chill","floor":5},{"not_picked":["Chaos","Turbo"],"picked":"Conserve Battery","floor":6},{"not_picked":["Fission","Rebound"],"picked":"Conserve Battery","floor":8},{"not_picked":["Steam","Turbo"],"picked":"Sunder","floor":10},{"not_picked":["Loop","Skim"],"picked":"Ball Lightning","floor":12},{"not_picked":["BootSequence","Rebound"],"picked":"Electrodynamics","floor":13},{"not_picked":["Scrape","Go for the Eyes"],"picked":"Coolheaded","floor":14},{"not_picked":["Barrage","Steam Power"],"picked":"Steam","floor":15},{"not_picked":["Amplify","All For One"],"picked":"Electrodynamics","floor":16},{"not_picked":[],"picked":"Hologram","floor":18},{"not_picked":[],"picked":"Compile Driver+1","floor":20},{"not_picked":[],"picked":"Redo","floor":21},{"not_picked":[],"picked":"Melter","floor":23},{"not_picked":[],"picked":"Coolheaded+1","floor":24},{"not_picked":[],"picked":"Gash","floor":27},{"not_picked":[],"picked":"Turbo","floor":29},{"not_picked":["Double Energy"],"picked":"SKIP","floor":30},{"not_picked":[],"picked":"Hyperbeam","floor":31},{"not_picked":[],"picked":"Thunder Strike","floor":33},{"not_picked":[],"picked":"Cold Snap+1","floor":35},{"not_picked":[],"picked":"Compile Driver+1","floor":37},{"not_picked":[],"picked":"Ball Lightning","floor":38}],"player_experience":562275,"relics_obtained":[{"floor":6,"key":"Dream Catcher"},{"floor":9,"key":"Vajra"},{"floor":10,"key":"Oddly Smooth Stone"},{"floor":12,"key":"Letter Opener"},{"floor":23,"key":"Ancient Tea Set"},{"floor":25,"key":"Nilry\u0027s Codex"},{"floor":26,"key":"Shuriken"},{"floor":29,"key":"Pen Nib"},{"floor":31,"key":"Blue Candle"}],"event_choices":[{"event_name":"Accursed Blacksmith","player_choice":"Forge","floor":2,"damage_taken":0},{"event_name":"Shining Light","player_choice":"Entered Light","floor":3,"damage_taken":0},{"event_name":"Fountain of Cleansing","player_choice":"Removed Curse","floor":7,"damage_taken":0},{"event_name":"Addict","player_choice":"Obtained Relic","floor":19,"damage_taken":0},{"event_name":"Back to Basics","player_choice":"Simplicity","floor":22,"damage_taken":0},{"event_name":"Cursed Tome","player_choice":"Obtained Book","floor":25,"damage_taken":0},{"event_name":"Ghosts","player_choice":"Became a Ghost","floor":28,"damage_taken":0},{"event_name":"FaceTrader","player_choice":"Trade","floor":36,"damage_taken":0}],"is_beta":false,"boss_relics":[{"not_picked":["Velvet Choker","Tiny House"],"picked":"Busted Crown"},{"not_picked":["Runic Dome","Coffee Dripper"],"picked":"Pandora\u0027s Box"}],"items_purged_floors":[],"is_endless":false,"potions_floor_spawned":[5,6,10,14,23,30,31,37,38],"killed_by":"Giant Head","ascension_level":4}