{"gold_per_floor":[115,128,303,303,193,227,240,240,240,256,295,295,315,358,358,358],"floor_reached":16,"playtime":6830,"items_purged":["Doubt"],"score":247,"play_id":"c66f10b0-e8b8-4328-b7f2-2aead62ccc62","local_time":"20190401174126","is_ascension_mode":true,"campfire_choices":[{"data":"Armaments","floor":12,"key":"SMITH"},{"floor":15,"key":"REST"}],"neow_cost":"NONE","seed_source_timestamp":1441983333317410,"circlet_count":0,"master_deck":["AscendersBane","Strike_R","Strike_R","Strike_R","Strike_R","Strike_R","Defend_R","Defend_R","Defend_R","Bash","Pommel Strike","Armaments+1","Feel No Pain","Metallicize","Dual Wield","Anger","Shockwave"],"relics":["Burning Blood","NeowsBlessing","Golden Idol","Bottled Lightning","Red Skull","Lantern","Dodecahedron"],"potions_floor_usage":[],"damage_taken":[{"damage":0,"enemies":"2 Louse","floor":1,"turns":2},{"damage":0,"enemies":"Small Slimes","floor":2,"turns":1},{"damage":0,"enemies":"Gremlin Nob","floor":6,"turns":1},{"damage":3,"enemies":"Jaw Worm","floor":7,"turns":5},{"damage":13,"enemies":"Red Slaver","floor":10,"turns":7},{"damage":26,"enemies":"3 Sentries","floor":11,"turns":10},{"damage":7,"enemies":"Large Slime","floor":13,"turns":7},{"damage":25,"enemies":"Gremlin Nob","floor":14,"turns":4},{"damage":38,"enemies":"Slime Boss","floor":16,"turns":8}],"seed_played":"-3941022505118221062","potions_obtained":[{"floor":6,"key":"SpeedPotion"},{"floor":10,"key":"Swift Potion"},{"floor":11,"key":"LiquidBronze"}],"is_trial":false,"path_per_floor":["?","?","?"],"character_chosen":"IRONCLAD","items_purchased":["Feel No Pain"],"campfire_rested":1,"item_purchase_floors":[5],"current_hp_per_floor":[74,75,75,57,57,63,66,59,59,52,32,32,31,12,34,0],"gold":358,"neow_bonus":"THREE_ENEMY_KILL","is_prod":false,"is_daily":false,"chose_seed":false,"campfire_upgraded":1,"win_rate":0,"timestamp":1554154886,"path_taken":["M","M","?","?","$","E","M","?","T","M","E","R","M","E","R","BOSS"],"build_version":"2019-01-23","purchased_purges":1,"victory":false,"max_hp_per_floor":[75,75,75,75,75,75,75,75,75,75,75,75,75,75,75,75],"card_choices":[{"not_picked":["True Grit","Hemokinesis"],"picked":"Pommel Strike","floor":1},{"not_picked":["Heavy Blade","Body Slam"],"picked":"Armaments","floor":2},{"not_picked":["Pummel","Pommel Strike"],"picked":"Metallicize","floor":6},{"not_picked":["Headbutt","Bloodletting"],"picked":"Dual Wield","floor":7},{"not_picked":["Clash","Bloodletting","Heavy Blade"],"picked":"SKIP","floor":10},{"not_picked":["Dual Wield","Sword Boomerang","Armaments"],"picked":"SKIP","floor":11},{"not_picked":["Havoc","Rampage"],"picked":"Anger","floor":13},{"not_picked":["Heavy Blade","Berserk"],"picked":"Shockwave","floor":14}],"player_experience":1376431,"relics_obtained":[{"floor":6,"key":"Bottled Lightning"},{"floor":9,"key":"Red Skull"},{"floor":11,"key":"Lantern"},{"floor":14,"key":"Dodecahedron"}],"event_choices":[{"damage_healed":0,"gold_gain":175,"player_choice":"AGREE","damage_taken":0,"max_hp_gain":0,"max_hp_loss":0,"event_name":"Liars Game","floor":3,"gold_loss":0,"cards_obtained":["Doubt"]},{"damage_healed":0,"gold_gain":0,"player_choice":"Take Damage","damage_taken":18,"relics_obtained":["Golden Idol"],"max_hp_gain":0,"max_hp_loss":0,"event_name":"Golden Idol","floor":4,"gold_loss":0},{"cards_removed":["Defend_R"],"damage_healed":0,"gold_gain":0,"player_choice":"Card Removal","damage_taken":7,"max_hp_gain":0,"max_hp_loss":0,"event_name":"Golden Wing","floor":8,"gold_loss":0}],"is_beta":false,"boss_relics":[],"items_purged_floors":[5],"is_endless":false,"potions_floor_spawned":[6,10,11,13,14],"killed_by":"Slime Boss","ascension_level":14}