{"gold_per_floor":[115,85,97,114,130,130,130,130,130,147,147,176,11,27,27,132,132,145,8,8,8,19,19,36,55,55,55,75,75,75],"floor_reached":30,"playtime":2445,"items_purged":[],"score":267,"play_id":"fd826157-059a-485c-befc-b6bed699b214","local_time":"20190411134231","is_ascension_mode":true,"campfire_choices":[{"floor":6,"key":"REST"},{"floor":8,"key":"REST"},{"floor":11,"key":"REST"},{"floor":15,"key":"REST"},{"data":"Infinite Blades","floor":23,"key":"SMITH"},{"data":"Infinite Blades","floor":27,"key":"SMITH"}],"neow_cost":"PERCENT_DAMAGE","seed_source_timestamp":68509978745300,"circlet_count":0,"master_deck":["Defend_G","Defend_G","Defend_G","Defend_G","Defend_G","Strike_G","Strike_G","Strike_G","Strike_G","Strike_G","Survivor","Neutralize","Cloak And Dagger","Acrobatics","Terror","Concentrate","PiercingWail+1","Infinite Blades+1","After Image+1","Slice","A Thousand Cuts","Adrenaline+1","Writhe","Normality","Regret","Deflect+1","Blind+1","PiercingWail+1","Infinite Blades+1","Accuracy","Dodge and Roll+1","Shame"],"relics":["Ring of the Snake","Incense Burner","Toxic Egg 2","Question Card","Calling Bell","Strawberry","Meat on the Bone","Gambling Chip","Ninja Scroll","Dodecahedron"],"potions_floor_usage":[5,10,12,14,14,18,22,28],"damage_taken":[{"damage":3,"enemies":"Jaw Worm","floor":1,"turns":6},{"damage":0,"enemies":"Cultist","floor":3,"turns":4},{"damage":1,"enemies":"Small Slimes","floor":4,"turns":3},{"damage":29,"enemies":"Gremlin Gang","floor":5,"turns":5},{"damage":10,"enemies":"Exordium Wildlife","floor":10,"turns":6},{"damage":32,"enemies":"Lagavulin","floor":12,"turns":8},{"damage":0,"enemies":"Exordium Thugs","floor":14,"turns":6},{"damage":16,"enemies":"Hexaghost","floor":16,"turns":11},{"damage":34,"enemies":"Chosen","floor":18,"turns":7},{"damage":8,"enemies":"3 Byrds","floor":22,"turns":8},{"damage":16,"enemies":"Shelled Parasite and Fungi","floor":24,"turns":8},{"damage":18,"enemies":"Snake Plant","floor":25,"turns":8},{"damage":30,"enemies":"3 Cultists","floor":28,"turns":7},{"damage":27,"enemies":"Gremlin Leader","floor":30,"turns":6}],"seed_played":"903770840368282433","potions_obtained":[{"floor":2,"key":"PowerPotion"},{"floor":2,"key":"Ancient Potion"},{"floor":5,"key":"PowerPotion"},{"floor":7,"key":"SpeedPotion"},{"floor":7,"key":"SteroidPotion"},{"floor":12,"key":"SteroidPotion"},{"floor":16,"key":"AttackPotion"},{"floor":18,"key":"Dexterity Potion"},{"floor":22,"key":"FearPotion"}],"is_trial":false,"path_per_floor":["M","?","M","M","M","R","?","R","T","M","R","E","$","M","R","B",null,"M","$","?","$","M","R","M","M","T","R","M","?","E"],"character_chosen":"THE_SILENT","items_purchased":["After Image","Slice","Blind+1","PiercingWail+1"],"campfire_rested":4,"item_purchase_floors":[13,13,19,19],"current_hp_per_floor":[46,46,46,45,16,37,37,58,58,48,69,37,37,37,58,42,77,43,43,43,43,47,47,43,37,37,37,19,19,0],"gold":75,"neow_bonus":"ONE_RARE_RELIC","is_prod":false,"is_daily":false,"chose_seed":false,"campfire_upgraded":2,"win_rate":0,"timestamp":1555004551,"path_taken":["M","?","M","?","M","R","?","R","T","?","R","E","$","M","R","BOSS","M","$","?","?","?","R","?","M","T","R","M","?","E"],"build_version":"2019-01-23","purchased_purges":0,"victory":false,"max_hp_per_floor":[70,70,70,70,70,70,70,70,70,70,70,70,70,70,70,70,77,77,77,77,77,77,77,77,77,77,77,77,77,77],"card_choices":[{"not_picked":["Acrobatics","Bane"],"picked":"Cloak And Dagger","floor":1},{"not_picked":["Poisoned Stab","Endless Agony"],"picked":"Acrobatics","floor":3},{"not_picked":["Endless Agony","Deflect"],"picked":"Terror","floor":4},{"not_picked":["Tactician","Flechettes"],"picked":"Concentrate","floor":5},{"not_picked":["Setup+1","Slice"],"picked":"PiercingWail+1","floor":10},{"not_picked":["Dodge and Roll+1","Blade Dance+1"],"picked":"Infinite Blades","floor":12},{"not_picked":["Sucker Punch","Deadly Poison+1","Dodge and Roll+1"],"picked":"A Thousand Cuts","floor":14},{"not_picked":["Grand Finale","Burst+1","Venomology+1"],"picked":"Adrenaline+1","floor":16},{"not_picked":["Quick Slash","Caltrops+1","Concentrate+1"],"picked":"Deflect+1","floor":18},{"not_picked":["Sucker Punch+1","Slice","Deadly Poison+1"],"picked":"Infinite Blades","floor":22},{"not_picked":["Catalyst+1","Bouncing Flask+1","Outmaneuver+1"],"picked":"Accuracy","floor":24},{"not_picked":["Masterful Stab","Quick Slash+1","Dagger Throw","Sucker Punch+1"],"picked":"SKIP","floor":25},{"not_picked":["Heel Hook","Deflect+1","Outmaneuver+1"],"picked":"Dodge and Roll+1","floor":28}],"player_experience":154619,"relics_obtained":[{"floor":9,"key":"Toxic Egg 2"},{"floor":12,"key":"Question Card"},{"floor":17,"key":"Strawberry"},{"floor":17,"key":"Meat on the Bone"},{"floor":17,"key":"Gambling Chip"},{"floor":26,"key":"Ninja Scroll"}],"event_choices":[{"damage_healed":0,"gold_gain":0,"player_choice":"Bought 2 Potions","damage_taken":0,"max_hp_gain":0,"max_hp_loss":0,"event_name":"The Woman in Blue","floor":2,"gold_loss":0},{"damage_healed":0,"gold_gain":0,"player_choice":"Got Potions","damage_taken":0,"max_hp_gain":0,"max_hp_loss":0,"event_name":"Lab","floor":7,"gold_loss":0},{"damage_healed":0,"gold_gain":0,"player_choice":"Forge","damage_taken":0,"max_hp_gain":0,"max_hp_loss":0,"event_name":"Accursed Blacksmith","floor":20,"gold_loss":0,"cards_upgraded":["After Image"]},{"damage_healed":0,"gold_gain":0,"player_choice":"Stole Relic","damage_taken":0,"relics_obtained":["Dodecahedron"],"max_hp_gain":0,"max_hp_loss":0,"event_name":"Addict","floor":29,"gold_loss":0,"cards_obtained":["Shame"]}],"is_beta":false,"boss_relics":[{"not_picked":["Velvet Choker","White Beast Statue"],"picked":"Calling Bell"}],"items_purged_floors":[],"is_endless":false,"potions_floor_spawned":[5,12,16,18,22],"killed_by":"Gremlin Leader","ascension_level":3}