{"gold_per_floor":[115,115,115,140,10,10,10,53,78,78,98,112,12,48,48,139,139,157,79,204,204],"floor_reached":21,"playtime":624,"items_purged":["Strike_B","Strike_B"],"score":370,"play_id":"d33405b0-1a92-46e9-86c4-93c7796b72a3","local_time":"20190304022225","is_ascension_mode":true,"campfire_choices":[{"data":"Zap","floor":6,"key":"SMITH"},{"data":"Genetic Algorithm","floor":10,"key":"SMITH"},{"data":"Biased Cognition","floor":15,"key":"SMITH"}],"neow_cost":"NONE","seed_source_timestamp":2842785347755642,"circlet_count":0,"master_deck":["AscendersBane","Strike_B","Strike_B","Defend_B","Defend_B","Defend_B","Defend_B","Zap+1","Dualcast","Thunder Strike","Genetic Algorithm+1","Ball Lightning","Beam Cell","Cold Snap","Biased Cognition+1","Thunder Strike","Capacitor","Conserve Battery+1"],"special_seed":0,"relics":["Cracked Core","Golden Idol","Pear","DataDisk","PreservedInsect","Vajra","Philosopher\u0027s Stone","Unceasing Top","Question Card"],"potions_floor_usage":[8,20,20],"damage_taken":[{"damage":2,"enemies":"2 Louse","floor":1,"turns":2},{"damage":14,"enemies":"Jaw Worm","floor":4,"turns":4},{"damage":29,"enemies":"Gremlin Nob","floor":8,"turns":4},{"damage":0,"enemies":"Cultist","floor":11,"turns":3},{"damage":1,"enemies":"Red Slaver","floor":12,"turns":2},{"damage":1,"enemies":"Lagavulin","floor":14,"turns":5},{"damage":19,"enemies":"Slime Boss","floor":16,"turns":8},{"damage":0,"enemies":"Chosen","floor":18,"turns":3},{"damage":29,"enemies":"Colosseum Slavers","floor":20,"turns":4},{"damage":22,"enemies":"Colosseum Nobs","floor":20,"turns":3},{"damage":0,"enemies":"3 Byrds","floor":21,"turns":2}],"seed_played":"-17057013024893720","potions_obtained":[{"floor":1,"key":"Weak Potion"},{"floor":8,"key":"Explosive Potion"}],"is_trial":false,"path_per_floor":["M","?","?","M","$","R","T","E","T","R","M","M","$","E","R","B",null,"M","$","?","M"],"character_chosen":"DEFECT","items_purchased":["PowerPotion","Capacitor"],"campfire_rested":0,"item_purchase_floors":[5,19],"current_hp_per_floor":[62,67,67,53,53,53,63,34,34,34,34,33,33,32,32,13,63,63,63,12,12],"gold":204,"neow_bonus":"ONE_RANDOM_RARE_CARD","is_prod":false,"is_daily":false,"chose_seed":false,"campfire_upgraded":3,"win_rate":0,"timestamp":1551694945,"path_taken":["M","?","?","M","?","R","?","E","T","R","?","M","?","E","R","BOSS","M","$","?","M"],"build_version":"2019-02-06","purchased_purges":2,"victory":false,"max_hp_per_floor":[71,76,69,69,69,69,79,79,79,79,79,79,79,79,79,79,79,79,79,79,79],"card_choices":[{"not_picked":["Cold Snap","Beam Cell"],"picked":"Genetic Algorithm","floor":1},{"not_picked":["Rip and Tear","Double Energy"],"picked":"Ball Lightning","floor":4},{"not_picked":["Go for the Eyes","Heatsinks","Gash"],"picked":"SKIP","floor":8},{"not_picked":["Melter","BootSequence"],"picked":"Beam Cell","floor":11},{"not_picked":["Beam Cell","Sweeping Beam"],"picked":"Cold Snap","floor":12},{"not_picked":["Genetic Algorithm","Beam Cell"],"picked":"Biased Cognition","floor":14},{"not_picked":["Buffer","Machine Learning"],"picked":"Thunder Strike","floor":16},{"not_picked":["Leap","Rebound","Doom and Gloom+1"],"picked":"SKIP","floor":18},{"not_picked":["Capacitor","Barrage"],"picked":"Conserve Battery+1","floor":20}],"player_experience":1309185,"relics_obtained":[{"floor":7,"key":"Pear"},{"floor":8,"key":"DataDisk"},{"floor":9,"key":"PreservedInsect"},{"floor":14,"key":"Vajra"},{"floor":20,"key":"Unceasing Top"},{"floor":20,"key":"Question Card"}],"event_choices":[{"damage_healed":0,"gold_gain":0,"player_choice":"Donut","damage_taken":0,"max_hp_gain":5,"max_hp_loss":0,"event_name":"Big Fish","floor":2,"gold_loss":0},{"damage_healed":0,"gold_gain":0,"player_choice":"Lose Max HP","damage_taken":0,"relics_obtained":["Golden Idol"],"max_hp_gain":0,"max_hp_loss":7,"event_name":"Golden Idol","floor":3,"gold_loss":0},{"damage_healed":0,"gold_gain":0,"player_choice":"Fight","damage_taken":0,"max_hp_gain":0,"max_hp_loss":0,"event_name":"Colosseum","floor":20,"gold_loss":0},{"damage_healed":0,"gold_gain":0,"player_choice":"Fought Nobs","damage_taken":0,"max_hp_gain":0,"max_hp_loss":0,"event_name":"Colosseum","floor":20,"gold_loss":0}],"is_beta":true,"boss_relics":[{"not_picked":["Runic Pyramid","Empty Cage"],"picked":"Philosopher\u0027s Stone"}],"items_purged_floors":[5,13],"is_endless":false,"potions_floor_spawned":[1,8,12,16],"killed_by":"3 Byrds","ascension_level":20}