{"gold_per_floor":[112,112,187,187,56,56,94,94,94,39,39,39,58,82,82,178,178,194,218,231,246,246,246,259,259,259,259,272,288,288,308,308,401,401,422,422,355,225,240,240,240,275,300,300,315,315,346,365,365,365,365,365,365,12,46,46],"floor_reached":56,"playtime":1771,"items_purged":["Strike_R","Strike_R"],"score":1935,"play_id":"f8acfcb1-dd43-461b-8d42-f45d75e9ba93","local_time":"20190221012051","is_ascension_mode":true,"campfire_choices":[{"data":"Searing Blow+1","floor":6.0,"key":"SMITH"},{"data":"Searing Blow+2","floor":8.0,"key":"SMITH"},{"data":"Searing Blow+3","floor":11.0,"key":"SMITH"},{"data":"Searing Blow+4","floor":15.0,"key":"SMITH"},{"data":"Searing Blow+5","floor":23.0,"key":"SMITH"},{"data":"Searing Blow+6","floor":25.0,"key":"SMITH"},{"data":"Searing Blow+7","floor":27.0,"key":"SMITH"},{"data":"Searing Blow+8","floor":30.0,"key":"SMITH"},{"data":"Searing Blow+9","floor":32.0,"key":"SMITH"},{"data":"Searing Blow+10","floor":40.0,"key":"SMITH"},{"data":"Searing Blow+12","floor":44.0,"key":"SMITH"},{"data":"Searing Blow+13","floor":46.0,"key":"SMITH"},{"floor":49.0,"key":"RECALL"},{"data":"Searing Blow+14","floor":53.0,"key":"SMITH"}],"neow_cost":"NONE","seed_source_timestamp":2172871648134227,"circlet_count":0,"master_deck":["AscendersBane","Strike_R","Strike_R","Strike_R","Defend_R","Defend_R","Defend_R","Defend_R","Bash","Searing Blow+15","Offering","Armaments","Headbutt","Armaments+1","True Grit","Bludgeon","Headbutt","Offering","Searing Blow+15","Flame Barrier"],"special_seed":0,"relics":["Burning Blood","Golden Idol","Ornamental Fan","Bag of Marbles","Singing Bowl","Philosopher\u0027s Stone","Runic Pyramid","Oddly Smooth Stone","Art of War","Bronze Scales","Champion Belt","DollysMirror","Happy Flower"],"potions_floor_usage":[56,56],"damage_taken":[{"damage":7.0,"enemies":"Small Slimes","floor":1.0,"turns":4.0},{"damage":44.0,"enemies":"3 Sentries","floor":7.0,"turns":10.0},{"damage":7.0,"enemies":"Jaw Worm","floor":13.0,"turns":3.0},{"damage":2.0,"enemies":"2 Louse","floor":14.0,"turns":3.0},{"damage":9.0,"enemies":"The Guardian","floor":16.0,"turns":9.0},{"damage":27.0,"enemies":"3 Byrds","floor":18.0,"turns":7.0},{"damage":0.0,"enemies":"Spheric Guardian","floor":19.0,"turns":2.0},{"damage":6.0,"enemies":"Centurion and Healer","floor":20.0,"turns":3.0},{"damage":12.0,"enemies":"Snecko","floor":21.0,"turns":3.0},{"damage":10.0,"enemies":"3 Cultists","floor":24.0,"turns":3.0},{"damage":23.0,"enemies":"Chosen and Byrds","floor":28.0,"turns":4.0},{"damage":6.0,"enemies":"Sentry and Sphere","floor":29.0,"turns":3.0},{"damage":0.0,"enemies":"Centurion and Healer","floor":31.0,"turns":4.0},{"damage":66.0,"enemies":"Automaton","floor":33.0,"turns":5.0},{"damage":0.0,"enemies":"Orb Walker","floor":35.0,"turns":3.0},{"damage":32.0,"enemies":"3 Darklings","floor":39.0,"turns":8.0},{"damage":6.0,"enemies":"Reptomancer","floor":42.0,"turns":2.0},{"damage":6.0,"enemies":"Transient","floor":45.0,"turns":6.0},{"damage":18.0,"enemies":"Giant Head","floor":47.0,"turns":4.0},{"damage":6.0,"enemies":"Spire Growth","floor":48.0,"turns":2.0},{"damage":7.0,"enemies":"Donu and Deca","floor":50.0,"turns":4.0},{"damage":14.0,"enemies":"Time Eater","floor":51.0,"turns":2.0},{"damage":0.0,"enemies":"Shield and Spear","floor":55.0,"turns":2.0},{"damage":116,"enemies":"The Heart","floor":56,"turns":3}],"seed_played":"-738884304624328100","potions_obtained":[{"floor":13.0,"key":"Weak Potion"},{"floor":16.0,"key":"Block Potion"},{"floor":18.0,"key":"GamblersBrew"},{"floor":28.0,"key":"Regen Potion"},{"floor":31.0,"key":"GamblersBrew"},{"floor":39.0,"key":"Poison Potion"},{"floor":47.0,"key":"SkillPotion"}],"is_trial":false,"path_per_floor":["M","?","?","?","$","R","E","R","T","$","R","T","M","M","R","B",null,"M","M","M","M","?","R","M","R","T","R","M","M","R","M","R","B",null,"M","?","?","$","M","R","?","E","T","R","M","R","E","M","R","B","B",null,"R","$","E","B"],"character_chosen":"IRONCLAD","items_purchased":["PowerPotion","Dexterity Potion","Headbutt","DollysMirror","Energy Potion","Flame Barrier"],"campfire_rested":0,"item_purchase_floors":[5,10,38,54,54,54],"current_hp_per_floor":[67,67,56,56,56,56,18,18,18,18,18,18,19,23,23,20,58,37,43,45,41,84,84,80,80,80,80,65,67,67,75,75,15,71,79,79,79,79,55,55,55,57,57,57,59,59,47,49,49,48,40,81,81,81,89,0],"gold":46,"neow_bonus":"THREE_CARDS","is_prod":false,"is_daily":false,"chose_seed":false,"campfire_upgraded":13,"win_rate":0,"timestamp":1550740851,"path_taken":["M","?","?","?","?","R","E","R","T","$","R","?","M","M","R","BOSS","M","M","M","M","?","R","?","R","T","R","M","M","R","M","R","BOSS","M","?","?","$","?","R","?","E","T","R","?","R","E","M","R","BOSS","BOSS","R","$","E","BOSS"],"build_version":"2019-02-06","purchased_purges":2,"victory":false,"max_hp_per_floor":[75,75,75,68,68,68,68,68,68,68,68,68,70,70,70,70,70,70,70,72,74,84,84,84,84,84,84,86,88,88,90,90,90,90,92,87,87,87,89,89,89,91,91,91,93,93,93,95,95,95,95,95,95,95,97,97],"card_choices":[{"not_picked":["Cleave","Metallicize"],"picked":"Searing Blow","floor":0.0},{"not_picked":["Anger","Sentinel","Heavy Blade"],"picked":"SKIP","floor":1.0},{"not_picked":["Seeing Red","Wild Strike"],"picked":"Offering","floor":7.0},{"not_picked":["Flame Barrier","Heavy Blade","Seeing Red"],"picked":"Singing Bowl","floor":13.0},{"not_picked":["Carnage","Ghostly Armor"],"picked":"Armaments","floor":14.0},{"not_picked":["Juggernaut","Limit Break"],"picked":"Bludgeon","floor":16.0},{"not_picked":["Cleave","Iron Wave"],"picked":"Headbutt","floor":18.0},{"not_picked":["Wild Strike","Combust"],"picked":"Armaments+1","floor":19.0},{"not_picked":["Dual Wield","Heavy Blade","Havoc"],"picked":"Singing Bowl","floor":20.0},{"not_picked":["Cleave+1","Iron Wave","Rampage+1"],"picked":"Singing Bowl","floor":21.0},{"not_picked":["Rampage","Cleave"],"picked":"True Grit","floor":24.0},{"not_picked":["Anger","Evolve","Clash"],"picked":"Singing Bowl","floor":28.0},{"not_picked":["Perfected Strike","Twin Strike","Sever Soul"],"picked":"Singing Bowl","floor":29.0},{"not_picked":["Flame Barrier","Rampage","Bloodletting"],"picked":"Singing Bowl","floor":31.0},{"not_picked":["Feed","Reaper"],"picked":"Bludgeon","floor":33.0},{"not_picked":["Iron Wave","Clash","Rupture"],"picked":"Singing Bowl","floor":35.0},{"not_picked":["Iron Wave","Perfected Strike","Thunderclap"],"picked":"Singing Bowl","floor":39.0},{"not_picked":["Heavy Blade","Pommel Strike","Carnage"],"picked":"Singing Bowl","floor":42.0},{"not_picked":["Sever Soul","Infernal Blade","Twin Strike"],"picked":"Singing Bowl","floor":45.0},{"not_picked":["Cleave","Bloodletting+1"],"picked":"Offering","floor":47.0},{"not_picked":["Heavy Blade+1","Twin Strike","Havoc+1"],"picked":"Singing Bowl","floor":48.0},{"not_picked":["Carnage","Warcry","Pommel Strike+1"],"picked":"Singing Bowl","floor":55.0}],"player_experience":1216970,"relics_obtained":[{"floor":7.0,"key":"Ornamental Fan"},{"floor":9.0,"key":"Bag of Marbles"},{"floor":12.0,"key":"Singing Bowl"},{"floor":42.0,"key":"Art of War"},{"floor":43.0,"key":"Bronze Scales"},{"floor":47.0,"key":"Champion Belt"},{"floor":55.0,"key":"Happy Flower"}],"event_choices":[{"damage_healed":0.0,"max_hp_gain":0.0,"max_hp_loss":0.0,"gold_gain":0.0,"event_name":"Living Wall","player_choice":"Grow","floor":2.0,"gold_loss":0.0,"damage_taken":0.0,"cards_upgraded":["Searing Blow"]},{"damage_healed":0.0,"max_hp_gain":0.0,"max_hp_loss":0.0,"gold_gain":75.0,"event_name":"World of Goop","player_choice":"Gather Gold","floor":3.0,"gold_loss":0.0,"damage_taken":11.0},{"damage_healed":0.0,"max_hp_gain":0.0,"max_hp_loss":7.0,"gold_gain":0.0,"event_name":"Golden Idol","player_choice":"Lose Max HP","floor":4.0,"gold_loss":0.0,"damage_taken":0.0,"relics_obtained":["Golden Idol"]},{"cards_removed":["Bludgeon"],"damage_healed":33.0,"max_hp_gain":10.0,"max_hp_loss":0.0,"gold_gain":0.0,"event_name":"Bonfire Elementals","player_choice":"Offered Rare","floor":22.0,"gold_loss":0.0,"damage_taken":0.0},{"damage_healed":0.0,"max_hp_gain":0.0,"max_hp_loss":5.0,"gold_gain":0.0,"event_name":"Winding Halls","player_choice":"Max HP","floor":36.0,"gold_loss":0.0,"damage_taken":0.0},{"damage_healed":0.0,"max_hp_gain":0.0,"max_hp_loss":0.0,"gold_gain":0.0,"event_name":"WeMeetAgain","player_choice":"Paid Gold","floor":37.0,"gold_loss":67.0,"damage_taken":0.0,"relics_obtained":["Oddly Smooth Stone"]},{"damage_healed":0.0,"max_hp_gain":0.0,"max_hp_loss":0.0,"gold_gain":0.0,"event_name":"Upgrade Shrine","player_choice":"Upgraded","floor":41.0,"gold_loss":0.0,"damage_taken":0.0,"cards_upgraded":["Searing Blow"]}],"is_beta":true,"boss_relics":[{"not_picked":["Black Blood","Eternal Feather"],"picked":"Philosopher\u0027s Stone"},{"not_picked":["White Beast Statue","Sozu"],"picked":"Runic Pyramid"}],"items_purged_floors":[5,38],"is_endless":false,"potions_floor_spawned":[13,16,18,21,28,31,33,35,39,47],"killed_by":"The Heart","ascension_level":20}