{"gold_per_floor":[109,34,34,54,74,74,109,125,148,178,190,204,235,247,247,344,344,344,269,219,159,159,159,159,159,159,74,74,48,48,22,22,22],"floor_reached":33,"playtime":1917,"items_purged":["Strike_B"],"score":292,"play_id":"b0d1fb19-97a5-402f-b232-7b3e6138e7a0","local_time":"20190418184152","is_ascension_mode":false,"campfire_choices":[{"data":"Forethought","floor":6,"key":"SMITH"},{"floor":15,"key":"REST"},{"floor":23,"key":"REST"},{"floor":25,"key":"REST"},{"data":"Echo Form","floor":30,"key":"SMITH"},{"data":"Capacitor","floor":32,"key":"SMITH"}],"neow_cost":"NONE","seed_source_timestamp":193279370114392,"circlet_count":0,"master_deck":["Strike_B","Strike_B","Defend_B","Defend_B","Defend_B","Defend_B","Zap","Dualcast","Forethought+1","Aggregate","Ball Lightning","Lockon","Conserve Battery","Sweeping Beam","Tempest","Hologram","Ball Lightning","Hyperbeam","Echo Form+1","Capacitor+1","Ball Lightning","FTL+1","Ball Lightning+1","Steam","Sweeping Beam+1"],"relics":["CultistMask","Bronze Scales","Blood Vial","Lantern","Oddly Smooth Stone","Ectoplasm","Nloth\u0027s Gift","Molten Egg 2"],"potions_floor_usage":[13,13],"damage_taken":[{"damage":1,"enemies":"2 Louse","floor":1,"turns":3},{"damage":1,"enemies":"Cultist","floor":4,"turns":4},{"damage":1,"enemies":"Jaw Worm","floor":5,"turns":3},{"damage":11,"enemies":"Lagavulin","floor":7,"turns":7},{"damage":10,"enemies":"Lots of Slimes","floor":8,"turns":3},{"damage":16,"enemies":"Gremlin Nob","floor":10,"turns":3},{"damage":7,"enemies":"Blue Slaver","floor":11,"turns":3},{"damage":11,"enemies":"Exordium Thugs","floor":12,"turns":4},{"damage":16,"enemies":"3 Sentries","floor":13,"turns":5},{"damage":0,"enemies":"Looter","floor":14,"turns":3},{"damage":40,"enemies":"The Guardian","floor":16,"turns":8},{"damage":4,"enemies":"Spheric Guardian","floor":18,"turns":3},{"damage":28,"enemies":"2 Thieves","floor":21,"turns":3},{"damage":24,"enemies":"Centurion and Healer","floor":24,"turns":5},{"damage":0,"enemies":"3 Cultists","floor":28,"turns":3},{"damage":100,"enemies":"Automaton","floor":33,"turns":6}],"seed_played":"4044435930971281355","potions_obtained":[{"floor":4,"key":"Regen Potion"},{"floor":7,"key":"Strength Potion"},{"floor":8,"key":"Explosive Potion"},{"floor":12,"key":"EssenceOfSteel"},{"floor":13,"key":"Ancient Potion"},{"floor":18,"key":"SmokeBomb"}],"is_trial":false,"path_per_floor":["M","$","?","M","M","R","E","M","T","E","M","M","E","M","R","B",null,"M","?","?","M","?","R","M","R","T","$","M","$","R","$","R","B"],"character_chosen":"DEFECT","items_purchased":["FTL+1","Ball Lightning+1","Steam","Sweeping Beam+1"],"campfire_rested":3,"item_purchase_floors":[27,27,29,31],"current_hp_per_floor":[74,74,74,73,72,72,61,51,51,37,32,23,23,25,47,9,75,71,71,71,45,45,67,45,67,67,67,69,69,69,69,69,0],"gold":22,"neow_bonus":"RANDOM_COLORLESS","is_prod":false,"is_daily":false,"chose_seed":false,"campfire_upgraded":3,"win_rate":0.0,"timestamp":1555593112,"path_taken":["M","$","?","M","M","R","E","M","T","E","M","?","E","M","R","BOSS","M","?","?","?","?","R","M","R","T","?","M","$","R","$","R","BOSS"],"build_version":"2019-01-23","purchased_purges":1,"victory":false,"max_hp_per_floor":[75,75,75,75,75,75,75,75,75,75,75,75,75,75,75,75,75,75,75,75,75,75,75,75,75,75,75,75,75,75,75,75,75],"card_choices":[{"not_picked":["Sweeping Beam","Skim"],"picked":"Aggregate","floor":1},{"not_picked":["Doom and Gloom","Streamline"],"picked":"Ball Lightning","floor":4},{"not_picked":["Aggregate","Turbo"],"picked":"Lockon","floor":5},{"not_picked":["Cold Snap","Steam"],"picked":"Conserve Battery","floor":7},{"not_picked":["Auto Shields","Chill"],"picked":"Sweeping Beam","floor":8},{"not_picked":["Storm","Rebound"],"picked":"Tempest","floor":10},{"not_picked":["Conserve Battery","Turbo"],"picked":"Hologram","floor":11},{"not_picked":["Gash","Streamline"],"picked":"Ball Lightning","floor":12},{"not_picked":["Ball Lightning","Blizzard"],"picked":"Hyperbeam","floor":13},{"not_picked":["Hello World","Stack","Static Discharge"],"picked":"SKIP","floor":14},{"not_picked":["Core Surge","Seek"],"picked":"Echo Form","floor":16},{"not_picked":["Cold Snap+1","Sweeping Beam"],"picked":"Capacitor","floor":18},{"not_picked":["Scrape","Conserve Battery","Turbo"],"picked":"SKIP","floor":21},{"not_picked":["Coolheaded","Darkness"],"picked":"Ball Lightning","floor":24},{"not_picked":["Redo","Double Energy","Undo"],"picked":"SKIP","floor":28}],"player_experience":49566,"relics_obtained":[{"floor":7,"key":"Bronze Scales"},{"floor":9,"key":"Blood Vial"},{"floor":10,"key":"Lantern"},{"floor":13,"key":"Oddly Smooth Stone"},{"floor":26,"key":"Molten Egg 2"}],"event_choices":[{"damage_healed":0,"gold_gain":0,"player_choice":"Trade","damage_taken":0,"relics_obtained":["CultistMask"],"max_hp_gain":0,"max_hp_loss":0,"event_name":"FaceTrader","floor":3,"gold_loss":0},{"cards_removed":["Strike_B"],"damage_healed":0,"gold_gain":0,"player_choice":"Gave Gold","damage_taken":0,"max_hp_gain":0,"max_hp_loss":0,"event_name":"Beggar","floor":19,"gold_loss":75},{"damage_healed":0,"gold_gain":100,"player_choice":"Bet on Murderer","damage_taken":0,"max_hp_gain":0,"max_hp_loss":0,"event_name":"The Joust","floor":20,"gold_loss":50},{"damage_healed":0,"gold_gain":0,"player_choice":"Traded Relic","damage_taken":0,"relics_obtained":["Nloth\u0027s Gift"],"max_hp_gain":0,"max_hp_loss":0,"event_name":"N\u0027loth","floor":22,"relics_lost":["Cracked Core"],"gold_loss":0}],"is_beta":false,"boss_relics":[{"not_picked":["Velvet Choker","Lizard Tail"],"picked":"Ectoplasm"}],"items_purged_floors":[2],"is_endless":false,"potions_floor_spawned":[4,7,8,12,13,14,18,28],"killed_by":"Automaton","ascension_level":0}