{"gold_per_floor":[369,3,23,34,46,46,74,74,74,74,107,107,124,124,124,199,199,212,186,186,94,19,19,29,29,99,99,134,5,36,53,53,124,124,144,157,173,173,183,213,73,105,182,192,192],"floor_reached":45,"playtime":2417,"items_purged":["Strike_B","Decay"],"score":1271,"play_id":"47591396-7101-4ef2-bde0-6abf5cb66655","local_time":"20190414011120","is_ascension_mode":true,"campfire_choices":[{"data":"Zap","floor":6.0,"key":"SMITH"},{"data":"Static Discharge","floor":10.0,"key":"SMITH"},{"floor":12.0,"key":"REST"},{"data":"Consume","floor":15.0,"key":"SMITH"},{"data":"Defragment","floor":23.0,"key":"SMITH"},{"floor":25.0,"key":"REST"},{"data":"Blizzard","floor":27.0,"key":"SMITH"},{"floor":32.0,"key":"REST"}],"neow_cost":"TEN_PERCENT_HP_LOSS","seed_source_timestamp":947466664868,"circlet_count":0,"master_deck":["AscendersBane","Defend_B","Defend_B","Defend_B","Zap+1","Dualcast+1","Coolheaded","Cold Snap","Sweeping Beam+1","Conserve Battery+1","Static Discharge+1","Blizzard+1","Consume+1","Conserve Battery","Chill","Buffer","Capacitor","Coolheaded","Defragment+1","Glacier","Glacier+1","Fission+1","Echo Form","Coolheaded+1","Blizzard","Coolheaded+1","Chill+1","Coolheaded+1","Self Repair","Normality"],"special_seed":0,"relics":["Cracked Core","Prayer Wheel","Smiling Mask","Letter Opener","War Paint","Whetstone","Cursed Key","Toxic Egg 2","Matryoshka","Singing Bowl","Empty Cage","Dream Catcher","Mercury Hourglass","Darkstone Periapt","Dodecahedron"],"potions_floor_usage":[36],"damage_taken":[{"damage":1.0,"enemies":"Cultist","floor":1.0,"turns":4.0},{"damage":3.0,"enemies":"Small Slimes","floor":3.0,"turns":3.0},{"damage":0.0,"enemies":"2 Louse","floor":4.0,"turns":2.0},{"damage":5.0,"enemies":"Exordium Thugs","floor":5.0,"turns":7.0},{"damage":20.0,"enemies":"3 Sentries","floor":7.0,"turns":6.0},{"damage":21.0,"enemies":"Lagavulin","floor":11.0,"turns":6.0},{"damage":7.0,"enemies":"2 Fungi Beasts","floor":13.0,"turns":2.0},{"damage":6.0,"enemies":"The Guardian","floor":16.0,"turns":13.0},{"damage":8.0,"enemies":"Shell Parasite","floor":18.0,"turns":7.0},{"damage":15.0,"enemies":"2 Thieves","floor":19.0,"turns":4.0},{"damage":10.0,"enemies":"3 Cultists","floor":24.0,"turns":4.0},{"damage":1.0,"enemies":"Book of Stabbing","floor":28.0,"turns":8.0},{"damage":13.0,"enemies":"Slavers","floor":30.0,"turns":5.0},{"damage":0.0,"enemies":"Snake Plant","floor":31.0,"turns":6.0},{"damage":0.0,"enemies":"Automaton","floor":33.0,"turns":15.0},{"damage":11.0,"enemies":"Orb Walker","floor":35.0,"turns":5.0},{"damage":11,"enemies":"3 Darklings","floor":36,"turns":5},{"damage":9,"enemies":"Spire Growth","floor":37,"turns":7},{"damage":8,"enemies":"Writhing Mass","floor":39,"turns":9},{"damage":0,"enemies":"Nemesis","floor":40,"turns":23},{"damage":14,"enemies":"Reptomancer","floor":42,"turns":6},{"damage":7,"enemies":"Transient","floor":44,"turns":6},{"damage":17,"enemies":"Nemesis","floor":45,"turns":4}],"seed_played":"2285437130708206802","potions_obtained":[{"floor":3.0,"key":"EssenceOfSteel"},{"floor":4.0,"key":"GamblersBrew"},{"floor":7.0,"key":"Block Potion"},{"floor":16.0,"key":"Ancient Potion"},{"floor":24.0,"key":"PowerPotion"},{"floor":31.0,"key":"AttackPotion"},{"floor":36,"key":"Swift Potion"},{"floor":37,"key":"PowerPotion"}],"is_trial":false,"path_per_floor":["M","$","M","M","M","R","E","?","T","R","E","R","M","?","R","B",null,"M","M","?","$","?","R","M","R","T","R","E","$","E","M","R","B",null,"M","M","M","?","M","E","$","E","T","M","E"],"character_chosen":"DEFECT","items_purchased":["Prayer Wheel","Cold Snap","Defragment","FocusPotion","Coolheaded+1","Self Repair"],"campfire_rested":3,"item_purchase_floors":[2,2,21,29,41,41],"current_hp_per_floor":[63,63,60,60,55,55,35,35,35,35,14,33,26,26,26,20,53,45,30,30,30,30,30,20,39,39,39,38,38,25,27,46,46,61,52,43,38,38,32,32,32,20,20,24,7],"gold":192,"neow_bonus":"TWO_FIFTY_GOLD","is_prod":false,"is_daily":false,"chose_seed":false,"campfire_upgraded":5,"win_rate":0,"timestamp":1555229480,"path_taken":["M","$","M","?","M","R","E","?","T","R","E","R","M","?","R","BOSS","M","?","?","?","?","R","M","R","T","R","E","$","E","?","R","BOSS","M","?","M","?","M","E","$","E","T","M","E"],"build_version":"2019-04-04","purchased_purges":2,"victory":false,"max_hp_per_floor":[64,64,64,64,64,64,64,64,64,64,64,64,64,64,64,64,64,64,64,64,64,64,64,64,64,64,64,64,64,64,66,66,66,66,68,70,74,70,72,72,72,74,74,78,78],"card_choices":[{"not_picked":["Hologram","Static Discharge"],"picked":"Coolheaded","floor":1.0},{"not_picked":["Go for the Eyes","Hologram"],"picked":"Sweeping Beam","floor":3.0},{"not_picked":["Redo","Hologram","Barrage"],"picked":"SKIP","floor":3.0},{"not_picked":["Leap","Compile Driver"],"picked":"Conserve Battery","floor":4.0},{"not_picked":["Skim","Compile Driver","Self Repair"],"picked":"SKIP","floor":4.0},{"not_picked":["All For One","Tempest"],"picked":"Static Discharge","floor":5.0},{"not_picked":["Self Repair","Barrage","Storm"],"picked":"SKIP","floor":5.0},{"not_picked":["Turbo","Gash"],"picked":"Blizzard","floor":7.0},{"not_picked":["Rebound","Loop","Stack"],"picked":"SKIP","floor":11.0},{"not_picked":["Reinforced Body","Blizzard"],"picked":"Consume","floor":13.0},{"not_picked":["Streamline","FTL"],"picked":"Conserve Battery","floor":13.0},{"not_picked":["Amplify","Machine Learning"],"picked":"Buffer","floor":16.0},{"not_picked":["Self Repair","Cold Snap"],"picked":"Capacitor","floor":18.0},{"not_picked":["Stack","Hello World","Force Field"],"picked":"SKIP","floor":18.0},{"not_picked":["Cold Snap+1","Stack"],"picked":"Coolheaded","floor":19.0},{"not_picked":["Steam","Gash+1","Static Discharge"],"picked":"SKIP","floor":19.0},{"not_picked":["Coolheaded","Steam"],"picked":"Glacier","floor":24.0},{"not_picked":["Rebound","Gash","Double Energy"],"picked":"SKIP","floor":24.0},{"not_picked":["Redo+1","Undo+1","Static Discharge"],"picked":"SKIP","floor":28.0},{"not_picked":["Heatsinks","Loop"],"picked":"Glacier+1","floor":30.0},{"not_picked":["Tempest+1","Steam+1","Gash"],"picked":"Singing Bowl","floor":31.0},{"not_picked":["Streamline","Reprogram+1"],"picked":"Fission+1","floor":31.0},{"not_picked":["Rainbow+1","All For One"],"picked":"Echo Form","floor":33.0},{"not_picked":["Reinforced Body+1","Cold Snap","Barrage"],"picked":"Singing Bowl","floor":35.0},{"not_picked":["BootSequence+1","Cold Snap"],"picked":"Coolheaded+1","floor":35.0},{"not_picked":["Go for the Eyes","Conserve Battery+1","Cold Snap"],"picked":"Singing Bowl","floor":36},{"not_picked":["Double Energy+1","Sweeping Beam"],"picked":"Blizzard","floor":36},{"not_picked":["Skim+1","FTL+1","Turbo+1"],"picked":"Singing Bowl","floor":37},{"not_picked":["Recycle+1","BootSequence+1","FTL"],"picked":"Singing Bowl","floor":37},{"not_picked":["Conserve Battery+1","Leap+1","Compile Driver+1"],"picked":"Singing Bowl","floor":39},{"not_picked":["Aggregate+1","Go for the Eyes"],"picked":"Coolheaded+1","floor":39},{"not_picked":["Lockon","Steam+1"],"picked":"Chill+1","floor":40},{"not_picked":["Barrage+1","Cold Snap+1","Ball Lightning"],"picked":"Singing Bowl","floor":42},{"not_picked":["Steam Power+1","Steam+1","Recycle+1"],"picked":"Singing Bowl","floor":44},{"not_picked":["Go for the Eyes","BootSequence+1","Ball Lightning"],"picked":"Singing Bowl","floor":44}],"player_experience":1403361,"relics_obtained":[{"floor":7.0,"key":"Smiling Mask"},{"floor":9.0,"key":"War Paint"},{"floor":11.0,"key":"Whetstone"},{"floor":26.0,"key":"Toxic Egg 2"},{"floor":28.0,"key":"Matryoshka"},{"floor":30.0,"key":"Singing Bowl"},{"floor":40,"key":"Dream Catcher"},{"floor":42,"key":"Mercury Hourglass"},{"floor":43,"key":"Darkstone Periapt"},{"floor":43,"key":"Dodecahedron"}],"event_choices":[{"damage_healed":0.0,"max_hp_gain":0.0,"max_hp_loss":0.0,"gold_gain":0.0,"event_name":"Dead Adventurer","player_choice":"Searched \u00271\u0027 times","floor":8.0,"gold_loss":0.0,"damage_taken":0.0,"relics_obtained":["Letter Opener"]},{"damage_healed":0.0,"max_hp_gain":0.0,"max_hp_loss":0.0,"gold_gain":0.0,"cards_transformed":["Strike_B"],"event_name":"Transmorgrifier","player_choice":"Transformed","floor":14.0,"gold_loss":0.0,"damage_taken":0.0,"cards_obtained":["Chill"]},{"damage_healed":0.0,"max_hp_gain":0.0,"max_hp_loss":0.0,"gold_gain":0.0,"event_name":"The Mausoleum","player_choice":"Ignored","floor":20.0,"gold_loss":0.0,"damage_taken":0.0},{"cards_removed":["Strike_B"],"damage_healed":0.0,"max_hp_gain":0.0,"max_hp_loss":0.0,"gold_gain":0.0,"event_name":"Beggar","player_choice":"Gave Gold","floor":22.0,"gold_loss":75.0,"damage_taken":0.0},{"damage_healed":0,"gold_gain":0,"player_choice":"Max HP","damage_taken":0,"max_hp_gain":0,"max_hp_loss":4,"event_name":"Winding Halls","floor":38,"gold_loss":0}],"is_beta":true,"boss_relics":[{"not_picked":["Velvet Choker","Sozu"],"picked":"Cursed Key"},{"not_picked":["Eternal Feather","Fusion Hammer"],"picked":"Empty Cage"}],"items_purged_floors":[21,29],"is_endless":false,"potions_floor_spawned":[3,4,7,16,19,24,31,33,36,37,40],"killed_by":"Nemesis","ascension_level":20}