{"gold_per_floor":[118,130,130,44,194,228,242,269,295,313,313,313],"floor_reached":12,"playtime":292,"items_purged":[],"score":226,"play_id":"e061a9b9-c865-4b0e-97c5-9d12e947ddfb","local_time":"20190206214358","is_ascension_mode":true,"campfire_choices":[{"floor":11,"key":"REST"}],"neow_cost":"NONE","seed_source_timestamp":1230378286389712,"circlet_count":0,"master_deck":["AscendersBane","Strike_B","Strike_B","Strike_B","Defend_B","Defend_B","Defend_B","Defend_B","Zap","Dualcast","Hologram","Sweeping Beam","Genetic Algorithm","Doubt","Darkness","Gash","Recycle","Self Repair"],"relics":["Cracked Core","NeowsBlessing","Strawberry","Vajra","PreservedInsect"],"potions_floor_usage":[12],"damage_taken":[{"damage":0,"enemies":"Small Slimes","floor":1,"turns":1},{"damage":0,"enemies":"Jaw Worm","floor":2,"turns":1},{"damage":0,"enemies":"Gremlin Nob","floor":6,"turns":1},{"damage":0,"enemies":"Cultist","floor":7,"turns":3},{"damage":27,"enemies":"Lagavulin","floor":8,"turns":7},{"damage":20,"enemies":"2 Fungi Beasts","floor":10,"turns":4},{"damage":32,"enemies":"Gremlin Nob","floor":12,"turns":4}],"seed_played":"1859595061749822446","potions_obtained":[{"floor":1,"key":"Regen Potion"},{"floor":10,"key":"SpeedPotion"}],"is_trial":false,"path_per_floor":["M","M","?","$","?","E","M","E","T","M","R","E"],"character_chosen":"DEFECT","items_purchased":["Genetic Algorithm"],"campfire_rested":1,"item_purchase_floors":[4],"current_hp_per_floor":[64,64,57,57,57,64,64,37,37,17,40,20],"gold":313,"neow_bonus":"THREE_ENEMY_KILL","is_prod":false,"is_daily":false,"chose_seed":false,"campfire_upgraded":0,"win_rate":0,"timestamp":1549518238,"path_taken":["M","M","?","$","?","E","M","E","T","M","R","E"],"build_version":"2019-01-23","purchased_purges":0,"victory":false,"max_hp_per_floor":[71,71,71,71,71,78,78,78,78,78,78,78],"card_choices":[{"not_picked":["Beam Cell","Go for the Eyes"],"picked":"Hologram","floor":1},{"not_picked":["Streamline","White Noise"],"picked":"Sweeping Beam","floor":2},{"not_picked":["Scrape","Chaos"],"picked":"Darkness","floor":6},{"not_picked":["Barrage","Leap"],"picked":"Gash","floor":7},{"not_picked":["Leap","Heatsinks"],"picked":"Recycle","floor":8},{"not_picked":["Heatsinks","Steam"],"picked":"Self Repair","floor":10}],"player_experience":1091644,"relics_obtained":[{"floor":6,"key":"Strawberry"},{"floor":8,"key":"Vajra"},{"floor":9,"key":"PreservedInsect"}],"event_choices":[{"cards_removed":["Strike_B"],"damage_healed":0,"gold_gain":0,"player_choice":"Card Removal","damage_taken":7,"max_hp_gain":0,"max_hp_loss":0,"event_name":"Golden Wing","floor":3,"gold_loss":0},{"damage_healed":0,"gold_gain":150,"player_choice":"AGREE","damage_taken":0,"max_hp_gain":0,"max_hp_loss":0,"event_name":"Liars Game","floor":5,"gold_loss":0,"cards_obtained":["Doubt"]}],"is_beta":true,"boss_relics":[],"items_purged_floors":[],"is_endless":false,"potions_floor_spawned":[1,10],"killed_by":"Gremlin Nob","ascension_level":20}