{"gold_per_floor":[110,130,55,65,140,140,170,170,218,368,368,384,65,65,65,144,144,157,257,307,307,39,73,85,85,109,149,161,48,67,78,78,155,155,174,174,0,20,37,37,62,62,62,93,93,93,93,193,193,193,193,193,193,43,71,71],"floor_reached":56,"playtime":2561,"items_purged":["Doubt","Strike_B","Normality","Strike_B"],"score":2149,"play_id":"f656a693-067a-419f-9c01-f32ef5e17b6c","local_time":"20190214203023","is_ascension_mode":true,"campfire_choices":[{"floor":6.0,"key":"REST"},{"data":"Biased Cognition","floor":8.0,"key":"SMITH"},{"data":"Zap","floor":11.0,"key":"SMITH"},{"data":"Panacea","floor":15.0,"key":"SMITH"},{"data":"Capacitor","floor":32.0,"key":"SMITH"},{"data":"Biased Cognition","floor":40.0,"key":"SMITH"},{"floor":46.0,"key":"RECALL"},{"data":"Barrage","floor":49.0,"key":"SMITH"},{"floor":53.0,"key":"REST"}],"neow_cost":"CURSE","seed_source_timestamp":1779823593004995,"circlet_count":0,"master_deck":["AscendersBane","Strike_B","Strike_B","Defend_B","Defend_B","Defend_B","Defend_B+1","Zap+1","Dualcast","Biased Cognition+1","Hologram","Conserve Battery","Ball Lightning","BootSequence","Glacier","Cold Snap","Panacea+1","Electrodynamics","Capacitor+1","Coolheaded+1","Glacier","Biased Cognition+1","Echo Form","Loop","Echo Form","Glacier","Barrage+1"],"special_seed":0,"relics":["Cracked Core","Happy Flower","Pocketwatch","Cursed Key","Mango","DataDisk","Lantern","MawBank","Torii","Inserter","Girya","Turnip","Nunchaku","War Paint"],"potions_floor_usage":[56,56],"damage_taken":[{"damage":17.0,"enemies":"Small Slimes","floor":1.0,"turns":3.0},{"damage":3.0,"enemies":"2 Louse","floor":2.0,"turns":2.0},{"damage":7.0,"enemies":"Jaw Worm","floor":4.0,"turns":2.0},{"damage":0.0,"enemies":"3 Sentries","floor":7.0,"turns":1.0},{"damage":6.0,"enemies":"3 Louse","floor":12.0,"turns":3.0},{"damage":9.0,"enemies":"Hexaghost","floor":16.0,"turns":12.0},{"damage":1.0,"enemies":"Spheric Guardian","floor":18.0,"turns":4.0},{"damage":3.0,"enemies":"Colosseum Slavers","floor":19.0,"turns":4.0},{"damage":22.0,"enemies":"Colosseum Nobs","floor":19.0,"turns":4.0},{"damage":25.0,"enemies":"Slavers","floor":23.0,"turns":3.0},{"damage":0.0,"enemies":"Chosen","floor":24.0,"turns":5.0},{"damage":0.0,"enemies":"Gremlin Leader","floor":27.0,"turns":5.0},{"damage":0.0,"enemies":"3 Cultists","floor":30.0,"turns":4.0},{"damage":0.0,"enemies":"Centurion and Healer","floor":31.0,"turns":7.0},{"damage":0.0,"enemies":"Collector","floor":33.0,"turns":8.0},{"damage":0.0,"enemies":"3 Shapes","floor":35.0,"turns":3.0},{"damage":0.0,"enemies":"Orb Walker","floor":38.0,"turns":4.0},{"damage":1.0,"enemies":"Maw","floor":39.0,"turns":6.0},{"damage":0.0,"enemies":"Giant Head","floor":41.0,"turns":8.0},{"damage":0.0,"enemies":"Nemesis","floor":44.0,"turns":9.0},{"damage":0.0,"enemies":"Mind Bloom Boss Battle","floor":48.0,"turns":8.0},{"damage":24.0,"enemies":"Donu and Deca","floor":50.0,"turns":10.0},{"damage":10.0,"enemies":"Time Eater","floor":51.0,"turns":11.0},{"damage":21,"enemies":"Shield and Spear","floor":55,"turns":9},{"damage":64,"enemies":"The Heart","floor":56,"turns":3}],"seed_played":"6774214118502191946","potions_obtained":[{"floor":2.0,"key":"Swift Potion"},{"floor":4.0,"key":"AttackPotion"},{"floor":19.0,"key":"FairyPotion"},{"floor":23.0,"key":"LiquidBronze"},{"floor":24.0,"key":"PowerPotion"},{"floor":33.0,"key":"LiquidBronze"}],"is_trial":false,"path_per_floor":["M","M","?","M","?","R","E","R","T","?","R","M","$","T","R","B",null,"M","?","?","$","$","E","M","?","T","E","$","$","M","M","R","B",null,"M","?","$","M","M","R","E","$","T","E","?","R","$","?","R","B","B",null,"R","$","E","B"],"character_chosen":"DEFECT","items_purchased":["Glacier","Cold Snap","Panacea","DataDisk","Echo Form","Glacier"],"campfire_rested":2,"item_purchase_floors":[13,13,13,22,37,37],"current_hp_per_floor":[47,44,44,37,26,47,47,47,47,47,47,41,41,41,41,32,61,60,49,49,49,49,24,24,24,24,24,24,24,24,24,24,24,70,70,70,70,70,69,69,69,69,69,69,69,69,69,69,69,45,35,73,85,85,64,0],"gold":71,"neow_bonus":"THREE_RARE_CARDS","is_prod":false,"is_daily":false,"chose_seed":false,"campfire_upgraded":6,"win_rate":0,"timestamp":1550205023,"path_taken":["M","M","?","M","?","R","E","R","T","?","R","M","$","?","R","BOSS","M","?","?","?","$","E","M","?","T","E","?","$","?","M","R","BOSS","M","?","$","M","M","R","E","?","T","E","?","R","$","?","R","BOSS","BOSS","R","$","E","BOSS"],"build_version":"2019-02-06","purchased_purges":4,"victory":false,"max_hp_per_floor":[71,71,71,71,71,71,71,71,71,71,71,71,71,71,71,71,71,71,85,85,85,85,85,85,85,85,85,85,85,85,85,85,85,85,85,85,85,85,85,85,85,85,85,85,85,85,85,85,85,85,85,85,85,85,85,85],"card_choices":[{"not_picked":["Creative AI","Core Surge"],"picked":"Biased Cognition","floor":0.0},{"not_picked":["Chaos","Hello World"],"picked":"Hologram","floor":1.0},{"not_picked":["Beam Cell","Compile Driver","Multi-Cast"],"picked":"SKIP","floor":2.0},{"not_picked":["Loop","Hologram"],"picked":"Conserve Battery","floor":4.0},{"not_picked":["White Noise","Streamline"],"picked":"Ball Lightning","floor":7.0},{"not_picked":["Leap","Blizzard"],"picked":"BootSequence","floor":12.0},{"not_picked":["Meteor Strike","Hyperbeam"],"picked":"Electrodynamics","floor":16.0},{"not_picked":["BootSequence","Auto Shields"],"picked":"Capacitor","floor":18.0},{"not_picked":["Lockon+1","Hello World"],"picked":"Coolheaded","floor":23.0},{"not_picked":["White Noise","Darkness","Turbo"],"picked":"SKIP","floor":24.0},{"not_picked":["Steam","BootSequence+1","Sunder"],"picked":"SKIP","floor":27.0},{"not_picked":["Conserve Battery","Scrape","Ball Lightning"],"picked":"SKIP","floor":30.0},{"not_picked":["Hello World","Loop"],"picked":"Biased Cognition","floor":31.0},{"not_picked":["Buffer","Meteor Strike"],"picked":"Echo Form","floor":33.0},{"not_picked":["Barrage","Conserve Battery"],"picked":"Loop","floor":35.0},{"not_picked":["Scrape+1","Ball Lightning","Steam"],"picked":"SKIP","floor":38.0},{"not_picked":["Turbo","Beam Cell","Redo"],"picked":"SKIP","floor":39.0},{"not_picked":["Go for the Eyes","Reboot","Streamline"],"picked":"SKIP","floor":41.0},{"not_picked":["Stack","Thunder Strike","Rebound"],"picked":"SKIP","floor":44.0},{"not_picked":["Ball Lightning","Self Repair"],"picked":"Barrage","floor":48.0},{"not_picked":["Stack","Cold Snap+1","Compile Driver"],"picked":"SKIP","floor":55}],"player_experience":1162551,"relics_obtained":[{"floor":7.0,"key":"Happy Flower"},{"floor":14.0,"key":"Pocketwatch"},{"floor":19.0,"key":"Mango"},{"floor":23.0,"key":"Lantern"},{"floor":26.0,"key":"MawBank"},{"floor":27.0,"key":"Torii"},{"floor":41.0,"key":"Girya"},{"floor":44.0,"key":"Turnip"},{"floor":48.0,"key":"Nunchaku"},{"floor":55,"key":"War Paint"}],"event_choices":[{"cards_removed":["Shame"],"damage_healed":0.0,"max_hp_gain":0.0,"max_hp_loss":0.0,"gold_gain":0.0,"event_name":"The Cleric","player_choice":"Card Removal","floor":3.0,"gold_loss":75.0,"damage_taken":0.0},{"damage_healed":0.0,"max_hp_gain":0.0,"max_hp_loss":0.0,"gold_gain":75.0,"event_name":"World of Goop","player_choice":"Gather Gold","floor":5.0,"gold_loss":0.0,"damage_taken":11.0},{"damage_healed":0.0,"max_hp_gain":0.0,"max_hp_loss":0.0,"gold_gain":150.0,"event_name":"Liars Game","player_choice":"AGREE","floor":10.0,"gold_loss":0.0,"damage_taken":0.0,"cards_obtained":["Doubt"]},{"damage_healed":0.0,"max_hp_gain":0.0,"max_hp_loss":0.0,"gold_gain":0.0,"event_name":"Colosseum","player_choice":"Fight","floor":19.0,"gold_loss":0.0,"damage_taken":0.0},{"damage_healed":0.0,"max_hp_gain":0.0,"max_hp_loss":0.0,"gold_gain":0.0,"event_name":"Colosseum","player_choice":"Fought Nobs","floor":19.0,"gold_loss":0.0,"damage_taken":0.0},{"damage_healed":0.0,"max_hp_gain":0.0,"max_hp_loss":0.0,"gold_gain":50.0,"event_name":"Nest","player_choice":"Stole From Cult","floor":20.0,"gold_loss":0.0,"damage_taken":0.0},{"damage_healed":0.0,"max_hp_gain":0.0,"max_hp_loss":0.0,"gold_gain":0.0,"event_name":"The Library","player_choice":"Read","floor":25.0,"gold_loss":0.0,"damage_taken":0.0,"cards_obtained":["Glacier"]},{"damage_healed":0.0,"max_hp_gain":0.0,"max_hp_loss":0.0,"gold_gain":0.0,"event_name":"Lab","player_choice":"Got Potions","floor":36.0,"gold_loss":0.0,"damage_taken":0.0},{"damage_healed":0.0,"max_hp_gain":0.0,"max_hp_loss":0.0,"gold_gain":0.0,"event_name":"Tomb of Lord Red Mask","player_choice":"Ignored","floor":45.0,"gold_loss":0.0,"damage_taken":0.0},{"damage_healed":0.0,"max_hp_gain":0.0,"max_hp_loss":0.0,"gold_gain":0.0,"event_name":"MindBloom","player_choice":"Fight","floor":48.0,"gold_loss":0.0,"damage_taken":0.0}],"is_beta":true,"boss_relics":[{"not_picked":["Black Star","Ectoplasm"],"picked":"Cursed Key"},{"not_picked":["White Beast Statue","Eternal Feather"],"picked":"Inserter"}],"items_purged_floors":[13,22,29,54],"is_endless":false,"potions_floor_spawned":[2,4,19,23,24,33,35,41,44,48,55],"killed_by":"The Heart","ascension_level":20}