{"gold_per_floor":[119,129,279,180,180,213,213,225,225,225,241,261,261,273,273,351,351,364,379,392,410,410,410],"floor_reached":23,"playtime":846,"items_purged":["Doubt"],"score":440,"play_id":"bd12a782-a68a-478b-99f0-d3317f8dfbb8","local_time":"20181112051401","is_ascension_mode":true,"campfire_choices":[{"data":"Searing Blow","floor":7.0,"key":"SMITH"},{"data":"Searing Blow+1","floor":10.0,"key":"SMITH"},{"data":"Searing Blow+2","floor":13,"key":"SMITH"},{"data":"Searing Blow+3","floor":15,"key":"SMITH"}],"neow_cost":"NONE","seed_source_timestamp":137988108759947,"circlet_count":0,"master_deck":["AscendersBane","Strike_R","Strike_R","Defend_R","Defend_R","Defend_R","Defend_R","Bash","Disarm","Cleave","Shrug It Off","Searing Blow+4","Thunderclap","Armaments","Warcry","True Grit","Impervious","Bloodletting","Clothesline","Feel No Pain"],"special_seed":0,"relics":["Burning Blood","NeowsBlessing","Blue Candle","Sozu"],"potions_floor_usage":[16,23],"damage_taken":[{"damage":0.0,"enemies":"Small Slimes","floor":1.0,"turns":1.0},{"damage":0.0,"enemies":"Jaw Worm","floor":2.0,"turns":1.0},{"damage":0.0,"enemies":"3 Sentries","floor":6.0,"turns":1.0},{"damage":1.0,"enemies":"Cultist","floor":8.0,"turns":3.0},{"damage":16.0,"enemies":"Exordium Thugs","floor":11.0,"turns":4.0},{"damage":15,"enemies":"Large Slime","floor":12,"turns":6},{"damage":12,"enemies":"3 Louse","floor":14,"turns":5},{"damage":26,"enemies":"The Guardian","floor":16,"turns":14},{"damage":7,"enemies":"Shell Parasite","floor":18,"turns":8},{"damage":23,"enemies":"2 Thieves","floor":19,"turns":5},{"damage":0,"enemies":"Centurion and Healer","floor":20,"turns":5},{"damage":14,"enemies":"Snake Plant","floor":21,"turns":5},{"damage":36,"enemies":"Book of Stabbing","floor":23,"turns":6}],"seed_played":"-4279805139374509861","potions_obtained":[{"floor":8.0,"key":"Weak Potion"},{"floor":12,"key":"Weak Potion"}],"is_trial":false,"path_per_floor":["M","M","?","$","?","E","R","M","T","R","M","M","R","M","R","B",null,"M","M","M","M","?","E"],"character_chosen":"IRONCLAD","items_purchased":["Shrug It Off"],"campfire_rested":0,"item_purchase_floors":[4],"current_hp_per_floor":[74,75,75,75,68,74,74,75,75,75,65,56,56,50,50,30,64,63,46,52,44,44,8],"gold":410,"neow_bonus":"THREE_ENEMY_KILL","is_prod":false,"is_daily":false,"chose_seed":false,"campfire_upgraded":4,"win_rate":0,"timestamp":1542028441,"path_taken":["M","M","?","$","?","E","R","M","T","R","M","?","R","M","R","BOSS","M","?","M","M","?","E"],"build_version":"2018-11-08","purchased_purges":1,"victory":false,"max_hp_per_floor":[75,75,75,75,75,75,75,75,75,75,75,75,75,75,75,75,75,75,75,75,75,75,75],"card_choices":[{"not_picked":["Clothesline","Rage"],"picked":"Disarm","floor":1.0},{"not_picked":["Fire Breathing","Sever Soul"],"picked":"Cleave","floor":2.0},{"not_picked":["Shrug It Off","Anger"],"picked":"Searing Blow","floor":6.0},{"not_picked":["Hemokinesis","Entrench"],"picked":"Thunderclap","floor":8.0},{"not_picked":["Clash","Burning Pact"],"picked":"Armaments","floor":11.0},{"not_picked":["Dual Wield","Body Slam"],"picked":"Warcry","floor":12},{"not_picked":["Iron Wave","Wild Strike"],"picked":"True Grit","floor":14},{"not_picked":["Demon Form","Exhume"],"picked":"Impervious","floor":16},{"not_picked":["Heavy Blade","Clash","Pommel Strike"],"picked":"SKIP","floor":18},{"not_picked":["Twin Strike","Clash","Blood for Blood"],"picked":"SKIP","floor":19},{"not_picked":["Spot Weakness","Cleave"],"picked":"Bloodletting","floor":20},{"not_picked":["Rupture+1","Blood for Blood","Uppercut"],"picked":"SKIP","floor":21}],"player_experience":904327,"relics_obtained":[{"floor":6.0,"key":"Blue Candle"}],"event_choices":[{"damage_healed":0.0,"max_hp_gain":0.0,"max_hp_loss":0.0,"gold_gain":150.0,"event_name":"Liars Game","player_choice":"AGREE","floor":3.0,"gold_loss":0.0,"damage_taken":0.0,"cards_obtained":["Doubt"]},{"cards_removed":["Strike_R"],"damage_healed":0.0,"max_hp_gain":0.0,"max_hp_loss":0.0,"gold_gain":0.0,"event_name":"Golden Wing","player_choice":"Card Removal","floor":5.0,"gold_loss":0.0,"damage_taken":7.0},{"damage_healed":0,"gold_gain":0,"cards_transformed":["Strike_R","Strike_R"],"player_choice":"Became Test Subject","damage_taken":0,"max_hp_gain":0,"max_hp_loss":0,"event_name":"Drug Dealer","floor":22,"gold_loss":0,"cards_obtained":["Clothesline","Feel No Pain"]}],"is_beta":true,"boss_relics":[{"not_picked":["Calling Bell","Fusion Hammer"],"picked":"Sozu"}],"items_purged_floors":[4],"is_endless":false,"potions_floor_spawned":[8,12,18,19],"killed_by":"Book of Stabbing","ascension_level":20}