{"gold_per_floor":[215,229,73,73,93,93,120,120,120,120,120,160,85,103,103,103],"floor_reached":16,"playtime":513,"items_purged":["Strike_G"],"score":216,"play_id":"2302b2c1-5684-4947-931e-e4b822ed7408","local_time":"20190120030653","is_ascension_mode":true,"campfire_choices":[{"data":"Footwork","floor":6,"key":"SMITH"},{"data":"Noxious Fumes","floor":10,"key":"SMITH"},{"data":"Footwork","floor":15,"key":"SMITH"}],"neow_cost":"NONE","seed_source_timestamp":199016057052741,"circlet_count":0,"master_deck":["AscendersBane","Defend_G","Defend_G","Defend_G","Defend_G","Defend_G","Strike_G","Strike_G","Strike_G","Survivor","Neutralize","Escape Plan","Dash","Noxious Fumes+1","Footwork+1","Footwork+1","Deflect"],"relics":["Ring of the Snake","Singing Bowl","Golden Idol","Bronze Scales"],"potions_floor_usage":[16,16],"damage_taken":[{"damage":0,"enemies":"2 Louse","floor":1,"turns":2},{"damage":0,"enemies":"Cultist","floor":2,"turns":5},{"damage":0,"enemies":"Jaw Worm","floor":5,"turns":5},{"damage":14,"enemies":"Lagavulin","floor":7,"turns":10},{"damage":30,"enemies":"3 Sentries","floor":12,"turns":8},{"damage":4,"enemies":"Large Slime","floor":14,"turns":6},{"damage":17,"enemies":"Slime Boss","floor":16,"turns":5}],"seed_played":"6464000334690831140","potions_obtained":[{"floor":2,"key":"Fire Potion"},{"floor":7,"key":"FearPotion"}],"is_trial":false,"path_per_floor":["M","M","$","?","M","R","E","?","T","R","?","E","$","M","R","B"],"character_chosen":"THE_SILENT","items_purchased":["Noxious Fumes","Footwork"],"campfire_rested":0,"item_purchase_floors":[3,13],"current_hp_per_floor":[59,59,59,59,59,59,47,52,52,52,52,24,24,20,20,3],"gold":103,"neow_bonus":"HUNDRED_GOLD","is_prod":false,"is_daily":false,"chose_seed":false,"campfire_upgraded":3,"win_rate":0,"timestamp":1547982413,"path_taken":["M","M","$","?","?","R","E","?","T","R","?","E","$","M","R","BOSS"],"build_version":"2019-01-19","purchased_purges":1,"victory":false,"max_hp_per_floor":[66,66,66,66,66,66,68,73,73,73,66,68,68,68,68,68],"card_choices":[{"not_picked":["Quick Slash","Flying Knee"],"picked":"Escape Plan","floor":1},{"not_picked":["Bane","Distraction"],"picked":"Dash","floor":2},{"not_picked":["Eviscerate","PiercingWail"],"picked":"Footwork","floor":5},{"not_picked":["Sucker Punch","Tactician","Bane"],"picked":"Singing Bowl","floor":7},{"not_picked":["Acrobatics","Cloak And Dagger","Backstab"],"picked":"Singing Bowl","floor":12},{"not_picked":["Calculated Gamble","Poisoned Stab"],"picked":"Deflect","floor":14}],"player_experience":991184,"relics_obtained":[{"floor":7,"key":"Singing Bowl"},{"floor":12,"key":"Bronze Scales"}],"event_choices":[{"cards_removed":["Strike_G"],"damage_healed":0,"gold_gain":0,"player_choice":"Offered Basic","damage_taken":0,"max_hp_gain":0,"max_hp_loss":0,"event_name":"Bonfire Elementals","floor":4,"gold_loss":0},{"damage_healed":0,"gold_gain":0,"player_choice":"Donut","damage_taken":0,"max_hp_gain":5,"max_hp_loss":0,"event_name":"Big Fish","floor":8,"gold_loss":0},{"damage_healed":0,"gold_gain":0,"player_choice":"Lose Max HP","damage_taken":0,"relics_obtained":["Golden Idol"],"max_hp_gain":0,"max_hp_loss":7,"event_name":"Golden Idol","floor":11,"gold_loss":0}],"is_beta":true,"boss_relics":[],"items_purged_floors":[3],"is_endless":false,"potions_floor_spawned":[2,7,14],"killed_by":"Slime Boss","ascension_level":20}