{"gold_per_floor":[117,117,117,117,33,62,62,88,114,142,161,161,194,208,208,285,285,305,17,17,33,47,73,73,99,126,140,140,157,257,37,37,110,110,127,177,191,201,201,229,229,258,258,268,268,301,301,348,348,348,348,348,348,44,71,71],"floor_reached":57,"playtime":3302,"items_purged":["Strike_G"],"score":2958,"play_id":"a8295732-62ec-4cde-bbac-d22596a543d9","local_time":"20190208194944","is_ascension_mode":true,"campfire_choices":[{"data":"Dash","floor":7.0,"key":"SMITH"},{"data":"Deadly Poison","floor":15.0,"key":"SMITH"},{"data":"Wraith Form v2","floor":24.0,"key":"SMITH"},{"floor":28.0,"key":"REST"},{"data":"Noxious Fumes","floor":32.0,"key":"SMITH"},{"floor":41.0,"key":"REST"},{"data":"Wraith Form v2","floor":45,"key":"SMITH"},{"floor":47,"key":"REST"},{"floor":49,"key":"RECALL"},{"floor":53,"key":"REST"}],"neow_cost":"NONE","seed_source_timestamp":1387983182562411,"circlet_count":0,"master_deck":["AscendersBane","Defend_G","Defend_G","Defend_G","Defend_G+1","Defend_G","Strike_G","Strike_G","Strike_G","Strike_G","Survivor","Neutralize+1","Well Laid Plans+1","Dash+1","Die Die Die","Skewer","Deadly Poison+1","Corpse Explosion","Wraith Form v2+1","Backflip","Noxious Fumes+1","Leg Sweep","PiercingWail","Acrobatics+1","Deadly Poison","Wraith Form v2+1","Adrenaline","Crippling Poison","Backflip+1","Crippling Poison","Leg Sweep","Wraith Form v2","Wraith Form v2+1","Backflip"],"special_seed":0,"relics":["Ring of the Snake","NeowsBlessing","Nunchaku","Vajra","PreservedInsect","Dodecahedron","Question Card","Philosopher\u0027s Stone","Mercury Hourglass","Bottled Tornado","Happy Flower","Torii","Letter Opener","OrangePellets","Runic Dome","Anchor","Pocketwatch","Oddly Smooth Stone","Tingsha","DollysMirror","Snake Skull"],"potions_floor_usage":[56,56],"damage_taken":[{"damage":0.0,"enemies":"Jaw Worm","floor":1.0,"turns":1.0},{"damage":0.0,"enemies":"Lagavulin","floor":6.0,"turns":1.0},{"damage":0.0,"enemies":"Gremlin Nob","floor":8.0,"turns":1.0},{"damage":0.0,"enemies":"3 Sentries","floor":10.0,"turns":5.0},{"damage":0.0,"enemies":"2 Louse","floor":11.0,"turns":2.0},{"damage":6.0,"enemies":"Gremlin Nob","floor":13.0,"turns":3.0},{"damage":0.0,"enemies":"Small Slimes","floor":14.0,"turns":2.0},{"damage":28.0,"enemies":"Hexaghost","floor":16.0,"turns":9.0},{"damage":1.0,"enemies":"Chosen","floor":18.0,"turns":5.0},{"damage":16.0,"enemies":"2 Thieves","floor":21.0,"turns":3.0},{"damage":13.0,"enemies":"Shelled Parasite and Fungi","floor":22.0,"turns":8.0},{"damage":4.0,"enemies":"Gremlin Leader","floor":23.0,"turns":6.0},{"damage":11.0,"enemies":"Book of Stabbing","floor":25.0,"turns":5.0},{"damage":5.0,"enemies":"Snake Plant","floor":27.0,"turns":4.0},{"damage":0.0,"enemies":"Snecko","floor":29.0,"turns":5.0},{"damage":0.0,"enemies":"Colosseum Slavers","floor":30.0,"turns":4.0},{"damage":1.0,"enemies":"Colosseum Nobs","floor":30.0,"turns":4.0},{"damage":7.0,"enemies":"Collector","floor":33.0,"turns":8.0},{"damage":0.0,"enemies":"3 Shapes","floor":35.0,"turns":5.0},{"damage":1.0,"enemies":"3 Darklings","floor":37.0,"turns":3.0},{"damage":15.0,"enemies":"4 Shapes","floor":38.0,"turns":3.0},{"damage":20.0,"enemies":"Reptomancer","floor":40.0,"turns":5.0},{"damage":1.0,"enemies":"Giant Head","floor":42.0,"turns":8.0},{"damage":1,"enemies":"Maw","floor":44,"turns":7},{"damage":1,"enemies":"Reptomancer","floor":46,"turns":4},{"damage":2,"enemies":"2 Orb Walkers","floor":48,"turns":4},{"damage":12,"enemies":"Donu and Deca","floor":50,"turns":10},{"damage":30,"enemies":"Awakened One","floor":51,"turns":19},{"damage":6,"enemies":"Shield and Spear","floor":55,"turns":7},{"damage":28,"enemies":"The Heart","floor":56,"turns":13}],"seed_played":"-4736370976781713943","potions_obtained":[{"floor":1.0,"key":"FearPotion"},{"floor":11.0,"key":"SteroidPotion"},{"floor":16.0,"key":"Block Potion"},{"floor":23.0,"key":"SpeedPotion"},{"floor":25.0,"key":"AttackPotion"},{"floor":30.0,"key":"Energy Potion"},{"floor":40.0,"key":"PowerPotion"}],"is_trial":false,"path_per_floor":["M","$","?","?","$","E","R","E","T","E","M","?","E","M","R","B",null,"M","$","?","M","M","E","R","E","T","M","R","M","?","$","R","B",null,"M","?","M","M","?","E","R","E","T","M","R","E","R","?","R","B","B",null,"R","$","E","B",null],"character_chosen":"THE_SILENT","items_purchased":["Dash","Noxious Fumes","Leg Sweep","SteroidPotion","OrangePellets","Wraith Form v2","DollysMirror"],"campfire_rested":4,"item_purchase_floors":[5,19,19,19,31,54,54],"current_hp_per_floor":[59,59,39,39,39,39,39,39,39,39,39,44,38,38,38,10,56,55,55,55,39,26,22,22,11,11,6,27,27,26,26,26,19,58,58,58,57,42,42,22,43,42,42,41,41,40,61,59,59,47,17,58,71,71,65,37],"gold":71,"neow_bonus":"THREE_ENEMY_KILL","is_prod":false,"is_daily":false,"chose_seed":false,"campfire_upgraded":5,"win_rate":0,"timestamp":1549684184,"path_taken":["M","$","?","?","$","E","R","E","T","E","M","?","E","M","R","BOSS","M","$","?","M","M","E","R","E","T","M","R","M","?","$","R","BOSS","M","?","?","M","?","E","R","E","T","M","R","E","R","?","R","BOSS","BOSS","R","$","E","BOSS"],"build_version":"2019-02-06","purchased_purges":1,"victory":true,"max_hp_per_floor":[66,66,66,66,66,66,66,66,66,66,66,71,71,71,71,71,71,71,71,71,71,71,71,71,71,71,71,71,71,71,71,71,71,71,71,71,71,71,71,71,71,71,71,71,71,71,71,71,71,71,71,71,71,71,71,71],"card_choices":[{"not_picked":["Expertise","Prepared"],"picked":"Well Laid Plans","floor":1.0},{"not_picked":["Reflex","Heel Hook"],"picked":"Die Die Die","floor":6.0},{"not_picked":["Riddle With Holes","Underhanded Strike"],"picked":"Skewer","floor":8.0},{"not_picked":["Bane","Calculated Gamble"],"picked":"Deadly Poison","floor":10.0},{"not_picked":["Blade Dance","Poisoned Stab","Acrobatics"],"picked":"SKIP","floor":11.0},{"not_picked":["Sucker Punch","Acrobatics","Bane"],"picked":"SKIP","floor":13.0},{"not_picked":["Accuracy","Bane","Setup"],"picked":"Corpse Explosion","floor":14.0},{"not_picked":["A Thousand Cuts","Die Die Die","Doppelganger"],"picked":"Wraith Form v2","floor":16.0},{"not_picked":["Eviscerate","Masterful Stab","Terror"],"picked":"Backflip","floor":18.0},{"not_picked":["Well Laid Plans+1","Sucker Punch","Eviscerate"],"picked":"PiercingWail","floor":21.0},{"not_picked":["Flying Knee","Calculated Gamble","Escape Plan"],"picked":"Acrobatics+1","floor":22.0},{"not_picked":["Well Laid Plans","Caltrops","Bane","Quick Slash"],"picked":"SKIP","floor":23.0},{"not_picked":["Well Laid Plans","Heel Hook+1","Venomology"],"picked":"Deadly Poison","floor":25.0},{"not_picked":["Blade Dance","Dagger Throw","Noxious Fumes","Heel Hook"],"picked":"SKIP","floor":27.0},{"not_picked":["Bouncing Flask","Noxious Fumes","Skewer","Dagger Spray"],"picked":"SKIP","floor":29.0},{"not_picked":["Backflip","Dagger Throw","Poisoned Stab"],"picked":"Wraith Form v2","floor":30.0},{"not_picked":["Burst","Phantasmal Killer","Doppelganger"],"picked":"Adrenaline","floor":33.0},{"not_picked":["Eviscerate+1","Dodge and Roll","Predator+1"],"picked":"Crippling Poison","floor":35.0},{"not_picked":["Bane+1","Dagger Spray","Quick Slash","Reflex"],"picked":"SKIP","floor":37.0},{"not_picked":["Quick Slash","Flying Knee","Prepared"],"picked":"Backflip+1","floor":38.0},{"not_picked":["Bane","Cloak And Dagger","Doppelganger","Poisoned Stab"],"picked":"SKIP","floor":40.0},{"not_picked":["Poisoned Stab","Accuracy+1","Deflect"],"picked":"Crippling Poison","floor":42.0},{"not_picked":["Underhanded Strike","Acrobatics","Heel Hook+1","Terror+1"],"picked":"SKIP","floor":44},{"not_picked":["Cloak And Dagger","Bouncing Flask","Infinite Blades+1","All Out Attack"],"picked":"SKIP","floor":46},{"not_picked":["Sucker Punch","Caltrops","Escape Plan"],"picked":"Leg Sweep","floor":48},{"not_picked":["Bouncing Flask","Masterful Stab","Grand Finale"],"picked":"Backflip","floor":55}],"player_experience":1108685,"relics_obtained":[{"floor":6.0,"key":"Nunchaku"},{"floor":8.0,"key":"Vajra"},{"floor":9.0,"key":"PreservedInsect"},{"floor":10.0,"key":"Dodecahedron"},{"floor":13.0,"key":"Question Card"},{"floor":23.0,"key":"Mercury Hourglass"},{"floor":25.0,"key":"Bottled Tornado"},{"floor":26.0,"key":"Happy Flower"},{"floor":30.0,"key":"Torii"},{"floor":30.0,"key":"Letter Opener"},{"floor":40.0,"key":"Anchor"},{"floor":42.0,"key":"Pocketwatch"},{"floor":46,"key":"Oddly Smooth Stone"},{"floor":48,"key":"Tingsha"},{"floor":55,"key":"Snake Skull"}],"event_choices":[{"damage_healed":0.0,"max_hp_gain":0.0,"max_hp_loss":0.0,"gold_gain":0.0,"event_name":"Shining Light","player_choice":"Entered Light","floor":3.0,"gold_loss":0.0,"damage_taken":20.0,"cards_upgraded":["Defend_G","Well Laid Plans"]},{"damage_healed":0.0,"max_hp_gain":0.0,"max_hp_loss":0.0,"gold_gain":0.0,"event_name":"Living Wall","player_choice":"Grow","floor":4.0,"gold_loss":0.0,"damage_taken":0.0,"cards_upgraded":["Neutralize"]},{"damage_healed":0.0,"max_hp_gain":5.0,"max_hp_loss":0.0,"gold_gain":0.0,"event_name":"Big Fish","player_choice":"Donut","floor":12.0,"gold_loss":0.0,"damage_taken":0.0},{"damage_healed":0.0,"max_hp_gain":0.0,"max_hp_loss":0.0,"gold_gain":0.0,"event_name":"The Mausoleum","player_choice":"Ignored","floor":20.0,"gold_loss":0.0,"damage_taken":0.0},{"damage_healed":0.0,"max_hp_gain":0.0,"max_hp_loss":0.0,"gold_gain":0.0,"event_name":"Colosseum","player_choice":"Fight","floor":30.0,"gold_loss":0.0,"damage_taken":0.0},{"damage_healed":0.0,"max_hp_gain":0.0,"max_hp_loss":0.0,"gold_gain":0.0,"event_name":"Colosseum","player_choice":"Fought Nobs","floor":30.0,"gold_loss":0.0,"damage_taken":0.0},{"damage_healed":0.0,"max_hp_gain":0.0,"max_hp_loss":0.0,"gold_gain":50.0,"event_name":"Golden Shrine","player_choice":"Pray","floor":36.0,"gold_loss":0.0,"damage_taken":0.0},{"damage_healed":0.0,"max_hp_gain":0.0,"max_hp_loss":0.0,"gold_gain":0.0,"event_name":"Tomb of Lord Red Mask","player_choice":"Ignored","floor":39.0,"gold_loss":0.0,"damage_taken":0.0},{"damage_healed":0,"gold_gain":0,"player_choice":"Fight","damage_taken":0,"max_hp_gain":0,"max_hp_loss":0,"event_name":"Mysterious Sphere","floor":48,"gold_loss":0}],"is_beta":true,"boss_relics":[{"not_picked":["Tiny House","White Beast Statue"],"picked":"Philosopher\u0027s Stone"},{"not_picked":["Cursed Key","Runic Pyramid"],"picked":"Runic Dome"}],"items_purged_floors":[19],"is_endless":false,"potions_floor_spawned":[1,11,13,16,23,25,27,30,30,35,38,40],"ascension_level":20}