{"gold_per_floor":[113,131,146,160,18,18,45,45,99,64,136,136],"floor_reached":12,"playtime":383,"items_purged":[],"score":156,"play_id":"b090decd-8246-4e12-9543-bb62160993e8","local_time":"20190201033856","is_ascension_mode":true,"campfire_choices":[{"data":"Deadly Poison","floor":6.0,"key":"SMITH"}],"neow_cost":"NONE","seed_source_timestamp":813293400780562,"circlet_count":0,"master_deck":["AscendersBane","Defend_G","Defend_G","Defend_G","Defend_G","Defend_G","Strike_G","Strike_G","Strike_G","Strike_G","Survivor","Neutralize","Bouncing Flask","PiercingWail","Deadly Poison+1","Skewer","Well Laid Plans","Backflip"],"special_seed":0,"relics":["Ring of the Snake","Juzu Bracelet","Tiny Chest","Kunai"],"potions_floor_usage":[12],"damage_taken":[{"damage":1.0,"enemies":"Cultist","floor":1.0,"turns":4.0},{"damage":7.0,"enemies":"Small Slimes","floor":2.0,"turns":4.0},{"damage":0.0,"enemies":"2 Louse","floor":3.0,"turns":2.0},{"damage":6.0,"enemies":"Looter","floor":4.0,"turns":4.0},{"damage":35.0,"enemies":"3 Sentries","floor":7.0,"turns":10.0},{"damage":11,"enemies":"Gremlin Nob","floor":12,"turns":3}],"seed_played":"941335209039527532","potions_obtained":[{"floor":7.0,"key":"Swift Potion"}],"is_trial":false,"path_per_floor":["M","M","M","M","$","R","E","?","T","?","T","E"],"character_chosen":"THE_SILENT","items_purchased":["Well Laid Plans","Backflip"],"campfire_rested":0,"item_purchase_floors":[5,5],"current_hp_per_floor":[58,51,51,45,45,45,10,3,3,19,19,8],"gold":136,"neow_bonus":"THREE_CARDS","is_prod":false,"is_daily":false,"chose_seed":false,"campfire_upgraded":1,"win_rate":0,"timestamp":1549021136,"path_taken":["M","M","M","?","$","R","E","?","T","?","?","E"],"build_version":"2019-01-23","purchased_purges":0,"victory":false,"max_hp_per_floor":[66,66,66,66,66,66,66,66,66,66,66,66],"card_choices":[{"not_picked":["Masterful Stab","Predator"],"picked":"Bouncing Flask","floor":0.0},{"not_picked":["Quick Slash","Acrobatics"],"picked":"PiercingWail","floor":1.0},{"not_picked":["Predator","Bane","Cloak And Dagger"],"picked":"SKIP","floor":2.0},{"not_picked":["Terror","Outmaneuver"],"picked":"Deadly Poison","floor":3.0},{"not_picked":["Blur","Flechettes"],"picked":"Skewer","floor":4.0},{"not_picked":["Heel Hook","Bane","Caltrops"],"picked":"SKIP","floor":7.0}],"player_experience":1057896,"relics_obtained":[{"floor":7.0,"key":"Juzu Bracelet"},{"floor":9.0,"key":"Tiny Chest"},{"floor":11.0,"key":"Kunai"}],"event_choices":[{"cards_removed":["Strike_G"],"damage_healed":0.0,"max_hp_gain":0.0,"max_hp_loss":0.0,"gold_gain":0.0,"event_name":"Golden Wing","player_choice":"Card Removal","floor":8.0,"gold_loss":0.0,"damage_taken":7.0},{"damage_healed":16.0,"max_hp_gain":0.0,"max_hp_loss":0.0,"gold_gain":0.0,"event_name":"The Cleric","player_choice":"Healed","floor":10.0,"gold_loss":35.0,"damage_taken":0.0}],"is_beta":true,"boss_relics":[],"items_purged_floors":[],"is_endless":false,"potions_floor_spawned":[7],"killed_by":"Gremlin Nob","ascension_level":20}