{"gold_per_floor":[16,16,28,39,49,49,68,68,91,91,125,188,198,212,212,317,317,327,327,327,176,176,207,225,225,280,294,294,310,328,345,345,345],"floor_reached":33,"playtime":2639,"items_purged":["Strike_R"],"score":271,"play_id":"6ece6ce9-1a8a-4990-a8a9-bd998508027e","local_time":"20190417221109","is_ascension_mode":false,"campfire_choices":[{"data":"True Grit","floor":6,"key":"SMITH"},{"data":"Power Through","floor":8,"key":"SMITH"},{"data":"Bash","floor":15,"key":"SMITH"},{"data":"Carnage","floor":25,"key":"SMITH"},{"floor":32,"key":"REST"}],"neow_cost":"NO_GOLD","seed_source_timestamp":118709412755885,"circlet_count":0,"master_deck":["Strike_R","Strike_R+1","Strike_R","Defend_R","Defend_R","Defend_R","Defend_R","Bash+1","Shrug It Off","Power Through+1","Clash","Pommel Strike+1","True Grit+1","Warcry","Cleave","Feel No Pain","Flame Barrier","Berserk","True Grit+1","Inflame","Iron Wave","Cleave","Carnage+1","Rupture+1","Carnage+1","Searing Blow+1","Demon Form+1"],"relics":["Burning Blood","Bird Faced Urn","Juzu Bracelet","Bronze Scales","Pen Nib","Mark of Pain","MutagenicStrength","Frozen Egg 2","Potion Belt"],"potions_floor_usage":[],"damage_taken":[{"damage":1,"enemies":"Cultist","floor":1,"turns":3},{"damage":0,"enemies":"2 Louse","floor":3,"turns":3},{"damage":0,"enemies":"Small Slimes","floor":4,"turns":5},{"damage":11,"enemies":"2 Fungi Beasts","floor":5,"turns":4},{"damage":10,"enemies":"Looter","floor":7,"turns":4},{"damage":2,"enemies":"3 Sentries","floor":11,"turns":12},{"damage":22,"enemies":"Gremlin Nob","floor":12,"turns":4},{"damage":5,"enemies":"Gremlin Gang","floor":13,"turns":5},{"damage":12,"enemies":"Lots of Slimes","floor":14,"turns":3},{"damage":27,"enemies":"The Guardian","floor":16,"turns":15},{"damage":0,"enemies":"3 Byrds","floor":18,"turns":6},{"damage":14,"enemies":"Book of Stabbing","floor":23,"turns":5},{"damage":10,"enemies":"Spheric Guardian","floor":24,"turns":5},{"damage":29,"enemies":"Shelled Parasite and Fungi","floor":27,"turns":4},{"damage":11,"enemies":"Snake Plant","floor":29,"turns":2},{"damage":33,"enemies":"Sentry and Sphere","floor":30,"turns":6},{"damage":12,"enemies":"3 Cultists","floor":31,"turns":4},{"damage":63,"enemies":"Collector","floor":33,"turns":7}],"seed_played":"-1544308175856404059","potions_obtained":[{"floor":3,"key":"Block Potion"},{"floor":5,"key":"SteroidPotion"},{"floor":7,"key":"BloodPotion"},{"floor":20,"key":"Energy Potion"},{"floor":20,"key":"Ancient Potion"},{"floor":23,"key":"AttackPotion"}],"is_trial":false,"path_per_floor":["M","?","M","M","M","R","M","R","T","?","E","?","M","M","R","B",null,"M","?","?","$","?","E","M","R","T","M","?","M","M","M","R","B"],"character_chosen":"IRONCLAD","items_purchased":["Inflame"],"campfire_rested":1,"item_purchase_floors":[21],"current_hp_per_floor":[80,80,80,80,75,75,71,71,71,55,59,43,44,40,40,23,80,80,80,80,80,80,72,74,74,74,55,55,50,29,25,49,0],"gold":345,"neow_bonus":"ONE_RARE_RELIC","is_prod":false,"is_daily":false,"chose_seed":false,"campfire_upgraded":4,"win_rate":0.0,"timestamp":1555519269,"path_taken":["M","?","M","M","M","R","M","R","T","?","E","?","M","M","R","BOSS","M","?","?","$","?","E","M","R","T","M","?","M","M","M","R","BOSS"],"build_version":"2019-01-23","purchased_purges":1,"victory":false,"max_hp_per_floor":[80,80,80,80,80,80,80,80,80,80,80,80,80,80,80,80,80,80,80,80,80,80,80,80,80,80,80,80,80,80,80,80,80],"card_choices":[{"not_picked":["Warcry","Clothesline"],"picked":"Shrug It Off","floor":1},{"not_picked":["Dropkick","Armaments"],"picked":"Clash","floor":3},{"not_picked":["Disarm","Flex"],"picked":"Pommel Strike","floor":4},{"not_picked":["Shrug It Off","Warcry"],"picked":"True Grit","floor":5},{"not_picked":["Armaments","Body Slam"],"picked":"Warcry","floor":7},{"not_picked":["Rage","Rampage"],"picked":"Cleave","floor":11},{"not_picked":["Pommel Strike","Headbutt"],"picked":"Barricade","floor":12},{"not_picked":["Flex","Headbutt"],"picked":"Feel No Pain","floor":13},{"not_picked":["Cleave","Combust"],"picked":"Flame Barrier","floor":14},{"not_picked":["Fiend Fire","Brutality"],"picked":"Berserk","floor":16},{"not_picked":["Shockwave","Flame Barrier"],"picked":"True Grit+1","floor":18},{"not_picked":["Battle Trance","Bloodletting"],"picked":"Cleave","floor":23},{"not_picked":["Warcry","Perfected Strike+1"],"picked":"Carnage","floor":24},{"not_picked":["Warcry+1","Anger"],"picked":"Rupture+1","floor":27},{"not_picked":["True Grit+1","Sword Boomerang"],"picked":"Searing Blow+1","floor":29},{"not_picked":["Armaments","Searing Blow+1"],"picked":"Demon Form+1","floor":30},{"not_picked":["Thunderclap","Clash","True Grit"],"picked":"SKIP","floor":31}],"player_experience":21078,"relics_obtained":[{"floor":9,"key":"Juzu Bracelet"},{"floor":11,"key":"Bronze Scales"},{"floor":12,"key":"Pen Nib"},{"floor":23,"key":"Frozen Egg 2"},{"floor":26,"key":"Potion Belt"}],"event_choices":[{"damage_healed":0,"gold_gain":0,"cards_transformed":["Strike_R"],"player_choice":"Change","damage_taken":0,"max_hp_gain":0,"max_hp_loss":0,"event_name":"Living Wall","floor":2,"gold_loss":0,"cards_obtained":["Power Through"]},{"damage_healed":0,"gold_gain":0,"player_choice":"Entered Light","damage_taken":16,"max_hp_gain":0,"max_hp_loss":0,"event_name":"Shining Light","floor":10,"gold_loss":0,"cards_upgraded":["Pommel Strike","Strike_R"]},{"damage_healed":0,"gold_gain":0,"player_choice":"Searched \u00272\u0027 times","damage_taken":0,"max_hp_gain":0,"max_hp_loss":0,"event_name":"Dead Adventurer","floor":12,"gold_loss":0},{"damage_healed":0,"gold_gain":0,"player_choice":"Inject Mutagens","damage_taken":0,"relics_obtained":["MutagenicStrength"],"max_hp_gain":0,"max_hp_loss":0,"event_name":"Drug Dealer","floor":19,"gold_loss":0},{"damage_healed":0,"gold_gain":0,"player_choice":"Got Potions","damage_taken":0,"max_hp_gain":0,"max_hp_loss":0,"event_name":"Lab","floor":20,"gold_loss":0},{"cards_removed":["Barricade"],"damage_healed":0,"gold_gain":0,"player_choice":"Took Card","damage_taken":0,"max_hp_gain":0,"max_hp_loss":0,"event_name":"NoteForYourself","floor":22,"gold_loss":0,"cards_obtained":["Iron Wave"]},{"damage_healed":0,"gold_gain":0,"player_choice":"Copied","damage_taken":0,"max_hp_gain":0,"max_hp_loss":0,"event_name":"Duplicator","floor":28,"gold_loss":0,"cards_obtained":["Carnage"]}],"is_beta":false,"boss_relics":[{"not_picked":["Velvet Choker","Lizard Tail"],"picked":"Mark of Pain"}],"items_purged_floors":[21],"is_endless":false,"potions_floor_spawned":[3,5,7,14,16,23],"killed_by":"Collector","ascension_level":0}