{"gold_per_floor":[214,214,289,307,321,352,362,362,362,133,133,145,145,145,145,240,240,254,154,154,154,167,167,202,202,202,237,237,254,274,65,65,165,165,177,190,65,78,93,93,93,93,93,93,93,93,112,129,129,129],"floor_reached":51,"playtime":5048,"items_purged":["Strike_B","Strike_B","Regret"],"score":667,"play_id":"1d30cba4-3bca-4754-b301-1b1a9b5c5470","local_time":"20190420135314","is_ascension_mode":true,"campfire_choices":[{"floor":8,"key":"REST"},{"data":"Go for the Eyes","floor":11,"key":"SMITH"},{"data":"Coolheaded","floor":13,"key":"SMITH"},{"data":"Conserve Battery","floor":15,"key":"SMITH"},{"data":"Capacitor","floor":23,"key":"SMITH"},{"floor":25,"key":"REST"},{"data":"Defragment","floor":32,"key":"SMITH"},{"data":"Creative AI","floor":40,"key":"SMITH"},{"data":"Barrage","floor":42,"key":"SMITH"},{"data":"Double Energy","floor":45,"key":"SMITH"},{"data":"Zap","floor":49,"key":"SMITH"}],"neow_cost":"NONE","seed_source_timestamp":345561674861125,"circlet_count":0,"master_deck":["Strike_B","Defend_B","Defend_B","Defend_B","Defend_B","Zap+1","Dualcast","Go for the Eyes+1","Capacitor+1","Coolheaded+1","Glacier","Conserve Battery+1","Hologram","Core Surge","Ball Lightning","Melter","Defragment+1","Barrage+1","Double Energy+1","Creative AI+1","Shame","Doubt","Barrage+1","Ball Lightning","Capacitor+1","Enlightenment","Writhe","Steam+1","Glacier+1"],"relics":["Cracked Core","Pantograph","Gambling Chip","Calipers","Regal Pillow","Sozu","Nilry\u0027s Codex","StoneCalendar","Blue Candle","Bag of Preparation","Lee\u0027s Waffle","Calling Bell","Boot","Symbiotic Virus","WingedGreaves","Gremlin Horn"],"potions_floor_usage":[50,50],"damage_taken":[{"damage":1,"enemies":"Jaw Worm","floor":1,"turns":3},{"damage":0,"enemies":"2 Louse","floor":4,"turns":2},{"damage":5,"enemies":"Small Slimes","floor":5,"turns":3},{"damage":12,"enemies":"Lagavulin","floor":6,"turns":8},{"damage":7,"enemies":"Blue Slaver","floor":7,"turns":5},{"damage":0,"enemies":"Large Slime","floor":12,"turns":7},{"damage":18,"enemies":"The Guardian","floor":16,"turns":17},{"damage":3,"enemies":"Spheric Guardian","floor":18,"turns":6},{"damage":6,"enemies":"Shell Parasite","floor":22,"turns":5},{"damage":14,"enemies":"Gremlin Leader","floor":24,"turns":7},{"damage":53,"enemies":"Slavers","floor":27,"turns":7},{"damage":10,"enemies":"Centurion and Healer","floor":29,"turns":7},{"damage":0,"enemies":"Sentry and Sphere","floor":30,"turns":4},{"damage":11,"enemies":"Collector","floor":33,"turns":9},{"damage":10,"enemies":"Orb Walker","floor":35,"turns":5},{"damage":13,"enemies":"3 Darklings","floor":36,"turns":5},{"damage":8,"enemies":"Sphere and 2 Shapes","floor":38,"turns":5},{"damage":0,"enemies":"Maw","floor":39,"turns":6},{"damage":12,"enemies":"Writhing Mass","floor":47,"turns":7},{"damage":4,"enemies":"4 Shapes","floor":48,"turns":7},{"damage":30,"enemies":"Time Eater","floor":50,"turns":22}],"seed_played":"-469851636593698392","potions_obtained":[{"floor":4,"key":"Poison Potion"},{"floor":12,"key":"Explosive Potion"},{"floor":16,"key":"Weak Potion"}],"is_trial":false,"path_per_floor":["M","?","?","M","M","E","M","R","T","$","R","M","R","?","R","B",null,"M","$","?","?","M","R","E","R","T","E","?","M","M","$","R","B",null,"M","M","$","M","M","R","?","R","T","$","R","?","M","M","R","B",null],"character_chosen":"DEFECT","items_purchased":["Regal Pillow","Lee\u0027s Waffle"],"campfire_rested":2,"item_purchase_floors":[10,31],"current_hp_per_floor":[74,67,56,56,51,39,32,54,54,54,54,54,54,59,59,62,80,77,77,61,61,55,55,41,80,80,27,27,17,17,87,87,76,87,77,64,64,56,56,56,56,56,56,56,56,78,66,62,62,57],"gold":129,"neow_bonus":"HUNDRED_GOLD","is_prod":false,"is_daily":false,"chose_seed":false,"campfire_upgraded":9,"win_rate":0,"timestamp":1555748594,"path_taken":["M","?","?","M","M","E","?","R","T","$","R","M","R","?","R","BOSS","M","$","?","?","M","R","E","R","T","E","?","M","?","?","R","BOSS","M","M","$","M","M","R","?","R","T","$","R","?","M","M","R","BOSS"],"build_version":"2019-01-23","purchased_purges":3,"victory":true,"max_hp_per_floor":[75,75,75,75,75,75,75,75,75,75,75,75,75,80,80,80,80,80,80,80,80,80,80,80,80,80,80,80,80,80,87,87,87,87,87,87,87,87,87,87,87,87,87,87,87,87,87,87,87,87],"card_choices":[{"not_picked":["Conserve Battery","Aggregate"],"picked":"Go for the Eyes","floor":1},{"not_picked":["Beam Cell","Gash"],"picked":"Capacitor","floor":4},{"not_picked":["Redo","Loop"],"picked":"Coolheaded","floor":5},{"not_picked":["Double Energy","Go for the Eyes"],"picked":"Glacier","floor":6},{"not_picked":["Rebound","White Noise"],"picked":"Conserve Battery","floor":7},{"not_picked":["Doom and Gloom","Reinforced Body"],"picked":"Hologram","floor":12},{"not_picked":["Meteor Strike","Fission"],"picked":"Core Surge","floor":16},{"not_picked":["Rip and Tear","Redo"],"picked":"Ball Lightning","floor":18},{"not_picked":["Rebound","Static Discharge"],"picked":"Melter","floor":22},{"not_picked":["Streamline+1","Coolheaded","Go for the Eyes"],"picked":"SKIP","floor":24},{"not_picked":["Force Field","Electrodynamics"],"picked":"Defragment","floor":27},{"not_picked":["Skim+1","Force Field"],"picked":"Barrage+1","floor":29},{"not_picked":["Tempest+1","Cold Snap"],"picked":"Double Energy","floor":30},{"not_picked":["Multi-Cast","All For One"],"picked":"Creative AI","floor":33},{"not_picked":["Steam Power","BootSequence+1"],"picked":"Barrage","floor":35},{"not_picked":["Streamline+1","Lockon+1"],"picked":"Ball Lightning","floor":36},{"not_picked":["Steam","Redo+1","Storm+1"],"picked":"SKIP","floor":38},{"not_picked":["Cold Snap","Rip and Tear+1"],"picked":"Capacitor+1","floor":39},{"not_picked":["PanicButton","Dark Shackles"],"picked":"Enlightenment","floor":41},{"not_picked":["Auto Shields","Thunder Strike"],"picked":"Steam+1","floor":47},{"not_picked":["Gash","Conserve Battery"],"picked":"Glacier+1","floor":48}],"player_experience":78366,"relics_obtained":[{"floor":6,"key":"Gambling Chip"},{"floor":9,"key":"Calipers"},{"floor":20,"key":"Nilry\u0027s Codex"},{"floor":24,"key":"StoneCalendar"},{"floor":26,"key":"Blue Candle"},{"floor":27,"key":"Bag of Preparation"},{"floor":34,"key":"Boot"},{"floor":34,"key":"Symbiotic Virus"},{"floor":34,"key":"WingedGreaves"},{"floor":43,"key":"Gremlin Horn"}],"event_choices":[{"damage_healed":0,"gold_gain":0,"player_choice":"Success","damage_taken":7,"relics_obtained":["Pantograph"],"max_hp_gain":0,"max_hp_loss":0,"event_name":"Scrap Ooze","floor":2,"gold_loss":0},{"damage_healed":0,"gold_gain":75,"player_choice":"Gather Gold","damage_taken":11,"max_hp_gain":0,"max_hp_loss":0,"event_name":"World of Goop","floor":3,"gold_loss":0},{"damage_healed":0,"gold_gain":0,"player_choice":"Donut","damage_taken":0,"max_hp_gain":5,"max_hp_loss":0,"event_name":"Big Fish","floor":14,"gold_loss":0},{"damage_healed":0,"gold_gain":0,"player_choice":"Obtained Book","damage_taken":16,"max_hp_gain":0,"max_hp_loss":0,"event_name":"Cursed Tome","floor":20,"gold_loss":0},{"damage_healed":0,"gold_gain":0,"player_choice":"Ignored","damage_taken":0,"max_hp_gain":0,"max_hp_loss":0,"event_name":"Vampires","floor":21,"gold_loss":0},{"cards_removed":["Strike_B"],"damage_healed":0,"gold_gain":0,"player_choice":"Card Removal","damage_taken":0,"max_hp_gain":0,"max_hp_loss":0,"event_name":"Wheel of Change","floor":28,"gold_loss":0},{"damage_healed":0,"gold_gain":0,"player_choice":"Memory 1","damage_taken":0,"max_hp_gain":0,"max_hp_loss":0,"event_name":"SensoryStone","floor":41,"gold_loss":0},{"damage_healed":22,"gold_gain":0,"player_choice":"Writhe","damage_taken":0,"max_hp_gain":0,"max_hp_loss":0,"event_name":"Winding Halls","floor":46,"gold_loss":0,"cards_obtained":["Writhe"]}],"is_beta":false,"boss_relics":[{"not_picked":["Empty Cage","Astrolabe"],"picked":"Sozu"},{"not_picked":["Runic Dome","Velvet Choker"],"picked":"Calling Bell"}],"items_purged_floors":[10,19,37],"is_endless":false,"potions_floor_spawned":[4,12,16,24,29,35,39,48],"ascension_level":1}