{"gold_per_floor":[109,109,109,128,128,128,128,128,128,159,174,99,110,127,127,227,227,246,266,30,30,30,30,41,41,67,67],"floor_reached":27,"playtime":12406,"items_purged":["Regret","Defend_R"],"score":211,"play_id":"a177af03-1a58-43d2-bbff-2b20cea5d101","local_time":"20190417221325","is_ascension_mode":false,"campfire_choices":[{"floor":6,"key":"REST"},{"data":"Metallicize","floor":8,"key":"SMITH"},{"floor":15,"key":"REST"},{"floor":23,"key":"REST"}],"neow_cost":"","seed_source_timestamp":685909210024751,"circlet_count":0,"master_deck":["Strike_R","Strike_R","Strike_R","Strike_R","Defend_R","Defend_R","Defend_R","Bash","Metallicize+1","Infernal Blade+1","Armaments","Battle Trance","Thunderclap","Cleave","Juggernaut","Headbutt","Rage","Good Instincts","Iron Wave"],"relics":["Burning Blood","Pantograph","Dodecahedron","Sundial","Philosopher\u0027s Stone","MutagenicStrength","Oddly Smooth Stone"],"potions_floor_usage":[16,16],"damage_taken":[{"damage":19,"enemies":"Small Slimes","floor":1,"turns":5},{"damage":7,"enemies":"2 Louse","floor":4,"turns":3},{"damage":40,"enemies":"Lagavulin","floor":10,"turns":7},{"damage":4,"enemies":"Cultist","floor":11,"turns":3},{"damage":13,"enemies":"Exordium Wildlife","floor":13,"turns":4},{"damage":8,"enemies":"Blue Slaver","floor":14,"turns":4},{"damage":63,"enemies":"The Guardian","floor":16,"turns":11},{"damage":27,"enemies":"3 Byrds","floor":18,"turns":5},{"damage":15,"enemies":"2 Thieves","floor":19,"turns":4},{"damage":21,"enemies":"Snake Plant","floor":24,"turns":3},{"damage":70,"enemies":"Slavers","floor":27,"turns":3}],"seed_played":"-4195860781530304031","potions_obtained":[{"floor":1,"key":"Poison Potion"},{"floor":11,"key":"Strength Potion"},{"floor":16,"key":"GamblersBrew"},{"floor":24,"key":"Energy Potion"}],"is_trial":false,"path_per_floor":["M","$","?","M","?","R","?","R","T","E","M","$","M","M","R","B",null,"M","M","$","?","?","R","M","?","T","E"],"character_chosen":"IRONCLAD","items_purchased":["Good Instincts","Poison Potion"],"campfire_rested":3,"item_purchase_floors":[20,20],"current_hp_per_floor":[67,67,60,59,59,80,80,80,80,46,48,48,41,39,63,23,80,59,50,50,50,50,74,59,59,59,0],"gold":67,"neow_bonus":"","is_prod":false,"is_daily":false,"chose_seed":false,"campfire_upgraded":1,"win_rate":0.0,"timestamp":1555553605,"path_taken":["M","$","?","M","?","R","?","R","T","E","?","$","M","M","R","BOSS","M","M","$","?","?","R","M","?","T","E"],"build_version":"2019-01-23","purchased_purges":2,"victory":false,"max_hp_per_floor":[80,80,80,80,80,80,80,80,80,80,80,80,80,80,80,80,80,80,80,80,80,80,80,80,80,80,80],"card_choices":[{"not_picked":["Corruption","Hemokinesis"],"picked":"Metallicize","floor":1},{"not_picked":["Flex","Sword Boomerang"],"picked":"Infernal Blade","floor":4},{"not_picked":["True Grit","Pummel"],"picked":"Armaments","floor":10},{"not_picked":["Dual Wield","Inflame"],"picked":"Battle Trance","floor":11},{"not_picked":["Carnage","Body Slam"],"picked":"Thunderclap","floor":13},{"not_picked":["Reckless Charge","Warcry"],"picked":"Cleave","floor":14},{"not_picked":["Fiend Fire","Reaper"],"picked":"Juggernaut","floor":16},{"not_picked":["Whirlwind","Body Slam"],"picked":"Headbutt","floor":18},{"not_picked":["Uppercut","Headbutt"],"picked":"Rage","floor":19},{"not_picked":["Seeing Red","Armaments"],"picked":"Iron Wave","floor":24}],"player_experience":0,"relics_obtained":[{"floor":9,"key":"Dodecahedron"},{"floor":10,"key":"Sundial"},{"floor":26,"key":"Oddly Smooth Stone"}],"event_choices":[{"cards_removed":["Strike_R"],"damage_healed":0,"gold_gain":0,"player_choice":"Card Removal","damage_taken":7,"max_hp_gain":0,"max_hp_loss":0,"event_name":"Golden Wing","floor":3,"gold_loss":0},{"damage_healed":0,"gold_gain":0,"player_choice":"Box","damage_taken":0,"relics_obtained":["Pantograph"],"max_hp_gain":0,"max_hp_loss":0,"event_name":"Big Fish","floor":5,"gold_loss":0,"cards_obtained":["Regret"]},{"damage_healed":0,"gold_gain":0,"player_choice":"Forge","damage_taken":0,"max_hp_gain":0,"max_hp_loss":0,"event_name":"Accursed Blacksmith","floor":7,"gold_loss":0,"cards_upgraded":["Infernal Blade"]},{"damage_healed":0,"gold_gain":0,"player_choice":"Inject Mutagens","damage_taken":0,"relics_obtained":["MutagenicStrength"],"max_hp_gain":0,"max_hp_loss":0,"event_name":"Drug Dealer","floor":22,"gold_loss":0},{"damage_healed":0,"gold_gain":0,"player_choice":"Ignored","damage_taken":0,"max_hp_gain":0,"max_hp_loss":0,"event_name":"The Mausoleum","floor":25,"gold_loss":0}],"is_beta":false,"boss_relics":[{"not_picked":["Runic Cube","Orrery"],"picked":"Philosopher\u0027s Stone"}],"items_purged_floors":[12,20],"is_endless":false,"potions_floor_spawned":[1,11,16,24],"killed_by":"Slavers","ascension_level":0}