{"path_per_floor":["M","?","M","M","$","E","M","M","T","R","M","?","M","E","R","B",null,"M","?","$","M","?","R","M","R","T","?","M","R","M","E","R","B",null,"M","?","?","$","M","R","M","R","T","?"],"character_chosen":"THE_SILENT","items_purchased":["Acrobatics","Toolbox"],"gold_per_floor":[110,110,124,137,17,47,64,74,122,122,136,311,329,355,355,460,460,471,386,34,51,51,51,64,64,64,64,80,80,100,125,125,224,224,234,234,234,109,125,125,136,136,161,161],"floor_reached":45,"campfire_rested":1,"playtime":4545,"current_hp_per_floor":[70,70,70,70,70,50,50,50,50,50,50,50,50,27,27,17,70,52,52,52,43,43,53,43,53,53,53,34,44,46,40,50,1,70,59,59,49,49,31,41,7,40,47,47],"items_purged":["Strike_G","Strike_G","Strike_G"],"gold":161,"play_id":"6e48a13e-b783-4bc5-a0c2-7bc162ad35ff","is_prod":false,"is_daily":false,"campfire_rituals":0,"campfire_upgraded":7,"is_hardmode":false,"path_taken":["M","?","M","?","$","E","M","M","T","R","M","?","?","E","R","BOSS","M","?","$","M","?","R","M","R","T","?","?","R","?","E","R","BOSS","M","?","?","$","?","R","M","R","T","?","E"],"build_version":"2018-01-18-PROD4","purchased_purges":3,"victory":false,"master_deck":["Defend_G","Defend_G","Defend_G","Defend_G","Defend_G","Strike_G","Strike_G","Survivor","Neutralize","Backflip","Distraction","Finisher","Flying Knee","Acrobatics","Die Die Die","Sucker Punch","Flying Knee","Quick Slash","Doubt","Heel Hook","Dagger Throw","Phantasmal Killer","Outmaneuver","Outmaneuver","Footwork","PiercingWail","Sucker Punch","Madness","Madness","Deflect"],"max_hp_per_floor":[70,70,70,70,70,70,70,70,70,70,70,70,70,70,70,70,70,70,70,70,70,70,70,70,70,70,70,70,70,70,70,70,70,70,70,70,70,70,70,70,70,70,77,77],"relics":["Runic Pyramid","Anchor","Ancient Tea Set","Ninja Scroll","Eternal Feather","Sundial","Toolbox","Blood Vial","Bronze Scales","Philosopher\u0027s Stone","Strawberry"],"campfire_meditates":0,"card_choices":[{"not_picked":["Riddle With Holes","Malaise"],"picked":"Backflip"},{"not_picked":["Bane","Backflip"],"picked":"Finisher"},{"not_picked":["Dodge and Roll","Eviscerate"],"picked":"Flying Knee"},{"not_picked":["Finisher","Prepared"],"picked":"Die Die Die"},{"not_picked":["Dagger Throw","Prepared"],"picked":"Sucker Punch"},{"not_picked":["Leg Sweep","PiercingWail"],"picked":"Flying Knee"},{"not_picked":["Deadly Poison","Caltrops"],"picked":"Quick Slash"},{"not_picked":["Deflect","Acrobatics"],"picked":"Heel Hook"},{"not_picked":["Caltrops","Venomology"],"picked":"Dagger Throw"},{"not_picked":["After Image","A Thousand Cuts"],"picked":"Phantasmal Killer"},{"not_picked":["Prepared","Dagger Spray"],"picked":"Outmaneuver"},{"not_picked":["Crippling Poison","Escape Plan"],"picked":"Outmaneuver"},{"not_picked":["Malaise","Sucker Punch"],"picked":"Footwork"},{"not_picked":["Slice","Infinite Blades"],"picked":"PiercingWail"},{"not_picked":["Eviscerate","Distraction"],"picked":"Sucker Punch"},{"not_picked":["Deadly Poison","Dodge and Roll"],"picked":"Deflect"}],"player_experience":27784,"potions_floor_usage":[33,39],"damage_taken":[{"damage":0.0,"enemies":"Cultist","floor":1.0,"turns":5.0},{"damage":0.0,"enemies":"Jaw Worm","floor":3.0,"turns":5.0},{"damage":0.0,"enemies":"Blue Slaver","floor":4.0,"turns":7.0},{"damage":20.0,"enemies":"3 Sentries","floor":6.0,"turns":11.0},{"damage":0.0,"enemies":"Large Slime","floor":7.0,"turns":5.0},{"damage":0.0,"enemies":"Exordium Thugs","floor":8.0,"turns":5.0},{"damage":0.0,"enemies":"2 Fungi Beasts","floor":11.0,"turns":4.0},{"damage":0.0,"enemies":"Gremlin Gang","floor":13.0,"turns":3.0},{"damage":23.0,"enemies":"Lagavulin","floor":14.0,"turns":7.0},{"damage":10.0,"enemies":"Slime Boss","floor":16.0,"turns":13.0},{"damage":18.0,"enemies":"Spheric Guardian","floor":18.0,"turns":5.0},{"damage":9.0,"enemies":"Shell Parasite","floor":21.0,"turns":5.0},{"damage":10.0,"enemies":"Chosen and Byrds","floor":24.0,"turns":3.0},{"damage":21.0,"enemies":"Sentry and Sphere","floor":28.0,"turns":5.0},{"damage":0.0,"enemies":"3 Cultists","floor":30.0,"turns":6.0},{"damage":8.0,"enemies":"Slavers","floor":31.0,"turns":4.0},{"damage":51,"enemies":"Collector","floor":33,"turns":7},{"damage":11,"enemies":"3 Shapes","floor":35,"turns":4},{"damage":20,"enemies":"3 Darklings","floor":39,"turns":4},{"damage":36,"enemies":"Maw","floor":41,"turns":9},{"damage":66,"enemies":"2 Orb Walkers","floor":45,"turns":5}],"event_choices":[{"event_name":"Match and Keep!","player_choice":"1 cards matched","floor":2.0,"damage_taken":0.0},{"event_name":"Liars Game","player_choice":"agreed","floor":12.0,"damage_taken":0.0},{"event_name":"Addict","player_choice":"Obtained Relic","floor":19.0,"damage_taken":0.0},{"event_name":"Drug Dealer","player_choice":"Ignored","floor":22.0,"damage_taken":0.0},{"event_name":"Beggar","player_choice":"Ignored","floor":27.0,"damage_taken":0.0},{"event_name":"Tomb of Lord Red Mask","player_choice":"Ignored","floor":36,"damage_taken":0},{"event_name":"Winding Halls","player_choice":"Embrace Madness","floor":37,"damage_taken":0},{"event_name":"Mysterious Sphere","player_choice":"Ignore","floor":44,"damage_taken":0}],"boss_relics":[{"not_picked":["The Specimen","White Beast Statue"],"picked":"Philosopher\u0027s Stone"}],"potions_floor_spawned":[3,7,11,14,24,30,33,41],"seed_played":"1636081324197816635","killed_by":"2 Orb Walkers","is_trial":false}