{"gold_per_floor":[114,130,130,142,142,142,171,171,194,204,204,219,219,230,230,333,333,351,112,125,142,156,156,56,90,142,52,70,70,90,103,103,103],"floor_reached":33,"playtime":4244,"items_purged":["Decay","Writhe"],"score":271,"play_id":"5b9fc735-62d7-4aab-a4a9-ace69acb59ed","local_time":"20190422180353","is_ascension_mode":false,"campfire_choices":[{"data":"Sucker Punch","floor":6,"key":"SMITH"},{"data":"Neutralize","floor":8,"key":"SMITH"},{"data":"Backstab","floor":11,"key":"SMITH"},{"data":"Caltrops","floor":13,"key":"SMITH"},{"data":"Infinite Blades","floor":15,"key":"SMITH"},{"floor":23,"key":"REST"},{"data":"Malaise","floor":29,"key":"SMITH"},{"data":"Prepared","floor":32,"key":"SMITH"}],"neow_cost":"CURSE","seed_source_timestamp":0,"circlet_count":0,"master_deck":["Defend_G","Defend_G","Defend_G","Defend_G","Defend_G","Strike_G+1","Strike_G","Strike_G","Strike_G","Strike_G","Survivor","Neutralize+1","Backstab+1","Flying Knee","Sucker Punch+1","Deflect","Eviscerate","Backstab","Caltrops+1","Infinite Blades+1","Malaise+1","Dagger Throw+1","Sadistic Nature","Prepared+1","Dagger Throw","Backflip","Terror+1","Flying Knee+1"],"special_seed":0,"relics":["Ring of the Snake","Unceasing Top","Orichalcum","Bronze Scales","Calling Bell","Dream Catcher","Dodecahedron","Bird Faced Urn","Ice Cream","Bag of Marbles"],"potions_floor_usage":[7,7,16,21,25,25,31,33],"damage_taken":[{"damage":0,"enemies":"Small Slimes","floor":1,"turns":5},{"damage":0,"enemies":"2 Louse","floor":2,"turns":3},{"damage":0,"enemies":"Cultist","floor":4,"turns":4},{"damage":2,"enemies":"Lagavulin","floor":7,"turns":6},{"damage":0,"enemies":"Large Slime","floor":10,"turns":6},{"damage":0,"enemies":"Lots of Slimes","floor":12,"turns":3},{"damage":1,"enemies":"Blue Slaver","floor":14,"turns":2},{"damage":30,"enemies":"The Guardian","floor":16,"turns":8},{"damage":1,"enemies":"Chosen","floor":18,"turns":4},{"damage":5,"enemies":"3 Byrds","floor":20,"turns":2},{"damage":14,"enemies":"Snecko","floor":21,"turns":5},{"damage":10,"enemies":"Shelled Parasite and Fungi","floor":22,"turns":5},{"damage":23,"enemies":"Gremlin Leader","floor":25,"turns":4},{"damage":4,"enemies":"3 Cultists","floor":28,"turns":5},{"damage":0,"enemies":"Snake Plant","floor":30,"turns":3},{"damage":0,"enemies":"Cultist and Chosen","floor":31,"turns":4},{"damage":75,"enemies":"Champ","floor":33,"turns":11}],"seed_played":"-1948321669989957699","potions_obtained":[{"floor":1,"key":"GhostInAJar"},{"floor":2,"key":"AttackPotion"},{"floor":12,"key":"PowerPotion"},{"floor":16,"key":"Swift Potion"},{"floor":18,"key":"Explosive Potion"},{"floor":20,"key":"Strength Potion"},{"floor":21,"key":"Strength Potion"},{"floor":30,"key":"Fire Potion"}],"is_trial":false,"path_per_floor":["M","M","?","M","?","R","E","R","T","M","R","M","R","M","R","B",null,"M","$","M","M","M","R","$","E","T","?","M","R","M","M","R","B"],"character_chosen":"THE_SILENT","items_purchased":["Sadistic Nature"],"campfire_rested":1,"item_purchase_floors":[19],"current_hp_per_floor":[70,70,63,63,63,63,61,61,61,61,61,61,61,60,60,30,70,69,69,65,55,51,70,70,49,49,49,51,51,55,61,61,0],"gold":103,"neow_bonus":"ONE_RARE_RELIC","is_prod":false,"is_daily":false,"chose_seed":false,"campfire_upgraded":7,"win_rate":0,"timestamp":1555970633,"path_taken":["M","M","?","M","?","R","E","R","T","M","R","M","R","M","R","BOSS","M","$","M","?","M","R","$","E","T","?","?","R","?","M","R","BOSS"],"build_version":"2019-01-23","purchased_purges":2,"victory":false,"max_hp_per_floor":[70,70,70,70,70,70,70,70,70,70,70,70,70,70,70,70,70,70,70,70,70,70,70,70,70,70,70,70,70,70,70,70,70],"card_choices":[{"not_picked":["Outmaneuver","Slice"],"picked":"Backstab","floor":1},{"not_picked":["Escape Plan","Dash"],"picked":"Flying Knee","floor":2},{"not_picked":["Leg Sweep","Flechettes"],"picked":"Sucker Punch","floor":4},{"not_picked":["Bullet Time","Outmaneuver"],"picked":"Eviscerate","floor":7},{"not_picked":["Blade Dance","All Out Attack"],"picked":"Backstab","floor":10},{"not_picked":["Bane","Dagger Spray"],"picked":"Caltrops","floor":12},{"not_picked":["Poisoned Stab","Blade Dance"],"picked":"Infinite Blades","floor":14},{"not_picked":["Phantasmal Killer","Bullet Time"],"picked":"Malaise","floor":16},{"not_picked":["Underhanded Strike","Reflex+1"],"picked":"Dagger Throw+1","floor":18},{"not_picked":["Quick Slash+1","Heel Hook"],"picked":"Prepared","floor":20},{"not_picked":["Endless Agony","PiercingWail+1","Heel Hook"],"picked":"SKIP","floor":21},{"not_picked":["All Out Attack","Tactician+1","Finisher"],"picked":"SKIP","floor":22},{"not_picked":["Distraction","Bouncing Flask"],"picked":"Dagger Throw","floor":25},{"not_picked":["Blade Dance","PiercingWail"],"picked":"Backflip","floor":28},{"not_picked":["PiercingWail","Prepared"],"picked":"Terror+1","floor":30},{"not_picked":["Backflip+1","Eviscerate+1"],"picked":"Flying Knee+1","floor":31}],"player_experience":137408,"relics_obtained":[{"floor":7,"key":"Orichalcum"},{"floor":9,"key":"Bronze Scales"},{"floor":17,"key":"Dream Catcher"},{"floor":17,"key":"Dodecahedron"},{"floor":17,"key":"Bird Faced Urn"},{"floor":25,"key":"Ice Cream"},{"floor":26,"key":"Bag of Marbles"}],"event_choices":[{"cards_removed":["Doubt"],"damage_healed":0,"gold_gain":0,"player_choice":"Card Removal","damage_taken":7,"max_hp_gain":0,"max_hp_loss":0,"event_name":"Golden Wing","floor":3,"gold_loss":0},{"damage_healed":0,"gold_gain":0,"player_choice":"1 cards matched","damage_taken":0,"max_hp_gain":0,"max_hp_loss":0,"event_name":"Match and Keep!","floor":5,"gold_loss":0,"cards_obtained":["Deflect"]},{"damage_healed":0,"gold_gain":0,"player_choice":"1 cards matched","damage_taken":0,"max_hp_gain":0,"max_hp_loss":0,"event_name":"Match and Keep!","floor":5,"gold_loss":0,"cards_obtained":["Deflect"]},{"cards_removed":["Clumsy"],"damage_healed":0,"gold_gain":0,"player_choice":"Upgrade and Remove","damage_taken":0,"max_hp_gain":0,"max_hp_loss":0,"event_name":"Designer","floor":27,"gold_loss":90,"cards_upgraded":["Strike_G"]}],"is_beta":false,"boss_relics":[{"not_picked":["Tiny House","Runic Dome"],"picked":"Calling Bell"}],"items_purged_floors":[19,24],"is_endless":false,"potions_floor_spawned":[1,2,12,16,18,20,21,30],"killed_by":"Champ","ascension_level":0}