{"gold_per_floor":[111,111,111,122,10,37,47,62,116,143,143,172,172,191,191,267,267,285,285,299,309,320,355,367,411,446,469,498,542,183,193,193,193],"floor_reached":33,"playtime":1303,"items_purged":["Strike_R","Strike_R"],"score":708,"play_id":"0a6f8653-abfd-4fe3-aed1-012eaed3069b","local_time":"20190216203603","is_ascension_mode":true,"campfire_choices":[{"data":"Inflame","floor":11.0,"key":"SMITH"},{"data":"Bash","floor":13.0,"key":"SMITH"},{"data":"Fiend Fire","floor":15.0,"key":"SMITH"},{"data":"Immolate","floor":24.0,"key":"SMITH"},{"data":"True Grit","floor":32,"key":"SMITH"}],"neow_cost":"NONE","seed_source_timestamp":1895493283023396,"circlet_count":0,"master_deck":["AscendersBane","Strike_R","Strike_R","Defend_R","Defend_R","Defend_R","Defend_R","Bash+1","Inflame+1","Twin Strike","Uppercut","Shrug It Off","Cleave","Anger","Fiend Fire+1","Immolate+1","Shrug It Off","Power Through","Dropkick","Impervious","Warcry+1","Shrug It Off","True Grit+1"],"special_seed":0,"relics":["Burning Blood","NeowsBlessing","Bronze Scales","Oddly Smooth Stone","PreservedInsect","Magic Flower","Ornamental Fan","Runic Pyramid","MawBank","Centennial Puzzle","Letter Opener","Membership Card","Omamori"],"potions_floor_usage":[27,33,33],"damage_taken":[{"damage":0.0,"enemies":"Cultist","floor":1.0,"turns":1.0},{"damage":0.0,"enemies":"Jaw Worm","floor":4.0,"turns":1.0},{"damage":0.0,"enemies":"3 Sentries","floor":6.0,"turns":2.0},{"damage":0.0,"enemies":"2 Louse","floor":7.0,"turns":2.0},{"damage":6.0,"enemies":"Red Slaver","floor":8.0,"turns":3.0},{"damage":8.0,"enemies":"Gremlin Nob","floor":10.0,"turns":3.0},{"damage":10.0,"enemies":"3 Sentries","floor":12.0,"turns":4.0},{"damage":2.0,"enemies":"Lots of Slimes","floor":14.0,"turns":2.0},{"damage":28.0,"enemies":"Slime Boss","floor":16.0,"turns":6.0},{"damage":0.0,"enemies":"Spheric Guardian","floor":18.0,"turns":2.0},{"damage":0.0,"enemies":"Chosen","floor":20.0,"turns":2.0},{"damage":24.0,"enemies":"Snake Plant","floor":21.0,"turns":4.0},{"damage":20.0,"enemies":"Centurion and Healer","floor":22.0,"turns":5.0},{"damage":36.0,"enemies":"Slavers","floor":23.0,"turns":4.0},{"damage":4.0,"enemies":"Book of Stabbing","floor":25.0,"turns":3.0},{"damage":0,"enemies":"Shelled Parasite and Fungi","floor":27,"turns":4},{"damage":0,"enemies":"Chosen and Byrds","floor":28,"turns":4},{"damage":1,"enemies":"Gremlin Leader","floor":29,"turns":5},{"damage":0,"enemies":"Sentry and Sphere","floor":31,"turns":4},{"damage":59,"enemies":"Collector","floor":33,"turns":9}],"seed_played":"6799134699177605059","potions_obtained":[{"floor":4.0,"key":"Explosive Potion"},{"floor":6.0,"key":"Fruit Juice"},{"floor":12.0,"key":"Swift Potion"},{"floor":14.0,"key":"PowerPotion"},{"floor":19.0,"key":"Energy Potion"},{"floor":22.0,"key":"Weak Potion"},{"floor":27,"key":"EssenceOfSteel"},{"floor":29,"key":"Energy Potion"}],"is_trial":false,"path_per_floor":["M","T","?","M","$","E","M","M","T","E","R","E","R","M","R","B",null,"M","?","M","M","M","E","R","E","T","M","M","E","$","M","R","B"],"character_chosen":"IRONCLAD","items_purchased":["Uppercut","Membership Card","True Grit","Omamori"],"campfire_rested":0,"item_purchase_floors":[5,30,30,30],"current_hp_per_floor":[74,74,67,73,73,75,75,75,75,73,73,77,77,80,80,61,75,80,80,80,65,54,27,27,32,32,41,50,58,58,67,67,8],"gold":193,"neow_bonus":"THREE_ENEMY_KILL","is_prod":false,"is_daily":false,"chose_seed":false,"campfire_upgraded":5,"win_rate":0,"timestamp":1550378163,"path_taken":["M","?","?","M","$","E","M","M","T","E","R","E","R","M","R","BOSS","M","?","M","M","M","E","R","E","T","?","M","E","$","M","R","BOSS"],"build_version":"2019-02-06","purchased_purges":2,"victory":false,"max_hp_per_floor":[75,75,75,75,75,75,75,75,75,75,75,80,80,80,80,80,80,80,80,80,80,80,80,80,80,80,80,80,80,80,80,80,80],"card_choices":[{"not_picked":["Sword Boomerang","Anger"],"picked":"Inflame","floor":1.0},{"not_picked":["Second Wind","Sentinel"],"picked":"Twin Strike","floor":4.0},{"not_picked":["Corruption","Cleave","Berserk"],"picked":"SKIP","floor":6.0},{"not_picked":["Warcry","Seeing Red"],"picked":"Shrug It Off","floor":7.0},{"not_picked":["Entrench","Intimidate"],"picked":"Cleave","floor":8.0},{"not_picked":["Flex","Dual Wield"],"picked":"Anger","floor":10.0},{"not_picked":["Iron Wave","Dual Wield"],"picked":"Fiend Fire","floor":12.0},{"not_picked":["Flex","Cleave","Thunderclap"],"picked":"SKIP","floor":14.0},{"not_picked":["Juggernaut","Berserk"],"picked":"Immolate","floor":16.0},{"not_picked":["Iron Wave","Body Slam","Heavy Blade"],"picked":"SKIP","floor":18.0},{"not_picked":["Headbutt","Cleave"],"picked":"Shrug It Off","floor":20.0},{"not_picked":["Blood for Blood","Rage"],"picked":"Power Through","floor":21.0},{"not_picked":["Perfected Strike+1","Cleave"],"picked":"Dropkick","floor":22.0},{"not_picked":["Sword Boomerang","Blood for Blood"],"picked":"Impervious","floor":23.0},{"not_picked":["Anger","Clothesline","Heavy Blade"],"picked":"SKIP","floor":25.0},{"not_picked":["Anger","Heavy Blade"],"picked":"Warcry+1","floor":27},{"not_picked":["Entrench","Thunderclap"],"picked":"Shrug It Off","floor":28},{"not_picked":["Fire Breathing","Seeing Red","Sword Boomerang"],"picked":"SKIP","floor":29},{"not_picked":["Pummel","Clash","Burning Pact"],"picked":"SKIP","floor":31}],"player_experience":1183679,"relics_obtained":[{"floor":2.0,"key":"Bronze Scales"},{"floor":6.0,"key":"Oddly Smooth Stone"},{"floor":9.0,"key":"PreservedInsect"},{"floor":10.0,"key":"Magic Flower"},{"floor":12.0,"key":"Ornamental Fan"},{"floor":23.0,"key":"MawBank"},{"floor":25.0,"key":"Centennial Puzzle"},{"floor":29,"key":"Letter Opener"}],"event_choices":[{"cards_removed":["Strike_R"],"damage_healed":0.0,"max_hp_gain":0.0,"max_hp_loss":0.0,"gold_gain":0.0,"event_name":"Golden Wing","player_choice":"Card Removal","floor":3.0,"gold_loss":0.0,"damage_taken":7.0},{"damage_healed":0.0,"max_hp_gain":0.0,"max_hp_loss":0.0,"gold_gain":0.0,"event_name":"Lab","player_choice":"Got Potions","floor":19.0,"gold_loss":0.0,"damage_taken":0.0}],"is_beta":true,"boss_relics":[{"not_picked":["Sozu","Eternal Feather"],"picked":"Runic Pyramid"}],"items_purged_floors":[5,30],"is_endless":false,"potions_floor_spawned":[4,6,12,14,20,21,22,27,29,31],"killed_by":"Collector","ascension_level":20}