{"gold_per_floor":[116,191,191,207,218,218,233,266,342,353,353,21,21,35,35,109,109,120,120,63,82,0,0,0],"floor_reached":24,"playtime":636,"items_purged":["Strike_B"],"score":417,"play_id":"0d4b9470-88c3-4e15-9738-ddaf1a5271e4","local_time":"20190123001127","is_ascension_mode":true,"campfire_choices":[{"data":"Darkness","floor":6.0,"key":"SMITH"},{"data":"Redo","floor":11.0,"key":"SMITH"},{"data":"Zap","floor":15.0,"key":"SMITH"},{"data":"Multi-Cast","floor":23,"key":"SMITH"}],"neow_cost":"NONE","seed_source_timestamp":358234649137617,"circlet_count":0,"master_deck":["AscendersBane","Strike_B","Strike_B","Defend_B","Defend_B","Defend_B","Defend_B","Zap+1","Dualcast","Darkness+1","Cold Snap","Redo+1","Conserve Battery","Capacitor","Coolheaded","Reboot","Multi-Cast+1","Leap","Leap+1"],"special_seed":0,"relics":["Cracked Core","NeowsBlessing","Mango","Pear","Potion Belt","Cursed Key"],"potions_floor_usage":[24,24],"damage_taken":[{"damage":0.0,"enemies":"Small Slimes","floor":1.0,"turns":1.0},{"damage":0.0,"enemies":"Cultist","floor":4.0,"turns":1.0},{"damage":0.0,"enemies":"Jaw Worm","floor":5.0,"turns":1.0},{"damage":7.0,"enemies":"Blue Slaver","floor":7.0,"turns":4.0},{"damage":23.0,"enemies":"Lagavulin","floor":8.0,"turns":7.0},{"damage":8.0,"enemies":"Large Slime","floor":10.0,"turns":4.0},{"damage":7.0,"enemies":"Looter","floor":14.0,"turns":3.0},{"damage":23.0,"enemies":"The Guardian","floor":16.0,"turns":9.0},{"damage":15.0,"enemies":"Shell Parasite","floor":18.0,"turns":3.0},{"damage":22.0,"enemies":"2 Thieves","floor":21.0,"turns":3.0},{"damage":32,"enemies":"Book of Stabbing","floor":24,"turns":7}],"seed_played":"4279561208926276349","potions_obtained":[{"floor":4.0,"key":"Regen Potion"},{"floor":5.0,"key":"Energy Potion"}],"is_trial":false,"path_per_floor":["?","?","M","?","?","?"],"character_chosen":"DEFECT","items_purchased":["Capacitor","Coolheaded","Potion Belt","Dexterity Potion"],"campfire_rested":0,"item_purchase_floors":[12,12,12,20],"current_hp_per_floor":[64,53,53,53,53,53,46,37,47,39,39,39,39,32,32,9,74,59,59,59,37,37,37,20],"gold":0,"neow_bonus":"THREE_ENEMY_KILL","is_prod":false,"is_daily":false,"chose_seed":false,"campfire_upgraded":4,"win_rate":0,"timestamp":1548231087,"path_taken":["M","?","?","M","?","R","M","E","T","M","R","$","?","M","R","BOSS","M","?","$","M","?","R","E"],"build_version":"2019-01-22","purchased_purges":1,"victory":false,"max_hp_per_floor":[71,71,71,71,71,71,71,85,95,95,95,95,95,95,95,95,95,95,95,95,95,95,95,95],"card_choices":[{"not_picked":["Sweeping Beam","Redo","Aggregate"],"picked":"SKIP","floor":1.0},{"not_picked":["Stack","Barrage"],"picked":"Darkness","floor":4.0},{"not_picked":["Beam Cell","Hologram"],"picked":"Cold Snap","floor":5.0},{"not_picked":["Gash","Chaos"],"picked":"Redo","floor":7.0},{"not_picked":["Force Field","Compile Driver"],"picked":"Conserve Battery","floor":8.0},{"not_picked":["Recycle","Sweeping Beam","Gash"],"picked":"SKIP","floor":10.0},{"not_picked":["Streamline","Hello World"],"picked":"Reboot","floor":14.0},{"not_picked":["Amplify","Reboot"],"picked":"Multi-Cast","floor":16.0},{"not_picked":["Doom and Gloom","Ball Lightning"],"picked":"Leap","floor":18.0},{"not_picked":["Go for the Eyes","Conserve Battery"],"picked":"Leap+1","floor":21.0}],"player_experience":1019865,"relics_obtained":[{"floor":8.0,"key":"Mango"},{"floor":9.0,"key":"Pear"}],"event_choices":[{"damage_healed":0.0,"max_hp_gain":0.0,"max_hp_loss":0.0,"gold_gain":75.0,"event_name":"World of Goop","player_choice":"Gather Gold","floor":2.0,"gold_loss":0.0,"damage_taken":11.0},{"cards_removed":["Strike_B"],"damage_healed":0.0,"max_hp_gain":0.0,"max_hp_loss":0.0,"gold_gain":0.0,"event_name":"Purifier","player_choice":"Purged","floor":3.0,"gold_loss":0.0,"damage_taken":0.0},{"damage_healed":0.0,"max_hp_gain":0.0,"max_hp_loss":0.0,"gold_gain":0.0,"event_name":"Dead Adventurer","player_choice":"Searched \u00270\u0027 times","floor":13.0,"gold_loss":0.0,"damage_taken":0.0},{"damage_healed":0.0,"max_hp_gain":0.0,"max_hp_loss":0.0,"gold_gain":0.0,"event_name":"Vampires","player_choice":"Ignored","floor":19.0,"gold_loss":0.0,"damage_taken":0.0},{"damage_healed":0,"gold_gain":0,"player_choice":"Paid Fearfully","damage_taken":0,"max_hp_gain":0,"max_hp_loss":0,"event_name":"Masked Bandits","floor":22,"gold_loss":82}],"is_beta":true,"boss_relics":[{"not_picked":["Sozu","Velvet Choker"],"picked":"Cursed Key"}],"items_purged_floors":[12],"is_endless":false,"potions_floor_spawned":[4,5,7],"killed_by":"Book of Stabbing","ascension_level":20}