{"gold_per_floor":[369,369,20,41,66,66,100,100,100,120,120,120,139,14,14,14],"floor_reached":16,"playtime":475,"items_purged":["Shame","Strike_G"],"score":200,"play_id":"a731365e-32fe-4526-84c2-7d7da2dc46d3","local_time":"20190120033038","is_ascension_mode":true,"campfire_choices":[{"data":"Bouncing Flask","floor":6.0,"key":"SMITH"},{"floor":8.0,"key":"REST"},{"data":"Deadly Poison","floor":12.0,"key":"SMITH"},{"floor":15.0,"key":"REST"}],"neow_cost":"CURSE","seed_source_timestamp":200408761874759,"circlet_count":0,"master_deck":["AscendersBane","Defend_G","Defend_G","Defend_G","Defend_G","Defend_G","Strike_G","Strike_G","Strike_G","Survivor","Neutralize","Deadly Poison+1","Bouncing Flask+1","Well Laid Plans","PiercingWail","Adrenaline"],"special_seed":0,"relics":["Ring of the Snake","Golden Idol","Anchor","The Courier","Frozen Egg 2"],"potions_floor_usage":[16,16],"damage_taken":[{"damage":10.0,"enemies":"Jaw Worm","floor":1.0,"turns":7.0},{"damage":0.0,"enemies":"2 Louse","floor":4.0,"turns":3.0},{"damage":0.0,"enemies":"Cultist","floor":5.0,"turns":3.0},{"damage":20.0,"enemies":"Lagavulin","floor":7.0,"turns":5.0},{"damage":0.0,"enemies":"2 Fungi Beasts","floor":10.0,"turns":4.0},{"damage":15.0,"enemies":"Exordium Thugs","floor":13.0,"turns":5.0},{"damage":20,"enemies":"Slime Boss","floor":16,"turns":7}],"seed_played":"-6460312247797245881","potions_obtained":[{"floor":4.0,"key":"Strength Potion"},{"floor":13.0,"key":"SteroidPotion"}],"is_trial":false,"path_per_floor":["M","?","$","M","M","R","E","R","T","M","?","R","M","$","R","B"],"character_chosen":"THE_SILENT","items_purchased":["Anchor","Bouncing Flask","Well Laid Plans","Dexterity Potion"],"campfire_rested":2,"item_purchase_floors":[3,3,3,14],"current_hp_per_floor":[49,26,26,26,26,26,6,25,25,25,18,18,3,3,22,2],"gold":14,"neow_bonus":"TWO_FIFTY_GOLD","is_prod":false,"is_daily":false,"chose_seed":false,"campfire_upgraded":2,"win_rate":0,"timestamp":1547983838,"path_taken":["M","?","$","M","M","R","E","R","T","M","?","R","M","$","R","BOSS"],"build_version":"2019-01-19","purchased_purges":2,"victory":false,"max_hp_per_floor":[66,66,66,66,66,66,66,66,66,66,66,66,66,66,66,66],"card_choices":[{"not_picked":["Poisoned Stab","Blade Dance"],"picked":"Deadly Poison","floor":1.0},{"not_picked":["Expertise","Prepared","Outmaneuver"],"picked":"SKIP","floor":4.0},{"not_picked":["Expertise","Bouncing Flask","Finisher"],"picked":"SKIP","floor":5.0},{"not_picked":["Acrobatics","Flying Knee"],"picked":"PiercingWail","floor":7.0},{"not_picked":["Sucker Punch","Prepared"],"picked":"Adrenaline","floor":10.0},{"not_picked":["Prepared","Outmaneuver","Sucker Punch"],"picked":"SKIP","floor":13.0}],"player_experience":992371,"relics_obtained":[{"floor":7.0,"key":"The Courier"},{"floor":9.0,"key":"Frozen Egg 2"}],"event_choices":[{"damage_healed":0.0,"max_hp_gain":0.0,"max_hp_loss":0.0,"gold_gain":0.0,"event_name":"Golden Idol","player_choice":"Take Damage","floor":2.0,"gold_loss":0.0,"damage_taken":23.0,"relics_obtained":["Golden Idol"]},{"cards_removed":["Strike_G"],"damage_healed":0.0,"max_hp_gain":0.0,"max_hp_loss":0.0,"gold_gain":0.0,"event_name":"Golden Wing","player_choice":"Card Removal","floor":11.0,"gold_loss":0.0,"damage_taken":7.0}],"is_beta":true,"boss_relics":[],"items_purged_floors":[3,14],"is_endless":false,"potions_floor_spawned":[4,13],"killed_by":"Slime Boss","ascension_level":20}