{"path_per_floor":["M","$","?","M","$","M","?","E","T","T","R","E","?","M","R","B",null,"M","$","M","?","M","R","E","R","T","E","?","?","M","M","R","B",null,"M","?","?","$","M","R","M","R","T","M","M","?","T","M","R","B"],"character_chosen":"IRONCLAD","items_purchased":["Infernal Blade","Dual Wield","Flame Barrier","Metallicize","Apotheosis","Shrug It Off","Metallicize"],"gold_per_floor":[119,86,86,104,71,81,81,121,121,121,121,155,155,175,175,296,296,312,99,124,124,143,143,183,183,183,224,224,149,168,189,189,308,308,331,400,400,108,128,128,151,151,151,176,190,190,190,209,209,209],"floor_reached":51,"campfire_rested":7,"playtime":9055,"current_hp_per_floor":[80,80,77,77,77,53,53,39,39,39,63,63,63,56,56,35,80,65,65,51,51,39,63,33,57,57,53,53,53,52,32,56,80,80,80,39,39,39,43,67,54,78,78,80,75,80,80,77,80,35],"items_purged":["Injury"],"gold":209,"play_id":"bc3a1f05-e62d-458c-9f76-21ea9336ac11","is_prod":false,"is_daily":false,"campfire_rituals":0,"campfire_upgraded":1,"is_hardmode":false,"path_taken":["BOSS","M","$","?","?","?","M","?","E","T","?","R","E","?","?","R","BOSS","M","?","M","?","?","R","E","R","T","E","?","?","M","M","R","BOSS","M","?","?","$","?","R","M","R","T","M","M","?","?","M","R","BOSS"],"build_version":"2018-01-18-PROD4","purchased_purges":2,"victory":true,"master_deck":["Strike_R","Strike_R","Strike_R","Strike_R","Strike_R","Defend_R","Defend_R","Defend_R","Defend_R","Bash","Inflame","Infernal Blade","Thunderclap","Dual Wield","Perfected Strike","Inflame","Perfected Strike","Impervious","Demon Form","Corruption","Flame Barrier","Metallicize","Shrug It Off","Iron Wave","Sword Boomerang","Uppercut","Armaments","Juggernaut","Armaments","Clash","Apotheosis","Shrug It Off","Metallicize","Flame Barrier","Perfected Strike","Metallicize","Rampage","Writhe","Body Slam"],"max_hp_per_floor":[80,80,80,80,80,80,80,80,80,80,80,80,80,80,80,80,80,80,80,80,80,80,80,80,80,80,80,80,80,80,80,80,80,80,80,80,80,80,80,80,80,80,80,80,80,80,80,80,80,80],"relics":["Snecko Eye","Dodecahedron","Golden Idol","Letter Opener","Calipers","Charon\u0027s Ashes","Ornamental Fan","Runic Pyramid","Pantograph","Toxic Egg","Nloth\u0027s Gift","Lizard Tail","Bird Faced Urn","Unceasing Top","Ginger"],"campfire_meditates":0,"card_choices":[{"not_picked":["True Grit","Flex"],"picked":"Inflame"},{"not_picked":["Clothesline","Iron Wave"],"picked":"Thunderclap"},{"not_picked":["Sever Soul","Clothesline"],"picked":"Perfected Strike"},{"not_picked":["Clothesline","Headbutt"],"picked":"Inflame"},{"not_picked":["Searing Blow","Whirlwind"],"picked":"Perfected Strike"},{"not_picked":["Clash","Cleave"],"picked":"Impervious"},{"not_picked":["Barricade","Reaper"],"picked":"Demon Form"},{"not_picked":["True Grit","Flex"],"picked":"Corruption"},{"not_picked":["Warcry","True Grit"],"picked":"Shrug It Off"},{"not_picked":["Second Wind","Infernal Blade"],"picked":"Armaments"},{"not_picked":["Cleave","Thunderclap"],"picked":"Iron Wave"},{"not_picked":["Offering","Warcry"],"picked":"Sword Boomerang"},{"not_picked":["Burning Pact","Cleave"],"picked":"Uppercut"},{"not_picked":["True Grit","Rampage"],"picked":"Armaments"},{"not_picked":["Dark Embrace","Fiend Fire"],"picked":"Juggernaut"},{"not_picked":["Thunderclap","Bloodletting"],"picked":"Armaments"},{"not_picked":["Flex","Anger"],"picked":"Clash"},{"not_picked":["Shrug It Off","Cleave"],"picked":"Flame Barrier"},{"not_picked":["Blood for Blood","Second Wind"],"picked":"Perfected Strike"},{"not_picked":["Rampage","Infernal Blade"],"picked":"Metallicize"},{"not_picked":["Clash","Brutality"],"picked":"Rampage"},{"not_picked":["True Grit","Shrug It Off"],"picked":"Body Slam"}],"player_experience":1165,"potions_floor_usage":[],"damage_taken":[{"damage":0,"enemies":"Small Slimes","floor":1,"turns":4},{"damage":0,"enemies":"2 Louse","floor":4,"turns":2},{"damage":24,"enemies":"Blue Slaver","floor":6,"turns":3},{"damage":14,"enemies":"Gremlin Nob","floor":8,"turns":3},{"damage":0,"enemies":"Lagavulin","floor":12,"turns":3},{"damage":7,"enemies":"Lots of Slimes","floor":14,"turns":2},{"damage":21,"enemies":"Hexaghost","floor":16,"turns":6},{"damage":15,"enemies":"Chosen","floor":18,"turns":4},{"damage":14,"enemies":"Shell Parasite","floor":20,"turns":4},{"damage":12,"enemies":"Centurion and Healer","floor":22,"turns":4},{"damage":30,"enemies":"Slavers","floor":24,"turns":4},{"damage":4,"enemies":"Book of Stabbing","floor":27,"turns":4},{"damage":1,"enemies":"Slaver and Parasite","floor":30,"turns":3},{"damage":20,"enemies":"Snake Plant","floor":31,"turns":3},{"damage":0,"enemies":"Champ","floor":33,"turns":7},{"damage":0,"enemies":"Orb Walker","floor":35,"turns":3},{"damage":41,"enemies":"Mysterious Sphere","floor":36,"turns":5},{"damage":2,"enemies":"3 Darklings","floor":39,"turns":3},{"damage":19,"enemies":"Sphere and 2 Shapes","floor":41,"turns":6},{"damage":0,"enemies":"Maw","floor":44,"turns":6},{"damage":5,"enemies":"4 Shapes","floor":45,"turns":3},{"damage":5,"enemies":"Sphere and 2 Shapes","floor":48,"turns":3},{"damage":55,"enemies":"Awakened One","floor":50,"turns":10}],"event_choices":[{"event_name":"Scrap Ooze","player_choice":"success","floor":3,"damage_taken":3},{"event_name":"Golden Idol","player_choice":"Take Wound","floor":7,"damage_taken":0},{"event_name":"The Lab","player_choice":"Got Potions","floor":13,"damage_taken":0},{"event_name":"Back to Basics","player_choice":"Simplicity","floor":21,"damage_taken":0},{"event_name":"N\u0027loth","player_choice":"Traded a Meat on the Bone","floor":28,"damage_taken":0},{"event_name":"Beggar","player_choice":"Gave Gold","floor":29,"damage_taken":0},{"event_name":"Mysterious Sphere","player_choice":"Fight","floor":36,"damage_taken":0},{"event_name":"Accursed Blacksmith","player_choice":"Forge","floor":37,"damage_taken":0},{"event_name":"Winding Halls","player_choice":"Writhe","floor":46,"damage_taken":0}],"boss_relics":[{"not_picked":["Mark of Pain","White Beast Statue"],"picked":"Runic Pyramid"},{"not_picked":["Astrolabe","Velvet Choker"],"picked":"Lizard Tail"}],"potions_floor_spawned":[4,14,16,22,27,31,33,35,44],"seed_played":"3738735288890012436","is_trial":false}