{"path_per_floor":["M","?","M","$","?","E","R","M","T","M","?","?","R","$","R","B",null,"M","?","M","$","M","E","M","?","T","R","M","R","?","E","R","B",null,"M","?","T","M","$","R","E","R","T","R","M","M","$","?","R"],"character_chosen":"IRONCLAD","items_purchased":["Inflame","Heavy Blade","Inflame","Offering","Headbutt","Dramatic Entrance","Inflame","Whirlwind"],"gold_per_floor":[113,288,306,144,144,177,177,193,193,207,207,282,282,20,20,148,148,166,81,99,10,29,68,84,84,109,109,134,134,134,160,160,257,257,271,271,298,308,100,100,131,131,131,131,144,161,111,159,159],"floor_reached":50,"campfire_rested":0,"playtime":3621,"current_hp_per_floor":[79,79,80,80,80,80,80,80,80,74,54,43,43,43,43,18,80,80,80,80,80,61,59,46,46,53,53,58,58,58,52,52,31,96,88,88,93,82,82,82,43,43,43,43,45,61,61,64,64],"items_purged":["Doubt","Strike_R","Doubt"],"gold":159,"score":531,"play_id":"2a6b3160-c55a-4d3c-8ace-434ce5e58afb","local_time":"20180313010204","is_prod":false,"is_daily":false,"is_ascension_mode":false,"campfire_upgraded":8,"timestamp":1520917324,"path_taken":["M","?","M","$","?","E","R","M","T","M","?","?","R","$","R","BOSS","M","?","M","$","M","E","M","?","T","R","M","R","?","E","R","BOSS","M","?","?","M","$","R","E","R","T","R","M","M","?","?","R","BOSS"],"build_version":"2018-03-09","purchased_purges":3,"victory":false,"master_deck":["Strike_R","Strike_R","Strike_R","Strike_R","Defend_R+1","Defend_R","Defend_R","Defend_R","Bash+1","Heavy Blade+1","Warcry+1","True Grit+1","Inflame+1","Heavy Blade+1","Inflame+1","Offering","Headbutt","Burning Pact","Dramatic Entrance","Power Through","Heavy Blade+1","Battle Trance","Shrug It Off","Double Tap","Armaments+1","Inflame","Whirlwind","Reaper+1","Flex"],"max_hp_per_floor":[80,80,80,80,80,80,80,80,80,80,80,80,80,80,80,80,80,80,80,80,80,80,80,83,83,90,90,93,93,93,96,96,96,96,96,96,96,96,96,96,96,96,96,96,96,96,96,96,96],"relics":["Burning Blood","War Paint","Smiling Mask","Bloody Idol","Cursed Key","Meat on the Bone","Matryoshka","Strawberry","Juzu Bracelet","Orichalcum","Sozu","Dream Catcher","Bronze Scales","Regal Pillow","Peace Pipe","Magic Flower"],"card_choices":[{"not_picked":["Reckless Charge","Flex"],"picked":"Heavy Blade"},{"not_picked":["Carnage","Body Slam"],"picked":"Warcry"},{"not_picked":["Heavy Blade","Dropkick"],"picked":"True Grit"},{"not_picked":["Juggernaut","Offering"],"picked":"Feed"},{"not_picked":["Power Through","Clothesline"],"picked":"Burning Pact"},{"not_picked":["Combust","Sever Soul"],"picked":"Power Through"},{"not_picked":["Perfected Strike","Clash"],"picked":"Heavy Blade"},{"not_picked":["True Grit","Seeing Red"],"picked":"Battle Trance"},{"not_picked":["Feel No Pain","Searing Blow"],"picked":"Shrug It Off"},{"not_picked":["Brutality","Feed"],"picked":"Double Tap"},{"not_picked":["Dual Wield","Hemokinesis"],"picked":"Armaments"},{"not_picked":["Feed","Armaments"],"picked":"Reaper"},{"not_picked":["Iron Wave","Anger"],"picked":"Flex"}],"player_experience":60915,"potions_floor_usage":[],"damage_taken":[{"damage":7.0,"enemies":"Jaw Worm","floor":1.0,"turns":4.0},{"damage":0.0,"enemies":"Small Slimes","floor":3.0,"turns":3.0},{"damage":6.0,"enemies":"Gremlin Nob","floor":6.0,"turns":3.0},{"damage":0.0,"enemies":"2 Louse","floor":8.0,"turns":2.0},{"damage":12.0,"enemies":"Exordium Thugs","floor":10.0,"turns":3.0},{"damage":31.0,"enemies":"Hexaghost","floor":16.0,"turns":6.0},{"damage":5.0,"enemies":"Shell Parasite","floor":18.0,"turns":3.0},{"damage":5.0,"enemies":"Chosen","floor":20.0,"turns":3.0},{"damage":25.0,"enemies":"Snake Plant","floor":22.0,"turns":3.0},{"damage":23.0,"enemies":"Book of Stabbing","floor":23.0,"turns":6.0},{"damage":34.0,"enemies":"Centurion and Healer","floor":24.0,"turns":4.0},{"damage":16.0,"enemies":"Cultist and Chosen","floor":28.0,"turns":4.0},{"damage":32.0,"enemies":"Slavers","floor":31.0,"turns":3.0},{"damage":53.0,"enemies":"Collector","floor":33.0,"turns":5.0},{"damage":19.0,"enemies":"3 Shapes","floor":35.0,"turns":4.0},{"damage":22.0,"enemies":"3 Darklings","floor":38.0,"turns":4.0},{"damage":62.0,"enemies":"Nemesis","floor":41.0,"turns":7.0},{"damage":28,"enemies":"Maw","floor":45,"turns":6},{"damage":37,"enemies":"Sphere and 2 Shapes","floor":46,"turns":5},{"damage":28,"enemies":"Mysterious Sphere","floor":48,"turns":4},{"damage":115,"enemies":"Donu and Deca","floor":50,"turns":6}],"event_choices":[{"event_name":"Liars Game","player_choice":"agreed","floor":2.0,"damage_taken":0.0},{"event_name":"The Lab","player_choice":"Got Potions","floor":5.0,"damage_taken":0.0},{"event_name":"Golden Idol","player_choice":"Take Damage","floor":11.0,"damage_taken":0.0},{"event_name":"World of Goop","player_choice":"Gather Gold","floor":12.0,"damage_taken":0.0},{"event_name":"Addict","player_choice":"Obtained Relic","floor":19.0,"damage_taken":0.0},{"event_name":"Upgrade Shrine","player_choice":"Upgraded","floor":25.0,"damage_taken":0.0},{"event_name":"Forgotten Altar","player_choice":"Gave Idol","floor":30.0,"damage_taken":0.0},{"event_name":"Mysterious Sphere","player_choice":"Fight","floor":48,"damage_taken":0}],"boss_relics":[],"potions_floor_spawned":[3,6,8,16,22,28,31,45],"seed_played":"-8986464535875299351","killed_by":"Donu and Deca","ascension_level":0,"is_trial":false}