{"gold_per_floor":[109,123,123,123,138,138,138,165,165,315,341,351,351,351,351,450,450,463,12,36,51,51,51,64,105,105,105,148,171,184,203,203,302,302,315,215,229,189,202,238,238,279,291,339,351,388,425,12,12,12,12,12,12,12,45,45],"floor_reached":56,"playtime":3465,"items_purged":["Doubt","Strike_R","Strike_R"],"score":2074,"play_id":"41a022fa-eb13-4fad-9150-cea0a9380956","local_time":"20190226203349","is_ascension_mode":true,"campfire_choices":[{"data":"Bash","floor":6.0,"key":"SMITH"},{"data":"Combust","floor":15.0,"key":"SMITH"},{"data":"Apotheosis","floor":23.0,"key":"SMITH"},{"data":"Inflame","floor":32.0,"key":"SMITH"},{"floor":41.0,"key":"REST"},{"floor":45.0,"key":"RECALL"},{"data":"Limit Break","floor":49.0,"key":"SMITH"},{"floor":53.0,"key":"REST"}],"neow_cost":"NONE","seed_source_timestamp":2492788106332918,"circlet_count":0,"master_deck":["AscendersBane","Strike_R+1","Strike_R+1","Defend_R","Defend_R","Defend_R","Defend_R","Bash+1","Flame Barrier","Combust+1","Flame Barrier","Shrug It Off","Shrug It Off","Intimidate","Limit Break+1","Anger+1","Apotheosis+1","Disarm","Flex","Inflame+1","True Grit","Battle Trance+1","Intimidate+1","Sword Boomerang","Fiend Fire+1","Headbutt+1","Sword Boomerang+1","Exhume+1","Shockwave+1","Disarm+1"],"special_seed":0,"relics":["Burning Blood","Gambling Chip","Charon\u0027s Ashes","Ice Cream","Golden Idol","Vajra","Runic Pyramid","Bag of Preparation","Letter Opener","Frozen Egg 2","Toxic Egg 2","Philosopher\u0027s Stone","Ornamental Fan","MawBank","Sundial","Shuriken","DollysMirror","Whetstone"],"potions_floor_usage":[56,56],"damage_taken":[{"damage":7.0,"enemies":"Cultist","floor":1.0,"turns":4.0},{"damage":2.0,"enemies":"Jaw Worm","floor":2.0,"turns":5.0},{"damage":0.0,"enemies":"2 Louse","floor":5.0,"turns":4.0},{"damage":11.0,"enemies":"Gremlin Nob","floor":8.0,"turns":3.0},{"damage":12.0,"enemies":"3 Sentries","floor":11.0,"turns":5.0},{"damage":4.0,"enemies":"2 Fungi Beasts","floor":12.0,"turns":3.0},{"damage":24.0,"enemies":"The Guardian","floor":16.0,"turns":13.0},{"damage":35.0,"enemies":"Shell Parasite","floor":18.0,"turns":11.0},{"damage":6.0,"enemies":"Spheric Guardian","floor":20.0,"turns":6.0},{"damage":5.0,"enemies":"Cultist and Chosen","floor":21.0,"turns":5.0},{"damage":3.0,"enemies":"Centurion and Healer","floor":24.0,"turns":10.0},{"damage":14.0,"enemies":"Book of Stabbing","floor":25.0,"turns":5.0},{"damage":22.0,"enemies":"Slavers","floor":28.0,"turns":4.0},{"damage":8.0,"enemies":"Snecko","floor":29.0,"turns":7.0},{"damage":10.0,"enemies":"Sentry and Sphere","floor":30.0,"turns":6.0},{"damage":2.0,"enemies":"Shelled Parasite and Fungi","floor":31.0,"turns":3.0},{"damage":11.0,"enemies":"Champ","floor":33.0,"turns":11.0},{"damage":7.0,"enemies":"3 Darklings","floor":35.0,"turns":4.0},{"damage":1.0,"enemies":"3 Shapes","floor":37.0,"turns":4.0},{"damage":10.0,"enemies":"Writhing Mass","floor":39.0,"turns":6.0},{"damage":49.0,"enemies":"Nemesis","floor":40.0,"turns":5.0},{"damage":3.0,"enemies":"Giant Head","floor":42.0,"turns":5.0},{"damage":0.0,"enemies":"Nemesis","floor":44.0,"turns":5.0},{"damage":0.0,"enemies":"Spire Growth","floor":46.0,"turns":3.0},{"damage":4.0,"enemies":"Transient","floor":47.0,"turns":6.0},{"damage":34.0,"enemies":"Donu and Deca","floor":50.0,"turns":5.0},{"damage":0.0,"enemies":"Time Eater","floor":51.0,"turns":5.0},{"damage":37.0,"enemies":"Shield and Spear","floor":55.0,"turns":5.0},{"damage":63,"enemies":"The Heart","floor":56,"turns":5}],"seed_played":"5043062767767324142","potions_obtained":[{"floor":1.0,"key":"SkillPotion"},{"floor":5.0,"key":"BloodPotion"},{"floor":12.0,"key":"GamblersBrew"},{"floor":16.0,"key":"FairyPotion"},{"floor":20.0,"key":"GamblersBrew"},{"floor":28.0,"key":"EssenceOfSteel"},{"floor":31.0,"key":"BloodPotion"},{"floor":37.0,"key":"GamblersBrew"},{"floor":38.0,"key":"Regen Potion"}],"is_trial":false,"path_per_floor":["M","M","?","?","M","R","?","E","T","?","E","M","?","T","R","B",null,"M","$","M","M","?","R","M","E","T","T","E","M","M","M","R","B",null,"M","$","M","?","M","E","R","E","T","E","R","M","M","$","R","B","B",null,"R","$","E","B"],"character_chosen":"IRONCLAD","items_purchased":["Apotheosis","Disarm","Regen Potion","DollysMirror","Ancient Potion"],"campfire_rested":2,"item_purchase_floors":[19,19,19,48,48],"current_hp_per_floor":[67,71,48,22,28,28,53,48,48,48,42,44,44,44,44,26,58,35,35,35,36,36,36,54,46,46,46,30,28,24,28,28,23,57,56,56,61,61,68,25,45,48,48,54,54,60,62,62,62,34,40,61,68,68,37,0],"gold":45,"neow_bonus":"REMOVE_CARD","is_prod":false,"is_daily":false,"chose_seed":false,"campfire_upgraded":5,"win_rate":0,"timestamp":1551242029,"path_taken":["M","?","?","?","M","R","?","E","T","?","E","M","?","?","R","BOSS","M","$","M","M","?","R","M","E","T","?","E","M","?","M","R","BOSS","M","$","M","?","M","E","R","E","T","E","R","M","?","$","R","BOSS","BOSS","R","$","E","BOSS"],"build_version":"2019-02-06","purchased_purges":3,"victory":false,"max_hp_per_floor":[75,75,75,75,75,75,75,75,75,75,75,75,68,68,68,68,68,68,68,68,68,68,68,68,68,68,68,68,68,68,68,68,68,68,68,68,68,68,68,68,68,68,68,68,68,68,68,68,68,68,68,68,68,68,68,68],"card_choices":[{"not_picked":["Entrench","Pommel Strike"],"picked":"Flame Barrier","floor":1.0},{"not_picked":["True Grit","Flex"],"picked":"Combust","floor":2.0},{"not_picked":["Iron Wave","Warcry"],"picked":"Flame Barrier","floor":5.0},{"not_picked":["Warcry","Clothesline"],"picked":"Shrug It Off","floor":8.0},{"not_picked":["Warcry","Sever Soul"],"picked":"Shrug It Off","floor":11.0},{"not_picked":["Pommel Strike","Heavy Blade"],"picked":"Intimidate","floor":12.0},{"not_picked":["Exhume","Reaper"],"picked":"Limit Break","floor":16.0},{"not_picked":["True Grit","Searing Blow"],"picked":"Anger+1","floor":18.0},{"not_picked":["Twin Strike","Infernal Blade"],"picked":"Flex","floor":20.0},{"not_picked":["Havoc","Clothesline","Power Through"],"picked":"SKIP","floor":21.0},{"not_picked":["Headbutt","Fire Breathing"],"picked":"Inflame","floor":24.0},{"not_picked":["Perfected Strike+1","Warcry"],"picked":"True Grit","floor":25.0},{"not_picked":["Power Through","Combust+1"],"picked":"Battle Trance","floor":28.0},{"not_picked":["Carnage","Twin Strike"],"picked":"Intimidate+1","floor":29.0},{"not_picked":["Body Slam","Carnage"],"picked":"Sword Boomerang","floor":30.0},{"not_picked":["Clash","Heavy Blade+1","Perfected Strike"],"picked":"SKIP","floor":31.0},{"not_picked":["Dark Embrace+1","Barricade+1"],"picked":"Fiend Fire","floor":33.0},{"not_picked":["Shrug It Off+1","Clothesline"],"picked":"Headbutt","floor":35.0},{"not_picked":["Intimidate+1","Rage+1","True Grit+1"],"picked":"SKIP","floor":37.0},{"not_picked":["Havoc+1","Searing Blow"],"picked":"Sword Boomerang+1","floor":39.0},{"not_picked":["Searing Blow","Body Slam","Hemokinesis"],"picked":"SKIP","floor":40.0},{"not_picked":["Sever Soul","Power Through+1","Pommel Strike+1"],"picked":"SKIP","floor":42.0},{"not_picked":["True Grit+1","Blood for Blood","Ghostly Armor+1"],"picked":"SKIP","floor":44.0},{"not_picked":["Clash+1","Wild Strike"],"picked":"Exhume+1","floor":46.0},{"not_picked":["Second Wind+1","Intimidate+1"],"picked":"Shockwave+1","floor":47.0},{"not_picked":["Hemokinesis+1","Warcry+1","Twin Strike"],"picked":"SKIP","floor":55.0}],"player_experience":1258824,"relics_obtained":[{"floor":8.0,"key":"Charon\u0027s Ashes"},{"floor":11.0,"key":"Ice Cream"},{"floor":14.0,"key":"Vajra"},{"floor":25.0,"key":"Bag of Preparation"},{"floor":26.0,"key":"Letter Opener"},{"floor":27.0,"key":"Frozen Egg 2"},{"floor":28.0,"key":"Toxic Egg 2"},{"floor":40.0,"key":"Ornamental Fan"},{"floor":42.0,"key":"MawBank"},{"floor":43.0,"key":"Sundial"},{"floor":44.0,"key":"Shuriken"},{"floor":55.0,"key":"Whetstone"}],"event_choices":[{"damage_healed":0.0,"max_hp_gain":0.0,"max_hp_loss":0.0,"gold_gain":0.0,"event_name":"Shining Light","player_choice":"Entered Light","floor":3.0,"gold_loss":0.0,"damage_taken":23.0,"cards_upgraded":["Strike_R","Strike_R"]},{"damage_healed":0.0,"max_hp_gain":0.0,"max_hp_loss":0.0,"gold_gain":0.0,"event_name":"Scrap Ooze","player_choice":"Success","floor":4.0,"gold_loss":0.0,"damage_taken":26.0,"relics_obtained":["Gambling Chip"]},{"damage_healed":25.0,"max_hp_gain":0.0,"max_hp_loss":0.0,"gold_gain":0.0,"event_name":"Big Fish","player_choice":"Banana","floor":7.0,"gold_loss":0.0,"damage_taken":0.0},{"damage_healed":0.0,"max_hp_gain":0.0,"max_hp_loss":0.0,"gold_gain":150.0,"event_name":"Liars Game","player_choice":"AGREE","floor":10.0,"gold_loss":0.0,"damage_taken":0.0,"cards_obtained":["Doubt"]},{"damage_healed":0.0,"max_hp_gain":0.0,"max_hp_loss":7.0,"gold_gain":0.0,"event_name":"Golden Idol","player_choice":"Lose Max HP","floor":13.0,"gold_loss":0.0,"damage_taken":0.0,"relics_obtained":["Golden Idol"]},{"damage_healed":0.0,"max_hp_gain":0.0,"max_hp_loss":0.0,"gold_gain":0.0,"event_name":"Beggar","player_choice":"Ignored","floor":22.0,"gold_loss":0.0,"damage_taken":0.0},{"damage_healed":0.0,"max_hp_gain":0.0,"max_hp_loss":0.0,"gold_gain":0.0,"event_name":"The Woman in Blue","player_choice":"Bought 3 Potions","floor":38.0,"gold_loss":0.0,"damage_taken":0.0}],"is_beta":true,"boss_relics":[{"not_picked":["Calling Bell","Runic Dome"],"picked":"Runic Pyramid"},{"not_picked":["Black Blood","Astrolabe"],"picked":"Philosopher\u0027s Stone"}],"items_purged_floors":[19,36,48],"is_endless":false,"potions_floor_spawned":[1,5,12,16,20,21,28,31,37,55],"killed_by":"The Heart","ascension_level":20}