{"gold_per_floor":[111,186,199,210,73,73,98,98,124,124,153,153,167,167,167,241,241,259,126,126,50,68,100,112,149,161,190,202,224,236,260,272,358,370,394,417,319,349,411,454,477,499,559,583,5,35,49,77,77,77,77,77,77,20,53,53],"floor_reached":57,"playtime":3056,"items_purged":["Strike_G","Doubt"],"score":2809,"play_id":"6b9b2620-e841-401e-b2b4-c16abf422999","local_time":"20190131160234","is_ascension_mode":true,"campfire_choices":[{"data":"Noxious Fumes","floor":6.0,"key":"SMITH"},{"data":"Footwork","floor":8.0,"key":"SMITH"},{"floor":10.0,"key":"REST"},{"data":"Catalyst","floor":12.0,"key":"SMITH"},{"data":"Crippling Poison","floor":15.0,"key":"SMITH"},{"data":"Wraith Form v2","floor":24.0,"key":"SMITH"},{"floor":28.0,"key":"REST"},{"data":"Footwork","floor":30.0,"key":"SMITH"},{"data":"Noxious Fumes","floor":32.0,"key":"SMITH"},{"floor":49.0,"key":"RECALL"},{"data":"Burst","floor":53.0,"key":"SMITH"}],"neow_cost":"NONE","seed_source_timestamp":0,"circlet_count":0,"master_deck":["AscendersBane","Defend_G","Defend_G","Defend_G","Defend_G","Defend_G","Strike_G","Strike_G","Strike_G","Survivor","Neutralize+1","Noxious Fumes+1","Crippling Poison+1","Leg Sweep+1","Footwork+1","PiercingWail","Catalyst+1","Deflect","Backflip","Wraith Form v2+1","Deadly Poison","Acrobatics","Adrenaline","PiercingWail","Footwork+1","Footwork+1","Deflect","Noxious Fumes+1","Escape Plan","Night Terror","Backflip+1","Backflip","Dodge and Roll","Bullet Time","Calculated Gamble+1","Burst+1","Dodge and Roll","Calculated Gamble"],"special_seed":0,"relics":["Ring of the Snake","Blood Vial","Regal Pillow","Bronze Scales","Orrery","MawBank","StoneCalendar","Mercury Hourglass","Cursed Key","Matryoshka","Orichalcum","Gambling Chip","Ancient Tea Set","PreservedInsect","Ornamental Fan"],"potions_floor_usage":[56,56],"damage_taken":[{"damage":6.0,"enemies":"Small Slimes","floor":1.0,"turns":4.0},{"damage":0.0,"enemies":"Cultist","floor":3.0,"turns":5.0},{"damage":0.0,"enemies":"2 Louse","floor":4.0,"turns":3.0},{"damage":15.0,"enemies":"3 Sentries","floor":7.0,"turns":6.0},{"damage":47.0,"enemies":"Gremlin Nob","floor":11.0,"turns":5.0},{"damage":2.0,"enemies":"Gremlin Gang","floor":13.0,"turns":4.0},{"damage":1.0,"enemies":"Hexaghost","floor":16.0,"turns":8.0},{"damage":2.0,"enemies":"Spheric Guardian","floor":18.0,"turns":5.0},{"damage":0.0,"enemies":"3 Byrds","floor":22.0,"turns":2.0},{"damage":18.0,"enemies":"Slavers","floor":23.0,"turns":8.0},{"damage":20.0,"enemies":"Book of Stabbing","floor":25.0,"turns":7.0},{"damage":7.0,"enemies":"Cultist and Chosen","floor":27.0,"turns":6.0},{"damage":0.0,"enemies":"3 Cultists","floor":29.0,"turns":4.0},{"damage":4.0,"enemies":"Snecko","floor":31.0,"turns":7.0},{"damage":28.0,"enemies":"Collector","floor":33.0,"turns":10.0},{"damage":2.0,"enemies":"Orb Walker","floor":35.0,"turns":5.0},{"damage":3.0,"enemies":"3 Shapes","floor":36.0,"turns":4.0},{"damage":15.0,"enemies":"Transient","floor":38.0,"turns":6.0},{"damage":6.0,"enemies":"Reptomancer","floor":40.0,"turns":7.0},{"damage":5.0,"enemies":"Spire Growth","floor":41.0,"turns":7.0},{"damage":5.0,"enemies":"3 Darklings","floor":42.0,"turns":5.0},{"damage":0.0,"enemies":"Transient","floor":44.0,"turns":6.0},{"damage":3.0,"enemies":"Giant Head","floor":46.0,"turns":9.0},{"damage":0.0,"enemies":"Jaw Worm Horde","floor":47.0,"turns":3.0},{"damage":3.0,"enemies":"Reptomancer","floor":48.0,"turns":5.0},{"damage":28.0,"enemies":"Time Eater","floor":50.0,"turns":12.0},{"damage":16.0,"enemies":"Donu and Deca","floor":51.0,"turns":12.0},{"damage":11.0,"enemies":"Shield and Spear","floor":55.0,"turns":9.0},{"damage":21,"enemies":"The Heart","floor":56,"turns":9}],"seed_played":"4621901243721450443","potions_obtained":[{"floor":3.0,"key":"Strength Potion"},{"floor":4.0,"key":"Explosive Potion"},{"floor":7.0,"key":"GhostInAJar"},{"floor":22.0,"key":"EssenceOfSteel"},{"floor":23.0,"key":"LiquidBronze"},{"floor":29.0,"key":"Swift Potion"},{"floor":35.0,"key":"Block Potion"},{"floor":41.0,"key":"PowerPotion"},{"floor":47.0,"key":"Regen Potion"}],"is_trial":false,"path_per_floor":["M","?","M","M","$","R","E","R","T","R","E","R","M","?","R","B",null,"M","$","?","$","M","E","R","E","T","M","R","M","R","M","R","B",null,"M","M","?","M","?","E","M","M","T","M","$","E","M","E","R","B","B",null,"R","$","E","B",null],"character_chosen":"THE_SILENT","items_purchased":["Footwork","PiercingWail","PiercingWail","Footwork","Burst","Gambling Chip","PowerPotion"],"campfire_rested":2,"item_purchase_floors":[5,5,19,21,45,45,54],"current_hp_per_floor":[53,42,42,42,42,42,27,27,27,61,16,16,16,16,16,17,54,54,54,54,54,56,40,40,22,22,17,51,53,53,51,51,25,56,56,55,55,42,42,38,35,32,32,34,34,33,35,49,49,23,9,52,52,52,43,24],"gold":53,"neow_bonus":"UPGRADE_CARD","is_prod":false,"is_daily":false,"chose_seed":false,"campfire_upgraded":8,"win_rate":0,"timestamp":1548979354,"path_taken":["M","?","M","M","$","R","E","R","T","R","E","R","M","?","R","BOSS","M","$","?","$","M","E","R","E","T","?","R","M","R","M","R","BOSS","M","M","?","?","?","E","M","M","T","M","$","E","?","E","R","BOSS","BOSS","R","$","E","BOSS"],"build_version":"2019-01-23","purchased_purges":2,"victory":true,"max_hp_per_floor":[66,66,66,66,66,66,66,66,66,66,66,66,66,66,66,66,66,66,66,66,66,66,66,66,66,66,66,66,66,66,66,66,66,66,66,66,66,66,66,66,66,66,66,66,66,66,66,66,66,66,66,66,66,66,66,66],"card_choices":[{"not_picked":["Dodge and Roll","Acrobatics"],"picked":"Noxious Fumes","floor":1.0},{"not_picked":["Underhanded Strike","Sucker Punch"],"picked":"Crippling Poison","floor":3.0},{"not_picked":["Acrobatics","Poisoned Stab"],"picked":"Leg Sweep","floor":4.0},{"not_picked":["Concentrate","Flying Knee"],"picked":"Catalyst","floor":7.0},{"not_picked":["Poisoned Stab","Dagger Spray"],"picked":"Deflect","floor":11.0},{"not_picked":["Flying Knee","Terror"],"picked":"Backflip","floor":13.0},{"not_picked":["Storm of Steel","Adrenaline"],"picked":"Wraith Form v2","floor":16.0},{"not_picked":["Sucker Punch","Flying Knee"],"picked":"Deadly Poison","floor":17.0},{"not_picked":["Heel Hook","Underhanded Strike"],"picked":"Acrobatics","floor":17.0},{"not_picked":["Blade Dance","Crippling Poison"],"picked":"Adrenaline","floor":18.0},{"not_picked":["Dagger Spray","Flying Knee"],"picked":"Deflect","floor":22.0},{"not_picked":["Skewer","Dash","Sucker Punch"],"picked":"SKIP","floor":23.0},{"not_picked":["Caltrops","Crippling Poison","Distraction"],"picked":"SKIP","floor":25.0},{"not_picked":["Finisher","Crippling Poison"],"picked":"Noxious Fumes","floor":27.0},{"not_picked":["Backstab","Riddle With Holes"],"picked":"Escape Plan","floor":29.0},{"not_picked":["Poisoned Stab","Heel Hook","After Image"],"picked":"SKIP","floor":31.0},{"not_picked":["Grand Finale","Bullet Time"],"picked":"Night Terror","floor":33.0},{"not_picked":["Flying Knee","Reflex"],"picked":"Backflip+1","floor":35.0},{"not_picked":["Endless Agony+1","Quick Slash+1"],"picked":"Backflip","floor":36.0},{"not_picked":["Deflect","Dagger Throw"],"picked":"Dodge and Roll","floor":38.0},{"not_picked":["Dagger Spray","Slice"],"picked":"Bullet Time","floor":40.0},{"not_picked":["Backstab+1","Underhanded Strike"],"picked":"Calculated Gamble+1","floor":41.0},{"not_picked":["Caltrops","Underhanded Strike+1","Riddle With Holes"],"picked":"SKIP","floor":42.0},{"not_picked":["Cloak And Dagger+1","Flying Knee","Reflex"],"picked":"SKIP","floor":44.0},{"not_picked":["Blade Dance","Envenom"],"picked":"Dodge and Roll","floor":46.0},{"not_picked":["Accuracy","Distraction","Riddle With Holes+1"],"picked":"SKIP","floor":47.0},{"not_picked":["Heel Hook+1","Backstab","Dagger Spray"],"picked":"SKIP","floor":48.0},{"not_picked":["Backstab+1","Prepared"],"picked":"Calculated Gamble","floor":55.0}],"player_experience":1044951,"relics_obtained":[{"floor":7.0,"key":"Blood Vial"},{"floor":9.0,"key":"Regal Pillow"},{"floor":11.0,"key":"Bronze Scales"},{"floor":23.0,"key":"MawBank"},{"floor":25.0,"key":"StoneCalendar"},{"floor":26.0,"key":"Mercury Hourglass"},{"floor":40.0,"key":"Matryoshka"},{"floor":43.0,"key":"Orichalcum"},{"floor":46.0,"key":"Ancient Tea Set"},{"floor":48.0,"key":"PreservedInsect"},{"floor":55.0,"key":"Ornamental Fan"}],"event_choices":[{"damage_healed":0.0,"max_hp_gain":0.0,"max_hp_loss":0.0,"gold_gain":75.0,"event_name":"World of Goop","player_choice":"Gather Gold","floor":2.0,"gold_loss":0.0,"damage_taken":11.0},{"damage_healed":0.0,"max_hp_gain":0.0,"max_hp_loss":0.0,"gold_gain":0.0,"event_name":"Match and Keep!","player_choice":"0 cards matched","floor":14.0,"gold_loss":0.0,"damage_taken":0.0,"cards_obtained":[]},{"damage_healed":0.0,"max_hp_gain":0.0,"max_hp_loss":0.0,"gold_gain":0.0,"event_name":"Duplicator","player_choice":"Copied","floor":20.0,"gold_loss":0.0,"damage_taken":0.0,"cards_obtained":["Footwork"]},{"cards_removed":["Strike_G"],"damage_healed":0.0,"max_hp_gain":0.0,"max_hp_loss":0.0,"gold_gain":0.0,"event_name":"Designer","player_choice":"Upgrade and Remove","floor":37.0,"gold_loss":110.0,"damage_taken":0.0,"cards_upgraded":["Leg Sweep"]},{"damage_healed":0.0,"max_hp_gain":0.0,"max_hp_loss":0.0,"gold_gain":50.0,"event_name":"Golden Shrine","player_choice":"Pray","floor":39.0,"gold_loss":0.0,"damage_taken":0.0}],"is_beta":true,"boss_relics":[{"not_picked":["WristBlade","White Beast Statue"],"picked":"Orrery"},{"not_picked":["Calling Bell","Fusion Hammer"],"picked":"Cursed Key"}],"items_purged_floors":[19,45],"is_endless":false,"potions_floor_spawned":[3,4,7,22,23,27,29,35,36,41,46,47,55],"ascension_level":20}