{"gold_per_floor":[215,365,365,440,458,458,218,218,218,218,245,255,287,298,298,372,372,388,11,11,25,75,75,75,103,103,103],"floor_reached":27,"playtime":916,"items_purged":["Strike_B","Strike_B"],"score":474,"play_id":"019af1f6-811b-466c-9389-b3e05fd23b62","local_time":"20190309220525","is_ascension_mode":true,"campfire_choices":[{"data":"Zap","floor":6.0,"key":"SMITH"},{"data":"Hyperbeam","floor":8.0,"key":"SMITH"},{"data":"Sweeping Beam","floor":10.0,"key":"SMITH"},{"data":"Defragment","floor":15.0,"key":"SMITH"},{"data":"Chill","floor":23.0,"key":"SMITH"}],"neow_cost":"NONE","seed_source_timestamp":3166458534294327,"circlet_count":0,"master_deck":["AscendersBane","Strike_B","Defend_B","Defend_B","Defend_B","Defend_B","Zap+1","Dualcast","Sweeping Beam+1","Hyperbeam+1","Chill+1","Cold Snap","Defragment+1","Genetic Algorithm","Buffer","Hologram","Coolheaded"],"special_seed":0,"relics":["Cracked Core","Ornamental Fan","Pear","Du-Vu Doll","Runic Pyramid","Frozen Egg 2","Pen Nib","Kunai"],"potions_floor_usage":[25,27,27],"damage_taken":[{"damage":0.0,"enemies":"2 Louse","floor":1.0,"turns":2.0},{"damage":4.0,"enemies":"Jaw Worm","floor":5.0,"turns":4.0},{"damage":10.0,"enemies":"3 Sentries","floor":11.0,"turns":2.0},{"damage":4.0,"enemies":"Small Slimes","floor":12.0,"turns":2.0},{"damage":23.0,"enemies":"Lagavulin","floor":13.0,"turns":8.0},{"damage":3.0,"enemies":"Blue Slaver","floor":14.0,"turns":2.0},{"damage":5.0,"enemies":"The Guardian","floor":16.0,"turns":12.0},{"damage":7.0,"enemies":"Shell Parasite","floor":18.0,"turns":5.0},{"damage":11.0,"enemies":"Spheric Guardian","floor":21.0,"turns":5.0},{"damage":12,"enemies":"Slavers","floor":25,"turns":5},{"damage":39,"enemies":"Book of Stabbing","floor":27,"turns":5}],"seed_played":"6688777591477823449","potions_obtained":[{"floor":5.0,"key":"SteroidPotion"},{"floor":11.0,"key":"Fire Potion"},{"floor":12.0,"key":"Energy Potion"},{"floor":25,"key":"Poison Potion"}],"is_trial":false,"path_per_floor":["M","?","?","?","M","R","$","R","T","R","E","M","E","M","R","B",null,"M","$","?","M","?","R","?","E","T","E"],"character_chosen":"DEFECT","items_purchased":["Hyperbeam","Frozen Egg 2"],"campfire_rested":0,"item_purchase_floors":[7,19],"current_hp_per_floor":[64,64,57,46,42,42,42,42,42,42,42,38,15,12,12,7,63,56,56,56,45,45,45,45,33,33,0],"gold":103,"neow_bonus":"HUNDRED_GOLD","is_prod":false,"is_daily":false,"chose_seed":false,"campfire_upgraded":5,"win_rate":0,"timestamp":1552197925,"path_taken":["M","?","?","?","M","R","?","R","T","R","E","M","E","M","R","BOSS","M","$","?","?","?","R","?","E","T","E"],"build_version":"2019-02-06","purchased_purges":2,"victory":false,"max_hp_per_floor":[71,71,71,71,71,71,71,71,71,71,81,81,81,81,81,81,81,81,81,81,81,81,81,81,81,81,81],"card_choices":[{"not_picked":["Go for the Eyes","Blizzard"],"picked":"Sweeping Beam","floor":1.0},{"not_picked":["Heatsinks","Rebound","Turbo"],"picked":"SKIP","floor":5.0},{"not_picked":["Gash","Sweeping Beam"],"picked":"Chill","floor":11.0},{"not_picked":["Blizzard","Beam Cell"],"picked":"Cold Snap","floor":12.0},{"not_picked":["Coolheaded","Tempest"],"picked":"Defragment","floor":13.0},{"not_picked":["Multi-Cast","Cold Snap"],"picked":"Genetic Algorithm","floor":14.0},{"not_picked":["Hyperbeam","Multi-Cast"],"picked":"Buffer","floor":16.0},{"not_picked":["Gash","Go for the Eyes"],"picked":"Hologram","floor":18.0},{"not_picked":["Barrage","Beam Cell","Double Energy"],"picked":"SKIP","floor":21.0},{"not_picked":["Rip and Tear","Doom and Gloom"],"picked":"Coolheaded","floor":25}],"player_experience":1349572,"relics_obtained":[{"floor":9.0,"key":"Ornamental Fan"},{"floor":11.0,"key":"Pear"},{"floor":13.0,"key":"Du-Vu Doll"},{"floor":25,"key":"Pen Nib"},{"floor":26,"key":"Kunai"}],"event_choices":[{"damage_healed":0.0,"max_hp_gain":0.0,"max_hp_loss":0.0,"gold_gain":150.0,"event_name":"Liars Game","player_choice":"AGREE","floor":2.0,"gold_loss":0.0,"damage_taken":0.0,"cards_obtained":["Doubt"]},{"cards_removed":["Doubt"],"damage_healed":0.0,"max_hp_gain":0.0,"max_hp_loss":0.0,"gold_gain":0.0,"event_name":"Golden Wing","player_choice":"Card Removal","floor":3.0,"gold_loss":0.0,"damage_taken":7.0},{"damage_healed":0.0,"max_hp_gain":0.0,"max_hp_loss":0.0,"gold_gain":75.0,"event_name":"World of Goop","player_choice":"Gather Gold","floor":4.0,"gold_loss":0.0,"damage_taken":11.0},{"cards_removed":["Strike_B"],"damage_healed":0.0,"max_hp_gain":0.0,"max_hp_loss":0.0,"gold_gain":0.0,"event_name":"Purifier","player_choice":"Purged","floor":20.0,"gold_loss":0.0,"damage_taken":0.0},{"damage_healed":0.0,"max_hp_gain":0.0,"max_hp_loss":0.0,"gold_gain":50.0,"event_name":"Nest","player_choice":"Stole From Cult","floor":22.0,"gold_loss":0.0,"damage_taken":0.0},{"damage_healed":0.0,"max_hp_gain":0.0,"max_hp_loss":0.0,"gold_gain":0.0,"event_name":"The Mausoleum","player_choice":"Ignored","floor":24.0,"gold_loss":0.0,"damage_taken":0.0}],"is_beta":true,"boss_relics":[{"not_picked":["Runic Dome","Black Star"],"picked":"Runic Pyramid"}],"items_purged_floors":[7,19],"is_endless":false,"potions_floor_spawned":[5,11,12,14,25],"killed_by":"Book of Stabbing","ascension_level":20}