{"gold_per_floor":[110,124,174,99,117,117,34,34,108,128,161,161,2,12,12,90,90,106,106,124,139,14,14,28,59,59,59,86,100,100,134,134,208,208,223,223,243,243,259,286,286,286],"floor_reached":42,"playtime":2132,"items_purged":["Strike_G","Strike_G","Strike_G"],"score":1007,"play_id":"39851151-6333-499a-85c6-32dcfdf13bf8","local_time":"20190126021506","is_ascension_mode":true,"campfire_choices":[{"data":"Deadly Poison","floor":6.0,"key":"SMITH"},{"data":"Noxious Fumes","floor":8.0,"key":"SMITH"},{"data":"Burst","floor":15.0,"key":"SMITH"},{"data":"Wraith Form v2","floor":23.0,"key":"SMITH"},{"data":"Well Laid Plans","floor":27.0,"key":"SMITH"},{"floor":30.0,"key":"REST"},{"data":"Deadly Poison","floor":32.0,"key":"SMITH"},{"floor":41,"key":"REST"}],"neow_cost":"TEN_PERCENT_HP_LOSS","seed_source_timestamp":521391214065450,"circlet_count":0,"master_deck":["AscendersBane","Defend_G","Defend_G","Defend_G","Defend_G","Defend_G","Strike_G","Survivor","Neutralize","Well Laid Plans+1","PiercingWail","Deadly Poison+1","Noxious Fumes+1","Dodge and Roll","Burst+1","Deadly Poison+1","Wraith Form v2+1","Acrobatics","Deflect","PiercingWail","Decay","Writhe","PiercingWail","Footwork+1","Malaise","PiercingWail","All Out Attack","Caltrops","Deflect+1"],"special_seed":0,"relics":["Ring of the Snake","Gambling Chip","Pantograph","Lantern","Cursed Key","Kunai","Letter Opener","Anchor","Bronze Scales","Runic Dome","Shovel"],"potions_floor_usage":[40,42,42],"damage_taken":[{"damage":1.0,"enemies":"2 Louse","floor":1.0,"turns":4.0},{"damage":3.0,"enemies":"Cultist","floor":2.0,"turns":4.0},{"damage":9.0,"enemies":"Jaw Worm","floor":5.0,"turns":9.0},{"damage":9.0,"enemies":"Exordium Thugs","floor":10.0,"turns":4.0},{"damage":3.0,"enemies":"Lagavulin","floor":11.0,"turns":7.0},{"damage":0.0,"enemies":"Blue Slaver","floor":14.0,"turns":3.0},{"damage":10.0,"enemies":"Hexaghost","floor":16.0,"turns":8.0},{"damage":7.0,"enemies":"3 Byrds","floor":18.0,"turns":5.0},{"damage":2.0,"enemies":"2 Thieves","floor":20.0,"turns":4.0},{"damage":9.0,"enemies":"Centurion and Healer","floor":21.0,"turns":7.0},{"damage":3.0,"enemies":"3 Cultists","floor":24.0,"turns":5.0},{"damage":13.0,"enemies":"Book of Stabbing","floor":25.0,"turns":6.0},{"damage":11.0,"enemies":"Snecko","floor":29.0,"turns":6.0},{"damage":0.0,"enemies":"Slavers","floor":31.0,"turns":6.0},{"damage":32.0,"enemies":"Collector","floor":33.0,"turns":7.0},{"damage":2.0,"enemies":"3 Darklings","floor":35.0,"turns":6.0},{"damage":3.0,"enemies":"3 Shapes","floor":37.0,"turns":7.0},{"damage":0.0,"enemies":"Writhing Mass","floor":39.0,"turns":4.0},{"damage":37,"enemies":"Reptomancer","floor":40,"turns":8},{"damage":80,"enemies":"Giant Head","floor":42,"turns":9}],"seed_played":"-2871407552100870826","potions_obtained":[{"floor":1.0,"key":"SteroidPotion"},{"floor":16.0,"key":"Fire Potion"},{"floor":21.0,"key":"Regen Potion"},{"floor":40,"key":"AttackPotion"}],"is_trial":false,"path_per_floor":["M","M","?","$","M","R","$","R","T","M","E","?","$","M","R","B",null,"M","?","M","M","$","R","M","E","T","R","T","M","R","E","R","B",null,"M","?","M","?","M","E","R","E"],"character_chosen":"THE_SILENT","items_purchased":["Noxious Fumes","Deadly Poison"],"campfire_rested":2,"item_purchase_floors":[7,13],"current_hp_per_floor":[58,55,49,49,40,40,40,40,40,31,28,28,28,28,28,43,56,49,60,58,49,49,49,46,33,33,33,33,22,40,40,40,28,52,50,50,47,47,47,22,40,0],"gold":286,"neow_bonus":"ONE_RARE_RELIC","is_prod":false,"is_daily":false,"chose_seed":false,"campfire_upgraded":6,"win_rate":0,"timestamp":1548497706,"path_taken":["M","M","?","$","?","R","$","R","T","M","E","?","$","M","R","BOSS","M","?","M","M","$","R","M","E","T","R","?","M","R","E","R","BOSS","M","?","?","?","M","E","R","E"],"build_version":"2019-01-23","purchased_purges":3,"victory":false,"max_hp_per_floor":[60,60,60,60,60,60,60,60,60,60,60,60,60,60,60,60,60,60,60,60,60,60,60,60,60,60,60,60,60,60,60,60,60,60,60,60,60,60,60,60,60,60],"card_choices":[{"not_picked":["Dagger Spray","Sucker Punch"],"picked":"Well Laid Plans","floor":1.0},{"not_picked":["Backflip","Night Terror"],"picked":"PiercingWail","floor":2.0},{"not_picked":["Deflect","Dagger Spray"],"picked":"Deadly Poison","floor":5.0},{"not_picked":["Sucker Punch","Blade Dance"],"picked":"Dodge and Roll","floor":10.0},{"not_picked":["Dagger Spray","Dodge and Roll","Outmaneuver"],"picked":"SKIP","floor":11.0},{"not_picked":["Prepared","Underhanded Strike","Skewer"],"picked":"SKIP","floor":14.0},{"not_picked":["Unload","Die Die Die"],"picked":"Wraith Form v2","floor":16.0},{"not_picked":["Bouncing Flask","Eviscerate","Skewer"],"picked":"SKIP","floor":18.0},{"not_picked":["Caltrops","Deflect"],"picked":"Acrobatics","floor":20.0},{"not_picked":["Deadly Poison","Terror","Riddle With Holes"],"picked":"SKIP","floor":21.0},{"not_picked":["Deflect","Concentrate","Endless Agony"],"picked":"SKIP","floor":24.0},{"not_picked":["Concentrate","Endless Agony"],"picked":"Deflect","floor":24.0},{"not_picked":["Crippling Poison","Reflex"],"picked":"PiercingWail","floor":25.0},{"not_picked":["Leg Sweep","Endless Agony"],"picked":"PiercingWail","floor":29.0},{"not_picked":["Tactician","Concentrate"],"picked":"Footwork+1","floor":31.0},{"not_picked":["Adrenaline","A Thousand Cuts"],"picked":"Malaise","floor":33.0},{"not_picked":["Backstab+1","Reflex"],"picked":"PiercingWail","floor":35.0},{"not_picked":["Outmaneuver","Dagger Throw+1"],"picked":"Caltrops","floor":37.0},{"not_picked":["Underhanded Strike","Infinite Blades"],"picked":"Deflect+1","floor":39.0},{"not_picked":["Dagger Throw","Underhanded Strike","Grand Finale"],"picked":"SKIP","floor":40}],"player_experience":1035274,"relics_obtained":[{"floor":9.0,"key":"Pantograph"},{"floor":11.0,"key":"Lantern"},{"floor":25.0,"key":"Kunai"},{"floor":26.0,"key":"Letter Opener"},{"floor":28.0,"key":"Anchor"},{"floor":31.0,"key":"Bronze Scales"},{"floor":40,"key":"Shovel"}],"event_choices":[{"damage_healed":0.0,"max_hp_gain":0.0,"max_hp_loss":0.0,"gold_gain":50.0,"event_name":"FaceTrader","player_choice":"Touch","floor":3.0,"gold_loss":0.0,"damage_taken":6.0},{"damage_healed":0.0,"max_hp_gain":0.0,"max_hp_loss":0.0,"gold_gain":0.0,"event_name":"Match and Keep!","player_choice":"1 cards matched","floor":12.0,"gold_loss":0.0,"damage_taken":0.0,"cards_obtained":["Burst"]},{"damage_healed":12.0,"max_hp_gain":0.0,"max_hp_loss":0.0,"gold_gain":0.0,"event_name":"The Library","player_choice":"Heal","floor":19.0,"gold_loss":0.0,"damage_taken":0.0},{"damage_healed":0.0,"max_hp_gain":0.0,"max_hp_loss":0.0,"gold_gain":0.0,"cards_transformed":["Strike_G"],"event_name":"Transmorgrifier","player_choice":"Transformed","floor":36.0,"gold_loss":0.0,"damage_taken":0.0,"cards_obtained":["All Out Attack"]},{"damage_healed":0.0,"max_hp_gain":0.0,"max_hp_loss":0.0,"gold_gain":0.0,"event_name":"Mysterious Sphere","player_choice":"Ignored","floor":38.0,"gold_loss":0.0,"damage_taken":0.0}],"is_beta":true,"boss_relics":[{"not_picked":["Ectoplasm","Pandora\u0027s Box"],"picked":"Cursed Key"},{"not_picked":["Fusion Hammer","Lizard Tail"],"picked":"Runic Dome"}],"items_purged_floors":[4,13,22],"is_endless":false,"potions_floor_spawned":[1,16,21,24,40],"killed_by":"Giant Head","ascension_level":20}