{"gold_per_floor":[112,112,112,28,44,44,71,71,71,71,88,113,57,68,68,139,139,158,208,133,19,36,68,68,31,105,105,115,127,160,177,177,254,254,269,544,560,560,580,610,221,221,221,247,197,225,250,120,120,120,120,120,120,70,97,97],"floor_reached":57,"playtime":2687,"items_purged":["Strike_B","Regret","Strike_B+1","Lockon+1","Defend_B"],"score":2993,"play_id":"1bc17799-1782-4c11-8b0c-ef4f492e7a3b","local_time":"20190306002112","is_ascension_mode":true,"campfire_choices":[{"data":"Defragment","floor":6.0,"key":"SMITH"},{"data":"Doom and Gloom","floor":8.0,"key":"SMITH"},{"data":"Fission","floor":15.0,"key":"SMITH"},{"data":"Biased Cognition","floor":24.0,"key":"SMITH"},{"floor":27.0,"key":"REST"},{"data":"Zap","floor":32.0,"key":"SMITH"},{"floor":49.0,"key":"RECALL"},{"data":"Defragment","floor":53.0,"key":"SMITH"}],"neow_cost":"NONE","seed_source_timestamp":2928896122474958,"circlet_count":0,"master_deck":["AscendersBane","Defend_B","Defend_B","Defend_B","Zap+1","Dualcast","Coolheaded+1","Defragment+1","Doom and Gloom+1","Fission+1","Coolheaded","Ball Lightning+1","Echo Form","Sweeping Beam+1","Biased Cognition+1","Glacier","Chill","Seek","Defragment+1","Blizzard+1","Coolheaded","Chill","BootSequence+1","Barrage+1","Panacea"],"special_seed":0,"relics":["Cracked Core","NeowsBlessing","Bag of Preparation","Pantograph","Molten Egg 2","Dream Catcher","Inserter","Singing Bowl","Cables","Orichalcum","Orrery","Smiling Mask","Bottled Lightning","Ice Cream","Oddly Smooth Stone","MawBank","Lantern"],"potions_floor_usage":[56,56],"damage_taken":[{"damage":0.0,"enemies":"Small Slimes","floor":1.0,"turns":1.0},{"damage":0.0,"enemies":"2 Louse","floor":5.0,"turns":1.0},{"damage":0.0,"enemies":"Lagavulin","floor":7.0,"turns":1.0},{"damage":2.0,"enemies":"Jaw Worm","floor":11.0,"turns":3.0},{"damage":8.0,"enemies":"Gremlin Nob","floor":12.0,"turns":3.0},{"damage":4.0,"enemies":"Looter","floor":14.0,"turns":3.0},{"damage":3.0,"enemies":"The Guardian","floor":16.0,"turns":11.0},{"damage":6.0,"enemies":"3 Byrds","floor":18.0,"turns":4.0},{"damage":22.0,"enemies":"2 Thieves","floor":22.0,"turns":3.0},{"damage":18.0,"enemies":"Slavers","floor":23.0,"turns":6.0},{"damage":0.0,"enemies":"Centurion and Healer","floor":28.0,"turns":5.0},{"damage":0.0,"enemies":"Snake Plant","floor":29.0,"turns":5.0},{"damage":7.0,"enemies":"Book of Stabbing","floor":30.0,"turns":4.0},{"damage":0.0,"enemies":"Chosen and Byrds","floor":31.0,"turns":6.0},{"damage":24.0,"enemies":"Collector","floor":33.0,"turns":15.0},{"damage":0.0,"enemies":"Orb Walker","floor":35.0,"turns":3.0},{"damage":2.0,"enemies":"3 Shapes","floor":37.0,"turns":4.0},{"damage":25.0,"enemies":"Transient","floor":39.0,"turns":6.0},{"damage":9.0,"enemies":"Reptomancer","floor":40.0,"turns":6.0},{"damage":1.0,"enemies":"Nemesis","floor":44.0,"turns":13.0},{"damage":26.0,"enemies":"Reptomancer","floor":46.0,"turns":7.0},{"damage":19.0,"enemies":"Awakened One","floor":50.0,"turns":15.0},{"damage":0.0,"enemies":"Time Eater","floor":51.0,"turns":11.0},{"damage":45,"enemies":"Shield and Spear","floor":55,"turns":8},{"damage":23,"enemies":"The Heart","floor":56,"turns":10}],"seed_played":"8630043845740134839","potions_obtained":[{"floor":1.0,"key":"Fire Potion"},{"floor":7.0,"key":"Fire Potion"},{"floor":14.0,"key":"EssenceOfSteel"},{"floor":30.0,"key":"LiquidBronze"},{"floor":33.0,"key":"AttackPotion"},{"floor":35.0,"key":"PowerPotion"}],"is_trial":false,"path_per_floor":["M","?","?","$","M","R","E","R","T","?","M","E","$","M","R","B",null,"M","?","?","$","M","E","R","$","T","R","M","M","E","M","R","B",null,"M","?","M","?","M","E","$","?","T","E","$","E","T","$","R","B","B",null,"R","$","E","B",null],"character_chosen":"DEFECT","items_purchased":["Defragment","Coolheaded","Glacier","Glacier","Bottled Lightning","PowerPotion","Panacea"],"campfire_rested":1,"item_purchase_floors":[4,13,21,25,41,41,48],"current_hp_per_floor":[64,59,59,59,59,59,59,59,59,38,36,28,28,24,24,46,65,59,59,59,59,37,21,21,21,21,44,46,48,43,43,43,44,76,78,78,76,76,53,44,44,44,44,43,43,19,19,19,19,25,50,78,78,78,35,37],"gold":97,"neow_bonus":"THREE_ENEMY_KILL","is_prod":false,"is_daily":false,"chose_seed":false,"campfire_upgraded":6,"win_rate":0,"timestamp":1551860472,"path_taken":["M","?","?","$","M","R","E","R","T","?","M","E","$","M","R","BOSS","M","?","?","$","M","E","R","$","T","R","M","?","E","M","R","BOSS","M","?","?","?","M","E","$","?","T","E","?","E","?","$","R","BOSS","BOSS","R","$","E","BOSS"],"build_version":"2019-02-06","purchased_purges":5,"victory":true,"max_hp_per_floor":[71,71,71,71,71,71,71,71,71,71,71,71,71,71,71,71,71,71,71,71,71,71,73,73,73,73,75,77,79,81,81,81,81,85,87,87,87,87,89,89,89,85,85,85,85,87,87,87,87,87,87,87,87,87,89,89],"card_choices":[{"not_picked":["Melter","Sweeping Beam"],"picked":"Coolheaded","floor":1.0},{"not_picked":["Barrage","Steam","Redo"],"picked":"SKIP","floor":5.0},{"not_picked":["Barrage","Steam","Redo"],"picked":"SKIP","floor":5.0},{"not_picked":["Beam Cell","Static Discharge"],"picked":"Doom and Gloom","floor":7.0},{"not_picked":["Blizzard+1","Beam Cell+1","Self Repair"],"picked":"SKIP","floor":11.0},{"not_picked":["Beam Cell+1","Reprogram"],"picked":"Fission","floor":12.0},{"not_picked":["Blizzard+1","Consume"],"picked":"Ball Lightning+1","floor":14.0},{"not_picked":["Biased Cognition","Thunder Strike+1"],"picked":"Echo Form","floor":16.0},{"not_picked":["Compile Driver+1","Redo"],"picked":"Sweeping Beam+1","floor":18.0},{"not_picked":["Rebound+1","Gash+1","Sweeping Beam+1"],"picked":"SKIP","floor":22.0},{"not_picked":["Compile Driver+1","Stack","All For One+1"],"picked":"Singing Bowl","floor":23.0},{"not_picked":["Conserve Battery","Compile Driver+1","Sweeping Beam+1"],"picked":"Singing Bowl","floor":27.0},{"not_picked":["Leap","Cold Snap+1","Compile Driver+1"],"picked":"Singing Bowl","floor":28.0},{"not_picked":["Hologram","Leap","Cold Snap+1"],"picked":"Singing Bowl","floor":29.0},{"not_picked":["Compile Driver+1","Scrape+1","Stack"],"picked":"Singing Bowl","floor":30.0},{"not_picked":["Sunder+1","Aggregate"],"picked":"Chill","floor":31.0},{"not_picked":["Electrodynamics","All For One+1"],"picked":"Seek","floor":33.0},{"not_picked":["Gash+1","Conserve Battery"],"picked":"Defragment","floor":34.0},{"not_picked":["Beam Cell+1","Cold Snap+1"],"picked":"Blizzard+1","floor":34.0},{"not_picked":["Beam Cell+1","Cold Snap+1"],"picked":"Coolheaded","floor":34.0},{"not_picked":["Go for the Eyes+1","Reprogram","Barrage+1"],"picked":"Singing Bowl","floor":34.0},{"not_picked":["Self Repair","Aggregate","Storm"],"picked":"Singing Bowl","floor":34.0},{"not_picked":["Force Field+1","Lockon+1","Go for the Eyes+1"],"picked":"Singing Bowl","floor":35.0},{"not_picked":["Tempest","Cold Snap+1"],"picked":"Chill","floor":37.0},{"not_picked":["Redo","Stack","Conserve Battery+1"],"picked":"Singing Bowl","floor":39.0},{"not_picked":["Coolheaded+1","Stack"],"picked":"BootSequence+1","floor":40.0},{"not_picked":["Ball Lightning+1","Stack"],"picked":"Barrage+1","floor":44.0},{"not_picked":["Rebound+1","Aggregate","Rip and Tear+1"],"picked":"Singing Bowl","floor":46.0},{"not_picked":["Leap","Sunder+1","Streamline+1"],"picked":"Singing Bowl","floor":55}],"player_experience":1320124,"relics_obtained":[{"floor":7.0,"key":"Pantograph"},{"floor":9.0,"key":"Molten Egg 2"},{"floor":12.0,"key":"Dream Catcher"},{"floor":23.0,"key":"Singing Bowl"},{"floor":26.0,"key":"Cables"},{"floor":30.0,"key":"Orichalcum"},{"floor":40.0,"key":"Smiling Mask"},{"floor":44.0,"key":"Ice Cream"},{"floor":46.0,"key":"Oddly Smooth Stone"},{"floor":47.0,"key":"MawBank"},{"floor":55,"key":"Lantern"}],"event_choices":[{"damage_healed":0.0,"max_hp_gain":0.0,"max_hp_loss":0.0,"gold_gain":0.0,"event_name":"Scrap Ooze","player_choice":"Success","floor":2.0,"gold_loss":0.0,"damage_taken":5.0,"relics_obtained":["Bag of Preparation"]},{"damage_healed":0.0,"max_hp_gain":0.0,"max_hp_loss":0.0,"gold_gain":0.0,"event_name":"The Cleric","player_choice":"Leave","floor":3.0,"gold_loss":0.0,"damage_taken":0.0},{"damage_healed":0.0,"max_hp_gain":0.0,"max_hp_loss":0.0,"gold_gain":0.0,"event_name":"Shining Light","player_choice":"Entered Light","floor":10.0,"gold_loss":0.0,"damage_taken":21.0,"cards_upgraded":["Coolheaded","Strike_B"]},{"damage_healed":0.0,"max_hp_gain":0.0,"max_hp_loss":0.0,"gold_gain":50.0,"event_name":"Nest","player_choice":"Stole From Cult","floor":19.0,"gold_loss":0.0,"damage_taken":0.0},{"damage_healed":0.0,"max_hp_gain":0.0,"max_hp_loss":0.0,"gold_gain":0.0,"cards_transformed":["Strike_B","Strike_B"],"event_name":"Designer","player_choice":"Transformed Cards","floor":20.0,"gold_loss":75.0,"damage_taken":0.0,"cards_obtained":["Lockon","Biased Cognition"]},{"damage_healed":0.0,"max_hp_gain":0.0,"max_hp_loss":0.0,"gold_gain":275.0,"event_name":"Golden Shrine","player_choice":"Desecrate","floor":36.0,"gold_loss":0.0,"damage_taken":0.0,"cards_obtained":["Regret"]},{"cards_removed":["Glacier"],"damage_healed":0.0,"max_hp_gain":0.0,"max_hp_loss":0.0,"gold_gain":0.0,"event_name":"Falling","player_choice":"Removed Skill","floor":38.0,"gold_loss":0.0,"damage_taken":0.0},{"damage_healed":0.0,"max_hp_gain":0.0,"max_hp_loss":4.0,"gold_gain":0.0,"event_name":"Winding Halls","player_choice":"Max HP","floor":42.0,"gold_loss":0.0,"damage_taken":0.0}],"is_beta":true,"boss_relics":[{"not_picked":["Runic Dome","FrozenCore"],"picked":"Inserter"},{"not_picked":["Fusion Hammer","Philosopher\u0027s Stone"],"picked":"Orrery"}],"items_purged_floors":[21,41,45,48,54],"is_endless":false,"potions_floor_spawned":[1,7,14,22,30,33,35,46],"ascension_level":20}