{"gold_per_floor":[19,94,59,59,78,78,110,110,110,125,137,152,152,164,164,242,242,260,276,276,168,187,187,218,218,218,218,235,160,160,170,170,244,294,307,357,382,331,343,343],"floor_reached":40,"playtime":1400,"items_purged":["Strike_R"],"score":862,"play_id":"19074846-d810-46d5-8f9c-fd4b7899dc14","local_time":"20190218010200","is_ascension_mode":true,"campfire_choices":[{"data":"Shockwave","floor":6.0,"key":"SMITH"},{"data":"Shrug It Off","floor":8.0,"key":"SMITH"},{"data":"Shrug It Off","floor":15.0,"key":"SMITH"},{"data":"Defend_R","floor":23.0,"key":"SMITH"},{"floor":25.0,"key":"REST"},{"floor":30.0,"key":"REST"},{"data":"Defend_R","floor":32.0,"key":"SMITH"}],"neow_cost":"NO_GOLD","seed_source_timestamp":1989190740160508,"circlet_count":0,"master_deck":["AscendersBane","Strike_R","Strike_R+1","Strike_R","Defend_R+1","Defend_R+1","Defend_R","Defend_R","Bash+1","Shockwave+1","Shrug It Off+1","Anger+1","Perfected Strike+1","Wild Strike+1","Shrug It Off+1","Demon Form+1","Pommel Strike+1","Anger+1","Heavy Blade+1","Pommel Strike+1","Juggernaut+1","Barricade+1","Spot Weakness","Iron Wave+1"],"special_seed":0,"relics":["Burning Blood","Torii","Frozen Egg 2","Molten Egg 2","Smiling Mask","Sozu","MutagenicStrength","StoneCalendar","Du-Vu Doll","Tiny House","Ginger"],"potions_floor_usage":[],"damage_taken":[{"damage":9.0,"enemies":"Small Slimes","floor":1.0,"turns":4.0},{"damage":2.0,"enemies":"2 Louse","floor":5.0,"turns":3.0},{"damage":39.0,"enemies":"3 Sentries","floor":7.0,"turns":17.0},{"damage":1.0,"enemies":"Cultist","floor":10.0,"turns":4.0},{"damage":13.0,"enemies":"Large Slime","floor":11.0,"turns":5.0},{"damage":6.0,"enemies":"Looter","floor":12.0,"turns":3.0},{"damage":0.0,"enemies":"3 Louse","floor":14.0,"turns":2.0},{"damage":44.0,"enemies":"Slime Boss","floor":16.0,"turns":8.0},{"damage":10.0,"enemies":"2 Thieves","floor":18.0,"turns":4.0},{"damage":2.0,"enemies":"3 Byrds","floor":19.0,"turns":5.0},{"damage":8.0,"enemies":"Centurion and Healer","floor":22.0,"turns":4.0},{"damage":33.0,"enemies":"Book of Stabbing","floor":24.0,"turns":4.0},{"damage":3.0,"enemies":"3 Cultists","floor":28.0,"turns":5.0},{"damage":7.0,"enemies":"Chosen and Byrds","floor":31.0,"turns":5.0},{"damage":27.0,"enemies":"Champ","floor":33.0,"turns":9.0},{"damage":0.0,"enemies":"3 Shapes","floor":35.0,"turns":6.0},{"damage":55.0,"enemies":"2 Orb Walkers","floor":36.0,"turns":5.0},{"damage":10.0,"enemies":"Orb Walker","floor":39.0,"turns":3.0},{"damage":38,"enemies":"Nemesis","floor":40,"turns":3}],"seed_played":"-1476727637932675950","potions_obtained":[{"floor":5.0,"key":"Block Potion"},{"floor":11.0,"key":"EssenceOfSteel"},{"floor":14.0,"key":"Dexterity Potion"}],"is_trial":false,"path_per_floor":["M","?","?","?","M","R","E","R","T","M","M","M","?","M","R","B",null,"M","M","?","$","M","R","E","R","T","?","M","?","R","M","R","B",null,"M","?","T","$","M","E"],"character_chosen":"IRONCLAD","items_purchased":["Heavy Blade+1","Iron Wave+1"],"campfire_rested":2,"item_purchase_floors":[21,38],"current_hp_per_floor":[65,54,72,72,75,75,42,42,42,47,40,40,40,46,46,8,58,54,58,58,58,56,56,29,51,51,30,33,33,57,56,56,35,74,80,31,31,31,27,0],"gold":343,"neow_bonus":"ONE_RARE_RELIC","is_prod":false,"is_daily":false,"chose_seed":false,"campfire_upgraded":5,"win_rate":0,"timestamp":1550480520,"path_taken":["M","?","?","?","M","R","E","R","T","M","M","M","?","M","R","BOSS","M","M","?","$","M","R","E","R","T","?","M","?","R","M","R","BOSS","M","?","?","$","M","E"],"build_version":"2019-02-06","purchased_purges":1,"victory":false,"max_hp_per_floor":[75,75,75,75,75,75,75,75,75,75,75,75,75,75,75,75,75,75,75,75,75,75,75,75,75,75,80,80,80,80,80,80,80,85,85,85,85,85,85,85],"card_choices":[{"not_picked":["Clothesline","Pommel Strike"],"picked":"Shockwave","floor":1.0},{"not_picked":["Warcry","Headbutt"],"picked":"Shrug It Off","floor":5.0},{"not_picked":["Second Wind","Bloodletting","Intimidate"],"picked":"SKIP","floor":7.0},{"not_picked":["Power Through","Havoc"],"picked":"Anger+1","floor":10.0},{"not_picked":["Flex","True Grit"],"picked":"Perfected Strike+1","floor":11.0},{"not_picked":["Warcry","Armaments"],"picked":"Wild Strike+1","floor":12.0},{"not_picked":["Twin Strike+1","Anger+1"],"picked":"Shrug It Off","floor":14.0},{"not_picked":["Juggernaut+1","Brutality+1"],"picked":"Demon Form+1","floor":16.0},{"not_picked":["True Grit","Headbutt+1"],"picked":"Pommel Strike+1","floor":18.0},{"not_picked":["True Grit","Combust+1"],"picked":"Anger+1","floor":19.0},{"not_picked":["Anger+1","Body Slam+1"],"picked":"Pommel Strike+1","floor":22.0},{"not_picked":["Sever Soul+1","Dropkick+1","Warcry"],"picked":"SKIP","floor":24.0},{"not_picked":["Wild Strike+1","Warcry"],"picked":"Juggernaut+1","floor":28.0},{"not_picked":["Thunderclap+1","Combust+1","Wild Strike+1"],"picked":"SKIP","floor":31.0},{"not_picked":["Limit Break","Dark Embrace+1"],"picked":"Barricade+1","floor":33.0},{"not_picked":["Blood for Blood+1","Heavy Blade+1"],"picked":"Spot Weakness","floor":35.0},{"not_picked":["Searing Blow+1","Sword Boomerang+1","Heavy Blade+1"],"picked":"SKIP","floor":39.0}],"player_experience":1198784,"relics_obtained":[{"floor":7.0,"key":"Frozen Egg 2"},{"floor":9.0,"key":"Molten Egg 2"},{"floor":24.0,"key":"StoneCalendar"},{"floor":26.0,"key":"Du-Vu Doll"},{"floor":36.0,"key":"Ginger"}],"event_choices":[{"damage_healed":0.0,"max_hp_gain":0.0,"max_hp_loss":0.0,"gold_gain":75.0,"event_name":"World of Goop","player_choice":"Gather Gold","floor":2.0,"gold_loss":0.0,"damage_taken":11.0},{"damage_healed":18.0,"max_hp_gain":0.0,"max_hp_loss":0.0,"gold_gain":0.0,"event_name":"The Cleric","player_choice":"Healed","floor":3.0,"gold_loss":35.0,"damage_taken":0.0},{"damage_healed":0.0,"max_hp_gain":0.0,"max_hp_loss":0.0,"gold_gain":0.0,"event_name":"Living Wall","player_choice":"Grow","floor":4.0,"gold_loss":0.0,"damage_taken":0.0,"cards_upgraded":["Bash"]},{"damage_healed":0.0,"max_hp_gain":0.0,"max_hp_loss":0.0,"gold_gain":0.0,"event_name":"WeMeetAgain","player_choice":"Gave Potion","floor":13.0,"gold_loss":0.0,"damage_taken":0.0,"relics_obtained":["Smiling Mask"]},{"damage_healed":0.0,"max_hp_gain":0.0,"max_hp_loss":0.0,"gold_gain":0.0,"event_name":"Drug Dealer","player_choice":"Inject Mutagens","floor":20.0,"gold_loss":0.0,"damage_taken":0.0,"relics_obtained":["MutagenicStrength"]},{"damage_healed":0.0,"max_hp_gain":5.0,"max_hp_loss":0.0,"gold_gain":0.0,"event_name":"Forgotten Altar","player_choice":"Shed Blood","floor":27.0,"gold_loss":0.0,"damage_taken":26.0},{"cards_removed":["Strike_R"],"damage_healed":0.0,"max_hp_gain":0.0,"max_hp_loss":0.0,"gold_gain":0.0,"event_name":"Beggar","player_choice":"Gave Gold","floor":29.0,"gold_loss":75.0,"damage_taken":0.0},{"damage_healed":0.0,"max_hp_gain":0.0,"max_hp_loss":0.0,"gold_gain":0.0,"event_name":"Mysterious Sphere","player_choice":"Fight","floor":36.0,"gold_loss":0.0,"damage_taken":0.0}],"is_beta":true,"boss_relics":[{"not_picked":["Lizard Tail","Empty Cage"],"picked":"Sozu"},{"not_picked":["Calling Bell","Eternal Feather"],"picked":"Tiny House"}],"items_purged_floors":[21],"is_endless":false,"potions_floor_spawned":[5,11,12,14,16,19,33,39],"killed_by":"Nemesis","ascension_level":20}