{"gold_per_floor":[216,227,227,227,241,241,276,296,319,319,339,29,39,49,49,120,120,130,130,130,192,211,241,61,61,61,27,2,2,15,65,65,142,142,156,19,32,82,102,102,115,140,140,155,173,173,186,204,204,204,204,204,204,17,44,44],"floor_reached":57,"playtime":2234,"items_purged":["Strike_R","Strike_R","Strike_R","Defend_R"],"score":2791,"play_id":"4e1ec42f-7b7b-4798-a8eb-a24d0c8ea454","local_time":"20190223223432","is_ascension_mode":true,"campfire_choices":[{"data":"Whirlwind","floor":6.0,"key":"SMITH"},{"data":"Bash","floor":10.0,"key":"SMITH"},{"data":"Combust","floor":15.0,"key":"SMITH"},{"data":"Armaments","floor":25.0,"key":"SMITH"},{"data":"Limit Break","floor":29.0,"key":"SMITH"},{"data":"Ghostly","floor":32.0,"key":"SMITH"},{"data":"Ghostly","floor":40.0,"key":"SMITH"},{"data":"Ghostly","floor":46.0,"key":"SMITH"},{"floor":49.0,"key":"RECALL"},{"data":"Inflame","floor":53.0,"key":"SMITH"}],"neow_cost":"NONE","seed_source_timestamp":0,"circlet_count":0,"master_deck":["AscendersBane","Defend_R","Defend_R","Defend_R","Bash+1","Whirlwind+1","Shrug It Off","Limit Break+1","Sword Boomerang","Combust+1","Shrug It Off","Rupture","Sword Boomerang","Ghostly+1","Ghostly+1","Ghostly+1","Heavy Blade+1","Armaments+1","Inflame+1","Reaper","Bloodletting+1","Battle Trance+1","Headbutt"],"special_seed":0,"relics":["Burning Blood","Red Skull","Bag of Preparation","Omamori","Membership Card","Velvet Choker","SsserpentHead","Letter Opener","Brimstone","Orichalcum","Toxic Egg 2","Runic Pyramid","Pear","Juzu Bracelet","Centennial Puzzle","Pocketwatch"],"potions_floor_usage":[56,56],"damage_taken":[{"damage":12.0,"enemies":"Cultist","floor":1.0,"turns":5.0},{"damage":2.0,"enemies":"2 Louse","floor":2.0,"turns":3.0},{"damage":9.0,"enemies":"Jaw Worm","floor":5.0,"turns":6.0},{"damage":32.0,"enemies":"Gremlin Nob","floor":7.0,"turns":4.0},{"damage":10.0,"enemies":"Lots of Slimes","floor":8.0,"turns":3.0},{"damage":0.0,"enemies":"3 Louse","floor":11.0,"turns":1.0},{"damage":3.0,"enemies":"Looter","floor":13.0,"turns":2.0},{"damage":0.0,"enemies":"Lots of Slimes","floor":14.0,"turns":1.0},{"damage":2.0,"enemies":"Slime Boss","floor":16.0,"turns":5.0},{"damage":18.0,"enemies":"Spheric Guardian","floor":18.0,"turns":5.0},{"damage":4.0,"enemies":"2 Thieves","floor":21.0,"turns":4.0},{"damage":16.0,"enemies":"Snake Plant","floor":22.0,"turns":6.0},{"damage":14.0,"enemies":"Book of Stabbing","floor":23.0,"turns":5.0},{"damage":0.0,"enemies":"Centurion and Healer","floor":30.0,"turns":3.0},{"damage":11.0,"enemies":"Automaton","floor":33.0,"turns":5.0},{"damage":2.0,"enemies":"Orb Walker","floor":35.0,"turns":3.0},{"damage":1.0,"enemies":"3 Shapes","floor":37.0,"turns":4.0},{"damage":0.0,"enemies":"Jaw Worm Horde","floor":39.0,"turns":4.0},{"damage":0.0,"enemies":"Sphere and 2 Shapes","floor":41.0,"turns":4.0},{"damage":0.0,"enemies":"Giant Head","floor":42.0,"turns":6.0},{"damage":0.0,"enemies":"3 Darklings","floor":44.0,"turns":4.0},{"damage":4.0,"enemies":"Spire Growth","floor":45.0,"turns":4.0},{"damage":14.0,"enemies":"Maw","floor":47.0,"turns":4.0},{"damage":5.0,"enemies":"Jaw Worm Horde","floor":48.0,"turns":3.0},{"damage":24.0,"enemies":"Donu and Deca","floor":50.0,"turns":6.0},{"damage":37.0,"enemies":"Awakened One","floor":51.0,"turns":7.0},{"damage":4.0,"enemies":"Shield and Spear","floor":55.0,"turns":4.0},{"damage":79,"enemies":"The Heart","floor":56,"turns":8}],"seed_played":"-5050751434498868553","potions_obtained":[{"floor":1.0,"key":"SneckoOil"},{"floor":5.0,"key":"Dexterity Potion"},{"floor":14.0,"key":"Poison Potion"},{"floor":16.0,"key":"GamblersBrew"},{"floor":30.0,"key":"Fire Potion"},{"floor":41.0,"key":"Energy Potion"}],"is_trial":false,"path_per_floor":["M","M","?","?","M","R","E","M","T","R","M","$","M","M","R","B",null,"M","?","?","M","M","E","$","R","T","$","?","R","M","T","R","B",null,"M","$","M","?","M","R","M","E","T","M","M","R","M","M","R","B","B",null,"R","$","E","B",null],"character_chosen":"IRONCLAD","items_purchased":["Membership Card","Rupture","Brimstone","Armaments","Inflame","Pear","Strength Potion","Centennial Puzzle"],"campfire_rested":0,"item_purchase_floors":[12,12,24,24,27,36,54,54],"current_hp_per_floor":[62,66,55,55,52,52,26,22,22,22,28,28,31,37,37,41,67,55,37,37,37,27,19,19,19,19,19,19,19,25,25,25,20,33,37,47,47,47,47,47,47,47,47,47,47,47,47,47,47,47,47,47,47,47,47,7],"gold":44,"neow_bonus":"HUNDRED_GOLD","is_prod":false,"is_daily":false,"chose_seed":false,"campfire_upgraded":9,"win_rate":0,"timestamp":1550990072,"path_taken":["M","?","?","?","M","R","E","M","T","R","?","$","M","M","R","BOSS","M","?","?","?","M","E","$","R","T","?","?","R","M","?","R","BOSS","M","$","M","?","M","R","M","E","T","M","M","R","M","M","R","BOSS","BOSS","R","$","E","BOSS"],"build_version":"2019-02-06","purchased_purges":4,"victory":true,"max_hp_per_floor":[75,75,75,75,75,75,75,75,75,75,75,75,75,75,75,75,75,75,37,37,37,37,37,37,37,37,37,37,37,37,37,37,37,37,37,47,47,47,47,47,47,47,47,47,47,47,47,47,47,47,47,47,47,47,47,47],"card_choices":[{"not_picked":["Dropkick","Headbutt"],"picked":"Whirlwind","floor":1.0},{"not_picked":["True Grit","Clothesline"],"picked":"Shrug It Off","floor":2.0},{"not_picked":["Clash","Iron Wave"],"picked":"Sword Boomerang","floor":5.0},{"not_picked":["Cleave","Dual Wield","Warcry"],"picked":"SKIP","floor":7.0},{"not_picked":["Dropkick","Havoc"],"picked":"Combust","floor":8.0},{"not_picked":["Uppercut","Havoc"],"picked":"Shrug It Off","floor":11.0},{"not_picked":["Cleave","Havoc","Pommel Strike"],"picked":"SKIP","floor":13.0},{"not_picked":["Double Tap","Heavy Blade"],"picked":"Sword Boomerang","floor":14.0},{"not_picked":["Perfected Strike","Wild Strike","Combust"],"picked":"SKIP","floor":18.0},{"not_picked":["Hemokinesis","Whirlwind"],"picked":"Heavy Blade+1","floor":21.0},{"not_picked":["Headbutt","Sword Boomerang","Heavy Blade"],"picked":"SKIP","floor":22.0},{"not_picked":["Pommel Strike","Warcry","True Grit"],"picked":"SKIP","floor":23.0},{"not_picked":["Ghostly Armor","Havoc","Perfected Strike"],"picked":"SKIP","floor":30.0},{"not_picked":["Juggernaut","Limit Break+1"],"picked":"Reaper","floor":33.0},{"not_picked":["Anger","Inflame","Iron Wave"],"picked":"SKIP","floor":35.0},{"not_picked":["Ghostly Armor+1","Pommel Strike","Hemokinesis+1"],"picked":"SKIP","floor":37.0},{"not_picked":["Seeing Red+1","Armaments+1","Heavy Blade"],"picked":"SKIP","floor":39.0},{"not_picked":["Body Slam","Sword Boomerang","Sentinel+1"],"picked":"SKIP","floor":41.0},{"not_picked":["Corruption","Thunderclap","Heavy Blade"],"picked":"SKIP","floor":42.0},{"not_picked":["Burning Pact+1","Warcry+1"],"picked":"Bloodletting+1","floor":44.0},{"not_picked":["Armaments+1","Power Through+1","Berserk"],"picked":"SKIP","floor":45.0},{"not_picked":["Armaments+1","Power Through+1","Berserk"],"picked":"SKIP","floor":45.0},{"not_picked":["Iron Wave+1","Sword Boomerang"],"picked":"Battle Trance+1","floor":47.0},{"not_picked":["Searing Blow","Sword Boomerang"],"picked":"Headbutt","floor":48.0},{"not_picked":["Fire Breathing","Reckless Charge","Twin Strike+1"],"picked":"SKIP","floor":55.0}],"player_experience":1227039,"relics_obtained":[{"floor":7.0,"key":"Bag of Preparation"},{"floor":9.0,"key":"Omamori"},{"floor":23.0,"key":"Letter Opener"},{"floor":26.0,"key":"Orichalcum"},{"floor":31.0,"key":"Toxic Egg 2"},{"floor":42.0,"key":"Juzu Bracelet"},{"floor":55.0,"key":"Pocketwatch"}],"event_choices":[{"damage_healed":0.0,"max_hp_gain":0.0,"max_hp_loss":0.0,"gold_gain":0.0,"event_name":"Scrap Ooze","player_choice":"Success","floor":3.0,"gold_loss":0.0,"damage_taken":11.0,"relics_obtained":["Red Skull"]},{"damage_healed":0.0,"max_hp_gain":0.0,"max_hp_loss":0.0,"gold_gain":0.0,"cards_transformed":["Strike_R"],"event_name":"Transmorgrifier","player_choice":"Transformed","floor":4.0,"gold_loss":0.0,"damage_taken":0.0,"cards_obtained":["Limit Break"]},{"damage_healed":0.0,"max_hp_gain":0.0,"max_hp_loss":38.0,"gold_gain":0.0,"event_name":"Ghosts","player_choice":"Became a Ghost","floor":19.0,"gold_loss":0.0,"damage_taken":0.0,"cards_obtained":["Ghostly","Ghostly","Ghostly"]},{"damage_healed":0.0,"max_hp_gain":0.0,"max_hp_loss":0.0,"gold_gain":0.0,"event_name":"FaceTrader","player_choice":"Trade","floor":20.0,"gold_loss":0.0,"damage_taken":0.0,"relics_obtained":["SsserpentHead"]},{"cards_removed":["Strike_R"],"damage_healed":0.0,"max_hp_gain":0.0,"max_hp_loss":0.0,"gold_gain":0.0,"event_name":"Beggar","player_choice":"Gave Gold","floor":28.0,"gold_loss":75.0,"damage_taken":0.0},{"damage_healed":0.0,"max_hp_gain":0.0,"max_hp_loss":0.0,"gold_gain":0.0,"event_name":"SensoryStone","player_choice":"Memory 1","floor":38.0,"gold_loss":0.0,"damage_taken":0.0}],"is_beta":true,"boss_relics":[{"not_picked":["Calling Bell","Mark of Pain"],"picked":"Velvet Choker"},{"not_picked":["Snecko Eye","Runic Cube"],"picked":"Runic Pyramid"}],"items_purged_floors":[12,24,27,54],"is_endless":false,"potions_floor_spawned":[1,5,14,16,21,22,30,37,41,44,45],"ascension_level":20}