{"gold_per_floor":[114,57,71,91,121,150,150,181,181,231,258,258,275,304,304,381,381,401,401,401,414,260,260],"floor_reached":23,"playtime":748,"items_purged":["Strike_B"],"score":434,"play_id":"67f1bd13-098f-4f6c-9b76-68c0bb15796a","local_time":"20190409210317","is_ascension_mode":true,"campfire_choices":[{"floor":7.0,"key":"REST"},{"data":"Defragment","floor":12.0,"key":"SMITH"},{"floor":15.0,"key":"REST"}],"neow_cost":"NONE","seed_source_timestamp":16044789011974,"circlet_count":0,"master_deck":["AscendersBane","Strike_B","Strike_B","Defend_B","Defend_B","Defend_B","Defend_B","Zap","Dualcast","Sweeping Beam","Cold Snap","Cold Snap","Defragment+1","Static Discharge","Echo Form","Defragment","Undo","Doom and Gloom+1","Genetic Algorithm"],"special_seed":0,"relics":["Cracked Core","Orichalcum","Tiny Chest","Mercury Hourglass","Singing Bowl","Ornamental Fan","Ancient Tea Set","Art of War","Orrery"],"potions_floor_usage":[16,23,23],"damage_taken":[{"damage":2.0,"enemies":"Jaw Worm","floor":1.0,"turns":3.0},{"damage":0.0,"enemies":"2 Louse","floor":3.0,"turns":2.0},{"damage":0.0,"enemies":"Cultist","floor":4.0,"turns":3.0},{"damage":21.0,"enemies":"3 Sentries","floor":6.0,"turns":7.0},{"damage":10.0,"enemies":"Gremlin Nob","floor":8.0,"turns":4.0},{"damage":6.0,"enemies":"3 Sentries","floor":11.0,"turns":6.0},{"damage":0.0,"enemies":"Large Slime","floor":13.0,"turns":3.0},{"damage":15.0,"enemies":"Lagavulin","floor":14.0,"turns":7.0},{"damage":18,"enemies":"Hexaghost","floor":16,"turns":8},{"damage":24,"enemies":"2 Thieves","floor":18,"turns":3},{"damage":8,"enemies":"Chosen","floor":21,"turns":5},{"damage":37,"enemies":"Slavers","floor":23,"turns":3}],"seed_played":"-4000131564917144176","potions_obtained":[{"floor":4.0,"key":"Poison Potion"},{"floor":6.0,"key":"Ancient Potion"},{"floor":13.0,"key":"Energy Potion"},{"floor":18,"key":"FocusPotion"}],"is_trial":false,"path_per_floor":["M","$","M","M","?","E","R","E","T","?","E","R","M","E","R","B",null,"M","?","?","M","$","E"],"character_chosen":"DEFECT","items_purchased":["Cold Snap","FocusPotion"],"campfire_rested":2,"item_purchase_floors":[2,22],"current_hp_per_floor":[62,62,62,62,57,36,57,47,47,40,34,34,34,19,40,24,67,43,43,43,35,35,0],"gold":260,"neow_bonus":"RANDOM_COMMON_RELIC","is_prod":false,"is_daily":false,"chose_seed":false,"campfire_upgraded":1,"win_rate":0,"timestamp":1554868997,"path_taken":["M","$","M","M","?","E","R","E","T","?","E","R","?","E","R","BOSS","M","?","?","?","$","E"],"build_version":"2019-04-04","purchased_purges":1,"victory":false,"max_hp_per_floor":[71,71,71,71,71,71,71,71,71,71,71,71,71,71,71,73,79,79,79,79,79,79,79],"card_choices":[{"not_picked":["Gash","Beam Cell"],"picked":"Sweeping Beam","floor":1.0},{"not_picked":["Stack","Force Field","Lockon"],"picked":"SKIP","floor":3.0},{"not_picked":["Go for the Eyes","Turbo","Storm"],"picked":"SKIP","floor":4.0},{"not_picked":["Barrage","Meteor Strike","Chaos"],"picked":"SKIP","floor":6.0},{"not_picked":["Compile Driver","Beam Cell"],"picked":"Cold Snap","floor":8.0},{"not_picked":["Coolheaded","Cold Snap"],"picked":"Defragment","floor":11.0},{"not_picked":["Stack","Scrape"],"picked":"Static Discharge","floor":13.0},{"not_picked":["Storm","Lockon"],"picked":"Echo Form","floor":14.0},{"not_picked":["Thunder Strike","Buffer","Meteor Strike"],"picked":"Singing Bowl","floor":16},{"not_picked":["Steam","Compile Driver","Beam Cell"],"picked":"Singing Bowl","floor":17},{"not_picked":["Chill","Cold Snap"],"picked":"Defragment","floor":17},{"not_picked":["Turbo","Steam","Thunder Strike"],"picked":"Singing Bowl","floor":17},{"not_picked":["Cold Snap","Go for the Eyes","Rebound"],"picked":"Singing Bowl","floor":17},{"not_picked":["Beam Cell","Rebound"],"picked":"Undo","floor":17},{"not_picked":["Compile Driver","Steam"],"picked":"Doom and Gloom+1","floor":18},{"not_picked":["Rebound","BootSequence"],"picked":"Genetic Algorithm","floor":21}],"player_experience":1392207,"relics_obtained":[{"floor":6.0,"key":"Mercury Hourglass"},{"floor":8.0,"key":"Singing Bowl"},{"floor":9.0,"key":"Ornamental Fan"},{"floor":11.0,"key":"Ancient Tea Set"},{"floor":14.0,"key":"Art of War"}],"event_choices":[{"damage_healed":0.0,"max_hp_gain":0.0,"max_hp_loss":0.0,"gold_gain":0.0,"event_name":"Scrap Ooze","player_choice":"Success","floor":5.0,"gold_loss":0.0,"damage_taken":5.0,"relics_obtained":["Tiny Chest"]},{"damage_healed":0.0,"max_hp_gain":0.0,"max_hp_loss":0.0,"gold_gain":50.0,"event_name":"FaceTrader","player_choice":"Touch","floor":10.0,"gold_loss":0.0,"damage_taken":7.0},{"damage_healed":0,"gold_gain":0,"player_choice":"Ignored","damage_taken":0,"max_hp_gain":0,"max_hp_loss":0,"event_name":"Vampires","floor":19,"gold_loss":0},{"cards_removed":["Strike_B"],"damage_healed":0,"gold_gain":0,"player_choice":"Purged","damage_taken":0,"max_hp_gain":0,"max_hp_loss":0,"event_name":"Purifier","floor":20,"gold_loss":0}],"is_beta":true,"boss_relics":[{"not_picked":["Busted Crown","Eternal Feather"],"picked":"Orrery"}],"items_purged_floors":[22],"is_endless":false,"potions_floor_spawned":[4,6,13,18],"killed_by":"Slavers","ascension_level":20}