{"gold_per_floor":[115,132,207,70,220,252,252,282,308,308,327,357,30,49,49,122,122,132,132,147,347,0,0,31,31,31,31],"floor_reached":27,"playtime":700,"items_purged":["Doubt"],"score":544,"play_id":"81114504-f01c-4576-af48-8072df6bf64b","local_time":"20190124003124","is_ascension_mode":true,"campfire_choices":[{"data":"Blizzard","floor":7.0,"key":"SMITH"},{"data":"Hologram","floor":10.0,"key":"SMITH"},{"data":"Electrodynamics","floor":15.0,"key":"SMITH"},{"floor":23.0,"key":"REST"},{"floor":25.0,"key":"REST"}],"neow_cost":"NONE","seed_source_timestamp":409963480571071,"circlet_count":0,"master_deck":["AscendersBane","Strike_B","Strike_B","Strike_B","Strike_B","Defend_B","Defend_B","Defend_B","Defend_B","Zap","Dualcast","Cold Snap","Blizzard+1","Hologram+1","Coolheaded","Electrodynamics+1","Ball Lightning","Echo Form","Cold Snap","BootSequence+1","Chill"],"special_seed":0,"relics":["Cracked Core","NeowsBlessing","Juzu Bracelet","Vajra","Omamori","Lantern","Runic Dome","Enchiridion","Ice Cream","Pear"],"potions_floor_usage":[],"damage_taken":[{"damage":0.0,"enemies":"Jaw Worm","floor":1.0,"turns":1.0},{"damage":0.0,"enemies":"2 Louse","floor":2.0,"turns":1.0},{"damage":0.0,"enemies":"3 Sentries","floor":6.0,"turns":1.0},{"damage":6.0,"enemies":"Gremlin Nob","floor":8.0,"turns":3.0},{"damage":4.0,"enemies":"Cultist","floor":11.0,"turns":4.0},{"damage":2.0,"enemies":"3 Sentries","floor":12.0,"turns":8.0},{"damage":5.0,"enemies":"2 Fungi Beasts","floor":14.0,"turns":2.0},{"damage":5.0,"enemies":"Slime Boss","floor":16.0,"turns":7.0},{"damage":22.0,"enemies":"Chosen","floor":18.0,"turns":4.0},{"damage":17.0,"enemies":"2 Thieves","floor":20.0,"turns":3.0},{"damage":14.0,"enemies":"Slavers","floor":24.0,"turns":3.0},{"damage":39,"enemies":"Book of Stabbing","floor":27,"turns":5}],"seed_played":"-5104572568850202035","potions_obtained":[{"floor":6.0,"key":"Fire Potion"},{"floor":8.0,"key":"EssenceOfSteel"},{"floor":24.0,"key":"SteroidPotion"}],"is_trial":false,"path_per_floor":["M","M","?","$","?","E","R","E","T","R","M","E","$","M","R","B",null,"M","?","M","?","?","R","E","R","T","E"],"character_chosen":"DEFECT","items_purchased":["Blizzard","PowerPotion","Electrodynamics","FocusPotion"],"campfire_rested":2,"item_purchase_floors":[4,4,13,13],"current_hp_per_floor":[64,64,53,53,53,53,53,47,47,47,43,41,41,36,36,31,61,39,18,1,1,1,22,8,29,39,0],"gold":31,"neow_bonus":"THREE_ENEMY_KILL","is_prod":false,"is_daily":false,"chose_seed":false,"campfire_upgraded":3,"win_rate":0,"timestamp":1548318684,"path_taken":["M","M","?","$","?","E","R","E","T","R","M","E","$","M","R","BOSS","M","?","M","?","?","R","E","R","T","E"],"build_version":"2019-01-23","purchased_purges":1,"victory":false,"max_hp_per_floor":[71,71,71,71,71,71,71,71,71,71,71,71,71,71,71,71,71,71,71,71,71,71,71,71,71,81,81],"card_choices":[{"not_picked":["Rebound","Scrape"],"picked":"Cold Snap","floor":1.0},{"not_picked":["Redo","Barrage","Gash"],"picked":"SKIP","floor":2.0},{"not_picked":["Conserve Battery","Streamline"],"picked":"Hologram","floor":6.0},{"not_picked":["Reboot","Steam"],"picked":"Coolheaded","floor":8.0},{"not_picked":["Beam Cell","Doom and Gloom","Aggregate"],"picked":"SKIP","floor":11.0},{"not_picked":["Beam Cell","Doom and Gloom","Aggregate"],"picked":"SKIP","floor":11.0},{"not_picked":["Leap","Double Energy","Barrage"],"picked":"SKIP","floor":12.0},{"not_picked":["White Noise","Steam"],"picked":"Ball Lightning","floor":14.0},{"not_picked":["Machine Learning","Multi-Cast"],"picked":"Echo Form","floor":16.0},{"not_picked":["Turbo","Conserve Battery"],"picked":"Cold Snap","floor":18.0},{"not_picked":["Undo+1","Stack"],"picked":"BootSequence+1","floor":20.0},{"not_picked":["Streamline","Chaos"],"picked":"Chill","floor":24.0}],"player_experience":1023694,"relics_obtained":[{"floor":6.0,"key":"Juzu Bracelet"},{"floor":8.0,"key":"Vajra"},{"floor":9.0,"key":"Omamori"},{"floor":12.0,"key":"Lantern"},{"floor":19.0,"key":"Enchiridion"},{"floor":24.0,"key":"Ice Cream"},{"floor":26.0,"key":"Pear"}],"event_choices":[{"damage_healed":0.0,"max_hp_gain":0.0,"max_hp_loss":0.0,"gold_gain":75.0,"event_name":"World of Goop","player_choice":"Gather Gold","floor":3.0,"gold_loss":0.0,"damage_taken":11.0},{"damage_healed":0.0,"max_hp_gain":0.0,"max_hp_loss":0.0,"gold_gain":150.0,"event_name":"Liars Game","player_choice":"AGREE","floor":5.0,"gold_loss":0.0,"damage_taken":0.0,"cards_obtained":["Doubt"]},{"damage_healed":0.0,"max_hp_gain":0.0,"max_hp_loss":0.0,"gold_gain":0.0,"event_name":"Cursed Tome","player_choice":"Obtained Book","floor":19.0,"gold_loss":0.0,"damage_taken":21.0},{"damage_healed":0.0,"max_hp_gain":0.0,"max_hp_loss":0.0,"gold_gain":250.0,"event_name":"The Joust","player_choice":"Bet on Owner","floor":21.0,"gold_loss":50.0,"damage_taken":0.0},{"damage_healed":0.0,"max_hp_gain":0.0,"max_hp_loss":0.0,"gold_gain":0.0,"event_name":"Masked Bandits","player_choice":"Paid Fearfully","floor":22.0,"gold_loss":347.0,"damage_taken":0.0}],"is_beta":true,"boss_relics":[{"not_picked":["Lizard Tail","Eternal Feather"],"picked":"Runic Dome"}],"items_purged_floors":[13],"is_endless":false,"potions_floor_spawned":[6,8,24],"killed_by":"Book of Stabbing","ascension_level":20}