{"gold_per_floor":[118,135,150,169,169,169,203,223,268,299,299,311,97,108,108,203,203,217,28,47,67,157,157,32,43,120,120,139,155,168,182,182,277,277,292,292,292,306,105,135,135,145,145,145,145,165,165,176,176,176],"floor_reached":51,"playtime":3437,"items_purged":["Strike_R","Strike_R","Impatience","Armaments+1"],"score":745,"play_id":"31bef8c7-dd78-4549-856d-4e7d75250d37","local_time":"20190421213611","is_ascension_mode":false,"campfire_choices":[{"data":"Flame Barrier","floor":6,"key":"SMITH"},{"data":"Demon Form","floor":11,"key":"SMITH"},{"data":"Feed","floor":15,"key":"SMITH"},{"data":"Limit Break","floor":23,"key":"SMITH"},{"data":"Heavy Blade","floor":27,"key":"SMITH"},{"data":"Armaments","floor":32,"key":"SMITH"},{"floor":41,"key":"REST"},{"data":"Body Slam","floor":45,"key":"SMITH"},{"floor":47,"key":"REST"},{"floor":49,"key":"REST"}],"neow_cost":"NONE","seed_source_timestamp":0,"circlet_count":0,"master_deck":["Strike_R+1","Strike_R+1","Defend_R+1","Defend_R+1","Defend_R+1","Defend_R+1","Bash+1","Flame Barrier+1","Entrench+1","Pommel Strike+1","Bludgeon+1","Shrug It Off+1","Demon Form+1","Feed+1","Limit Break+1","Thunderclap+1","Metallicize+1","True Grit+1","Thunderclap+1","Heavy Blade+1","Double Tap+1","Metallicize+1","Offering+1","Flame Barrier+1","Shrug It Off+1","Body Slam+1","Heavy Blade+1","Warcry+1","Sword Boomerang+1"],"special_seed":0,"relics":["Burning Blood","Whetstone","Regal Pillow","Mummified Hand","Philosopher\u0027s Stone","Paper Frog","Velvet Choker","Mark of the Bloom","Art of War","Bag of Marbles"],"potions_floor_usage":[7,16,28,28,29,33,33,38,38,42,46],"damage_taken":[{"damage":8.0,"enemies":"Cultist","floor":1.0,"turns":5.0},{"damage":1.0,"enemies":"2 Louse","floor":2.0,"turns":3.0},{"damage":4.0,"enemies":"Jaw Worm","floor":3.0,"turns":6.0},{"damage":25.0,"enemies":"Gremlin Gang","floor":4.0,"turns":8.0},{"damage":19,"enemies":"Gremlin Nob","floor":7,"turns":5},{"damage":4,"enemies":"2 Fungi Beasts","floor":8,"turns":4},{"damage":18,"enemies":"3 Sentries","floor":10,"turns":11},{"damage":2,"enemies":"Blue Slaver","floor":12,"turns":3},{"damage":11,"enemies":"Lots of Slimes","floor":14,"turns":5},{"damage":38,"enemies":"Slime Boss","floor":16,"turns":11},{"damage":7,"enemies":"Chosen","floor":18,"turns":3},{"damage":14,"enemies":"Shell Parasite","floor":20,"turns":11},{"damage":7,"enemies":"Centurion and Healer","floor":21,"turns":4},{"damage":4,"enemies":"Snecko","floor":25,"turns":4},{"damage":30,"enemies":"Chosen and Byrds","floor":28,"turns":9},{"damage":13,"enemies":"Cultist and Chosen","floor":29,"turns":5},{"damage":0,"enemies":"Centurion and Healer","floor":30,"turns":5},{"damage":6,"enemies":"Snecko","floor":31,"turns":3},{"damage":27,"enemies":"Automaton","floor":33,"turns":6},{"damage":0,"enemies":"Orb Walker","floor":35,"turns":4},{"damage":6,"enemies":"3 Darklings","floor":38,"turns":6},{"damage":6,"enemies":"Giant Head","floor":40,"turns":6},{"damage":33,"enemies":"Sphere and 2 Shapes","floor":42,"turns":8},{"damage":4,"enemies":"Jaw Worm Horde","floor":46,"turns":3},{"damage":3,"enemies":"Maw","floor":48,"turns":6},{"damage":54,"enemies":"Time Eater","floor":50,"turns":7}],"seed_played":"1661888196290573819","potions_obtained":[{"floor":1.0,"key":"Dexterity Potion"},{"floor":4,"key":"Energy Potion"},{"floor":10,"key":"Explosive Potion"},{"floor":16,"key":"Swift Potion"},{"floor":20,"key":"LiquidBronze"},{"floor":28,"key":"EssenceOfSteel"},{"floor":29,"key":"Weak Potion"},{"floor":33,"key":"Poison Potion"},{"floor":35,"key":"Ancient Potion"},{"floor":37,"key":"PowerPotion"},{"floor":37,"key":"Block Potion"},{"floor":40,"key":"SneckoOil"}],"is_trial":false,"path_per_floor":["M","M","M","M","?","R","E","M","T","E","R","M","$","M","R","B",null,"M","$","M","M","?","R","$","M","T","R","M","M","M","M","R","B",null,"M","?","?","M","$","E","R","M","T","?","R","M","R","M","R","B",null],"character_chosen":"IRONCLAD","items_purchased":["Feed","Metallicize","True Grit","Body Slam"],"campfire_rested":3,"item_purchase_floors":[13,19,19,39],"current_hp_per_floor":[78,80,80,61,61,61,48,50,50,38,38,42,42,40,40,12,87,86,86,82,85,58,58,58,60,60,60,40,33,43,47,47,26,107,107,107,107,101,101,95,95,62,62,62,62,58,58,55,55,1],"gold":176,"neow_bonus":"TRANSFORM_CARD","is_prod":false,"is_daily":false,"chose_seed":false,"campfire_upgraded":7,"win_rate":0,"timestamp":1555896971,"path_taken":["M","M","?","M","?","R","E","M","T","E","R","M","$","?","R","BOSS","M","$","?","M","?","R","$","?","T","R","M","M","M","M","R","BOSS","M","?","?","?","$","E","R","M","T","?","R","M","R","M","R","BOSS"],"build_version":"2019-01-23","purchased_purges":4,"victory":true,"max_hp_per_floor":[80,80,80,80,80,80,80,80,80,80,80,80,80,83,83,87,87,87,87,91,95,95,95,95,95,95,95,99,99,103,107,107,107,107,107,107,107,107,107,107,107,107,107,102,102,106,106,106,106,106],"card_choices":[{"not_picked":["Sentinel","Anger"],"picked":"Flame Barrier","floor":1.0},{"not_picked":["Twin Strike","Iron Wave"],"picked":"Entrench","floor":2.0},{"not_picked":["Evolve","Twin Strike","Spot Weakness"],"picked":"SKIP","floor":3.0},{"not_picked":["Corruption","Cleave","Blood for Blood"],"picked":"SKIP","floor":4},{"not_picked":["Pommel Strike","Wild Strike"],"picked":"Bludgeon","floor":7},{"not_picked":["Clash","Power Through"],"picked":"Shrug It Off","floor":8},{"not_picked":["Anger","Infernal Blade"],"picked":"Demon Form","floor":10},{"not_picked":["Warcry","Perfected Strike"],"picked":"Armaments","floor":12},{"not_picked":["Clash","Dropkick","Dual Wield"],"picked":"SKIP","floor":14},{"not_picked":["Exhume","Barricade"],"picked":"Limit Break","floor":16},{"not_picked":["Hemokinesis+1","Cleave"],"picked":"Thunderclap+1","floor":18},{"not_picked":["Spot Weakness","Rampage"],"picked":"Thunderclap+1","floor":20},{"not_picked":["Clothesline","Wild Strike+1","Body Slam"],"picked":"SKIP","floor":21},{"not_picked":["Anger+1","Armaments"],"picked":"Heavy Blade","floor":25},{"not_picked":["Power Through","Sword Boomerang","Clothesline"],"picked":"SKIP","floor":28},{"not_picked":["Thunderclap+1","Uppercut+1"],"picked":"Double Tap","floor":29},{"not_picked":["Sword Boomerang","Thunderclap","Cleave"],"picked":"SKIP","floor":30},{"not_picked":["Headbutt","Intimidate+1"],"picked":"Metallicize","floor":31},{"not_picked":["Exhume","Bludgeon"],"picked":"Offering","floor":33},{"not_picked":["Clash+1","Heavy Blade"],"picked":"Flame Barrier+1","floor":35},{"not_picked":["Second Wind","Perfected Strike"],"picked":"Shrug It Off+1","floor":38},{"not_picked":["Clothesline","Perfected Strike+1","Anger"],"picked":"SKIP","floor":40},{"not_picked":["Warcry","Armaments"],"picked":"Heavy Blade+1","floor":42},{"not_picked":["Intimidate+1","True Grit"],"picked":"Warcry+1","floor":46},{"not_picked":["Reaper","Pummel"],"picked":"Sword Boomerang+1","floor":48}],"player_experience":113407,"relics_obtained":[{"floor":7,"key":"Whetstone"},{"floor":9,"key":"Regal Pillow"},{"floor":10,"key":"Mummified Hand"},{"floor":26,"key":"Paper Frog"},{"floor":40,"key":"Art of War"},{"floor":43,"key":"Bag of Marbles"}],"event_choices":[{"damage_healed":0,"gold_gain":0,"cards_transformed":["Second Wind"],"player_choice":"Transformed","damage_taken":0,"max_hp_gain":0,"max_hp_loss":0,"event_name":"Transmorgrifier","floor":5,"gold_loss":0,"cards_obtained":["Pommel Strike"]},{"damage_healed":0,"gold_gain":90,"player_choice":"GOLD CARD ","damage_taken":27,"max_hp_gain":0,"max_hp_loss":0,"event_name":"Knowing Skull","floor":22,"potions_obtained":[],"gold_loss":0,"cards_obtained":["Impatience"]},{"damage_healed":0,"gold_gain":0,"player_choice":"Upgrade","damage_taken":0,"relics_obtained":["Mark of the Bloom"],"max_hp_gain":0,"max_hp_loss":0,"event_name":"MindBloom","floor":36,"gold_loss":0,"cards_upgraded":["Strike_R","Strike_R","Defend_R","Defend_R","Defend_R","Defend_R","Entrench","Bludgeon","Shrug It Off","Metallicize","True Grit","Double Tap","Metallicize","Offering"]},{"damage_healed":0,"gold_gain":0,"player_choice":"Got Potions","damage_taken":0,"max_hp_gain":0,"max_hp_loss":0,"event_name":"Lab","floor":37,"gold_loss":0},{"damage_healed":0,"gold_gain":0,"player_choice":"Max HP","damage_taken":0,"max_hp_gain":0,"max_hp_loss":5,"event_name":"Winding Halls","floor":44,"gold_loss":0}],"is_beta":false,"boss_relics":[{"not_picked":["Eternal Feather","White Beast Statue"],"picked":"Philosopher\u0027s Stone"},{"not_picked":["Astrolabe","Empty Cage"],"picked":"Velvet Choker"}],"items_purged_floors":[13,19,24,39],"is_endless":false,"potions_floor_spawned":[1,4,10,16,20,21,28,29,33,35,40],"ascension_level":0}