{"gold_per_floor":[211,211,224,174,174,174,74,102,175,175,192,209,209,240,240,341,341,355,161,195,95,95,127,127,26,72,99,114,114,147,166,166,266,266,277,289,289,306,166,194,194,229,256,478,478,496,521,422,422,422],"floor_reached":51,"playtime":2198,"items_purged":["Strike_R","Strike_R","Defend_R","Strike_R","Strike_R","Sword Boomerang"],"score":847,"play_id":"27b16aa4-75b3-434d-bc3f-47eb9e107d73","local_time":"20190423090332","is_ascension_mode":false,"campfire_choices":[{"data":"Shockwave","floor":6.0,"key":"SMITH"},{"data":"Clothesline","floor":10.0,"key":"SMITH"},{"data":"Flame Barrier","floor":13.0,"key":"SMITH"},{"data":"Bash","floor":15.0,"key":"SMITH"},{"data":"Limit Break","floor":32,"key":"SMITH"},{"data":"Corruption","floor":41,"key":"SMITH"},{"data":"Demon Form","floor":45,"key":"SMITH"},{"data":"Shrug It Off","floor":49,"key":"SMITH"}],"neow_cost":"NONE","seed_source_timestamp":942740440966200,"circlet_count":0,"master_deck":["Defend_R+1","Defend_R+1","Shockwave+1","Clothesline+1","Flame Barrier+1","Cleave","Iron Wave","Demon Form+1","Carnage+1","Limit Break+1","Feel No Pain","Spot Weakness","Seeing Red+1","Warcry","Shockwave+1","Reaper","Burning Pact+1","Heavy Blade+1","Shrug It Off+1","Corruption+1","Ghostly Armor+1","Shrug It Off+1","Reaper","Shrug It Off"],"special_seed":0,"relics":["Burning Blood","Smiling Mask","WingedGreaves","Self Forming Clay","War Paint","Velvet Choker","Red Mask","Vajra","Bronze Scales","Mercury Hourglass","PreservedInsect","Eternal Feather","Kunai","Regal Pillow","Orichalcum","Red Skull"],"potions_floor_usage":[23],"damage_taken":[{"damage":0.0,"enemies":"Small Slimes","floor":1.0,"turns":3.0},{"damage":11.0,"enemies":"Jaw Worm","floor":3.0,"turns":4.0},{"damage":18.0,"enemies":"Gremlin Nob","floor":8.0,"turns":5.0},{"damage":0.0,"enemies":"Cultist","floor":11.0,"turns":3.0},{"damage":1.0,"enemies":"2 Fungi Beasts","floor":12.0,"turns":4.0},{"damage":12.0,"enemies":"Lagavulin","floor":14.0,"turns":9.0},{"damage":18.0,"enemies":"The Guardian","floor":16.0,"turns":8.0},{"damage":3.0,"enemies":"Spheric Guardian","floor":18.0,"turns":5.0},{"damage":12.0,"enemies":"Masked Bandits","floor":20.0,"turns":4.0},{"damage":22,"enemies":"Slavers","floor":23,"turns":4},{"damage":18,"enemies":"Book of Stabbing","floor":27,"turns":4},{"damage":3,"enemies":"Shell Parasite","floor":28,"turns":2},{"damage":3,"enemies":"Gremlin Leader","floor":30,"turns":4},{"damage":15,"enemies":"Snake Plant","floor":31,"turns":2},{"damage":22,"enemies":"Champ","floor":33,"turns":7},{"damage":0,"enemies":"3 Shapes","floor":35,"turns":6},{"damage":9,"enemies":"Orb Walker","floor":36,"turns":4},{"damage":1,"enemies":"Jaw Worm Horde","floor":38,"turns":3},{"damage":69,"enemies":"Nemesis","floor":40,"turns":11},{"damage":5,"enemies":"Giant Head","floor":42,"turns":6},{"damage":10,"enemies":"Spire Growth","floor":46,"turns":5},{"damage":33,"enemies":"Nemesis","floor":47,"turns":7},{"damage":40,"enemies":"Awakened One","floor":50,"turns":16}],"seed_played":"5169751038520980333","potions_obtained":[{"floor":8.0,"key":"PowerPotion"},{"floor":11.0,"key":"BloodPotion"},{"floor":12.0,"key":"Dexterity Potion"},{"floor":18.0,"key":"Poison Potion"},{"floor":20.0,"key":"PowerPotion"},{"floor":33,"key":"Swift Potion"}],"is_trial":false,"path_per_floor":["M","?","M","?","?","R","$","E","T","R","M","M","R","E","R","B",null,"M","$","?","$","?","E","?","$","T","E","M","?","E","M","R","B",null,"M","M","?","M","$","E","R","E","T","?","R","M","E","$","R","B",null],"character_chosen":"IRONCLAD","items_purchased":["Block Potion","Limit Break","Feel No Pain","SteroidPotion","Weak Potion","Shrug It Off","Corruption","Shrug It Off"],"campfire_rested":0,"item_purchase_floors":[7,19,19,21,25,39,39,48],"current_hp_per_floor":[80,55,50,50,50,50,50,38,38,38,44,49,49,51,51,39,80,80,80,74,74,74,58,43,43,43,31,34,85,85,76,76,60,85,85,82,82,85,85,67,79,80,80,80,85,85,85,85,85,85],"gold":422,"neow_bonus":"HUNDRED_GOLD","is_prod":false,"is_daily":false,"chose_seed":false,"campfire_upgraded":8,"win_rate":1,"timestamp":1556035412,"path_taken":["M","?","M","?","?","R","$","E","T","R","M","?","R","E","R","BOSS","M","$","?","$","?","E","?","?","T","E","M","?","E","?","R","BOSS","M","M","?","M","$","E","R","E","T","?","R","M","E","$","R","BOSS"],"build_version":"2019-01-23","purchased_purges":6,"victory":true,"max_hp_per_floor":[80,80,80,80,80,80,80,80,80,80,80,80,80,80,80,80,80,80,80,80,80,80,80,85,85,85,85,85,85,85,85,85,85,85,85,85,85,85,85,85,85,85,85,85,85,85,85,85,85,85],"card_choices":[{"not_picked":["Havoc","Dual Wield"],"picked":"Shockwave","floor":1.0},{"not_picked":["Warcry","Bloodletting"],"picked":"Clothesline","floor":3.0},{"not_picked":["Hemokinesis","Perfected Strike"],"picked":"Flame Barrier","floor":8.0},{"not_picked":["Heavy Blade","Bloodletting"],"picked":"Cleave","floor":11.0},{"not_picked":["Flex","Reckless Charge"],"picked":"Iron Wave","floor":12.0},{"not_picked":["Power Through","Brutality"],"picked":"Sword Boomerang","floor":14.0},{"not_picked":["Limit Break","Bludgeon"],"picked":"Demon Form","floor":16.0},{"not_picked":["Perfected Strike","Rage+1"],"picked":"Carnage+1","floor":18.0},{"not_picked":["Sword Boomerang+1","Bloodletting+1"],"picked":"Spot Weakness","floor":20.0},{"not_picked":["Iron Wave","Wild Strike","Searing Blow"],"picked":"SKIP","floor":23},{"not_picked":["Rupture","Inflame"],"picked":"Seeing Red+1","floor":27},{"not_picked":["Heavy Blade","Clothesline"],"picked":"Warcry","floor":28},{"not_picked":["Burning Pact","Dark Embrace","Wild Strike"],"picked":"SKIP","floor":30},{"not_picked":["Sentinel","Spot Weakness"],"picked":"Shockwave+1","floor":31},{"not_picked":["Limit Break","Offering"],"picked":"Reaper","floor":33},{"not_picked":["Armaments","Havoc+1"],"picked":"Burning Pact+1","floor":35},{"not_picked":["Clothesline+1","Cleave+1","Clash+1"],"picked":"SKIP","floor":36},{"not_picked":["Intimidate+1","Pommel Strike"],"picked":"Heavy Blade+1","floor":38},{"not_picked":["Pommel Strike","Hemokinesis+1"],"picked":"Ghostly Armor+1","floor":40},{"not_picked":["Burning Pact+1","Warcry+1"],"picked":"Shrug It Off+1","floor":42},{"not_picked":["Anger","Body Slam+1","Flex+1"],"picked":"SKIP","floor":46},{"not_picked":["Heavy Blade","Sentinel"],"picked":"Reaper","floor":47}],"player_experience":523641,"relics_obtained":[{"floor":8.0,"key":"WingedGreaves"},{"floor":9.0,"key":"Self Forming Clay"},{"floor":14.0,"key":"War Paint"},{"floor":20.0,"key":"Red Mask"},{"floor":23,"key":"Vajra"},{"floor":26,"key":"Bronze Scales"},{"floor":27,"key":"Mercury Hourglass"},{"floor":30,"key":"PreservedInsect"},{"floor":40,"key":"Kunai"},{"floor":42,"key":"Regal Pillow"},{"floor":43,"key":"Orichalcum"},{"floor":47,"key":"Red Skull"}],"event_choices":[{"damage_healed":0.0,"max_hp_gain":0.0,"max_hp_loss":0.0,"gold_gain":0.0,"event_name":"Scrap Ooze","player_choice":"Success","floor":2.0,"gold_loss":0.0,"damage_taken":25.0,"relics_obtained":["Smiling Mask"]},{"cards_removed":["Strike_R"],"damage_healed":0.0,"max_hp_gain":0.0,"max_hp_loss":0.0,"gold_gain":0.0,"event_name":"The Cleric","player_choice":"Card Removal","floor":4.0,"gold_loss":50.0,"damage_taken":0.0},{"damage_healed":0.0,"max_hp_gain":0.0,"max_hp_loss":0.0,"gold_gain":0.0,"cards_transformed":["Defend_R"],"event_name":"Transmorgrifier","player_choice":"Transformed","floor":5.0,"gold_loss":0.0,"damage_taken":0.0,"cards_obtained":["Bloodletting"]},{"damage_healed":0.0,"max_hp_gain":0.0,"max_hp_loss":0.0,"gold_gain":0.0,"event_name":"Masked Bandits","player_choice":"Fought Bandits","floor":20.0,"gold_loss":0.0,"damage_taken":0.0},{"damage_healed":0.0,"max_hp_gain":0.0,"max_hp_loss":0.0,"gold_gain":0.0,"event_name":"Vampires","player_choice":"Ignored","floor":22.0,"gold_loss":0.0,"damage_taken":0.0},{"damage_healed":0,"gold_gain":0,"player_choice":"Shed Blood","damage_taken":20,"max_hp_gain":5,"max_hp_loss":0,"event_name":"Forgotten Altar","floor":24,"gold_loss":0},{"cards_removed":["Bloodletting"],"damage_healed":51,"gold_gain":0,"player_choice":"Offered Uncommon","damage_taken":0,"max_hp_gain":0,"max_hp_loss":0,"event_name":"Bonfire Elementals","floor":29,"gold_loss":0},{"cards_removed":["Bash"],"damage_healed":0,"gold_gain":0,"player_choice":"Removed Attack","damage_taken":0,"max_hp_gain":0,"max_hp_loss":0,"event_name":"Falling","floor":37,"gold_loss":0},{"damage_healed":0,"gold_gain":222,"player_choice":"Wore Mask","damage_taken":0,"max_hp_gain":0,"max_hp_loss":0,"event_name":"Tomb of Lord Red Mask","floor":44,"gold_loss":0}],"is_beta":false,"boss_relics":[{"not_picked":["Tiny House","Runic Cube"],"picked":"Velvet Choker"},{"not_picked":["Black Blood","Orrery"],"picked":"Eternal Feather"}],"items_purged_floors":[7,19,21,25,39,48],"is_endless":false,"potions_floor_spawned":[8,11,12,18,20,33,38,42],"ascension_level":0}