{"gold_per_floor":[114,133,153,153,167,167,167,167,167,186,186,205,231,241,241,241],"floor_reached":16,"playtime":455,"items_purged":[],"score":208,"play_id":"319eb19b-5667-4a77-a05b-881028451ea0","local_time":"20190206235416","is_ascension_mode":true,"campfire_choices":[{"data":"Searing Blow","floor":6,"key":"SMITH"},{"data":"Searing Blow+1","floor":8,"key":"SMITH"},{"data":"Searing Blow+2","floor":11,"key":"SMITH"},{"data":"Searing Blow+3","floor":15,"key":"SMITH"}],"neow_cost":"NONE","seed_source_timestamp":1238033570653274,"circlet_count":0,"master_deck":["AscendersBane","Strike_R","Strike_R","Strike_R","Strike_R","Strike_R","Defend_R","Defend_R","Defend_R","Defend_R","Bash","Searing Blow+4","Feel No Pain","Armaments"],"relics":["Burning Blood","Sundial","Orichalcum","Frozen Egg 2"],"potions_floor_usage":[5,13],"damage_taken":[{"damage":7,"enemies":"Cultist","floor":1,"turns":4},{"damage":16,"enemies":"Jaw Worm","floor":2,"turns":5},{"damage":3,"enemies":"2 Louse","floor":3,"turns":4},{"damage":19,"enemies":"Lots of Slimes","floor":5,"turns":6},{"damage":19,"enemies":"Large Slime","floor":10,"turns":6},{"damage":5,"enemies":"2 Fungi Beasts","floor":12,"turns":4},{"damage":2,"enemies":"Gremlin Nob","floor":13,"turns":3},{"damage":11,"enemies":"Looter","floor":14,"turns":3},{"damage":26,"enemies":"The Guardian","floor":16,"turns":10}],"seed_played":"4013140548065569140","potions_obtained":[{"floor":2,"key":"SpeedPotion"},{"floor":3,"key":"SkillPotion"},{"floor":10,"key":"Poison Potion"},{"floor":14,"key":"SpeedPotion"}],"is_trial":false,"path_per_floor":["M","M","M","?","M","R","?","R","T","M","R","M","E","M","R","B"],"character_chosen":"IRONCLAD","items_purchased":[],"campfire_rested":0,"item_purchase_floors":[],"current_hp_per_floor":[74,64,67,67,54,54,43,43,43,30,30,31,35,30,30,4],"gold":241,"neow_bonus":"TEN_PERCENT_HP_BONUS","is_prod":false,"is_daily":false,"chose_seed":false,"campfire_upgraded":4,"win_rate":0,"timestamp":1549526056,"path_taken":["M","M","?","?","M","R","?","R","T","M","R","M","E","M","R","BOSS"],"build_version":"2019-01-23","purchased_purges":0,"victory":false,"max_hp_per_floor":[82,82,82,82,82,82,82,82,82,82,82,82,82,82,82,82],"card_choices":[{"not_picked":["Warcry","Twin Strike"],"picked":"Searing Blow","floor":1},{"not_picked":["Iron Wave","Hemokinesis"],"picked":"Feel No Pain","floor":2},{"not_picked":["Flex","Clothesline","Heavy Blade"],"picked":"SKIP","floor":3},{"not_picked":["Body Slam","Iron Wave","Havoc"],"picked":"SKIP","floor":5},{"not_picked":["Cleave","Wild Strike","Flex"],"picked":"SKIP","floor":10},{"not_picked":["Clash","Carnage","Ghostly Armor"],"picked":"SKIP","floor":12},{"not_picked":["Bloodletting","Brutality","Infernal Blade"],"picked":"SKIP","floor":13},{"not_picked":["Thunderclap","Blood for Blood"],"picked":"Armaments","floor":14}],"player_experience":1097702,"relics_obtained":[{"floor":9,"key":"Orichalcum"},{"floor":13,"key":"Frozen Egg 2"}],"event_choices":[{"damage_healed":0,"gold_gain":0,"player_choice":"Ignored","damage_taken":0,"max_hp_gain":0,"max_hp_loss":0,"event_name":"Liars Game","floor":4,"gold_loss":0},{"damage_healed":0,"gold_gain":0,"player_choice":"Success","damage_taken":11,"relics_obtained":["Sundial"],"max_hp_gain":0,"max_hp_loss":0,"event_name":"Scrap Ooze","floor":7,"gold_loss":0}],"is_beta":true,"boss_relics":[],"items_purged_floors":[],"is_endless":false,"potions_floor_spawned":[2,3,10,14],"killed_by":"The Guardian","ascension_level":20}