{"gold_per_floor":[117,117,135,60,78,78,55,68,119,119,133,133,151,171,171,269,269,288,58,70,70,90,103,103,103,103,130,140,140,156,156,156,261,261,280,330,330,130,130,130,144,144,167,167,267,21,21,33,33,33],"floor_reached":51,"playtime":4168,"items_purged":["Strike_R","Strike_R","Strike_R"],"score":587,"play_id":"fc31bd2c-f2a6-49ac-bbd6-e225e232d5d2","local_time":"20190419162613","is_ascension_mode":false,"campfire_choices":[{"data":"True Grit","floor":6,"key":"SMITH"},{"data":"Bash","floor":10,"key":"SMITH"},{"data":"Whirlwind","floor":12,"key":"SMITH"},{"data":"Rampage","floor":15,"key":"SMITH"},{"floor":24,"key":"REST"},{"floor":29,"key":"REST"},{"data":"Demon Form","floor":32,"key":"SMITH"},{"data":"Armaments","floor":40,"key":"SMITH"},{"data":"Flame Barrier","floor":42,"key":"SMITH"},{"data":"Heavy Blade","floor":44,"key":"SMITH"},{"data":"Disarm","floor":49,"key":"SMITH"}],"neow_cost":"NONE","seed_source_timestamp":269266772464666,"circlet_count":0,"master_deck":["Defend_R","Defend_R","Defend_R","Defend_R","Bash+1","True Grit+1","Whirlwind+1","Metallicize","Clothesline","Headbutt","Hemokinesis","Pommel Strike","Rampage+1","Demon Form+1","Flame Barrier+1","Disarm+1","Bloodletting","Shrug It Off+1","Reaper","Rage+1","Reaper","Armaments+1","Heavy Blade+1","Feel No Pain","Disarm+1"],"relics":["Burning Blood","Vajra","Omamori","Velvet Choker","Regal Pillow","Orichalcum","Paper Frog","Red Mask","Necronomicon","Snecko Eye","Ginger","Potion Belt","Pocketwatch"],"potions_floor_usage":[50,50,50,50],"damage_taken":[{"damage":1,"enemies":"Jaw Worm","floor":1,"turns":3},{"damage":0,"enemies":"Cultist","floor":3,"turns":3},{"damage":0,"enemies":"2 Louse","floor":5,"turns":1},{"damage":6,"enemies":"2 Fungi Beasts","floor":8,"turns":2},{"damage":4,"enemies":"Looter","floor":11,"turns":3},{"damage":1,"enemies":"3 Louse","floor":13,"turns":3},{"damage":4,"enemies":"Exordium Thugs","floor":14,"turns":4},{"damage":23,"enemies":"The Guardian","floor":16,"turns":8},{"damage":18,"enemies":"2 Thieves","floor":18,"turns":4},{"damage":9,"enemies":"Spheric Guardian","floor":20,"turns":5},{"damage":28,"enemies":"Centurion and Healer","floor":22,"turns":5},{"damage":10,"enemies":"Snake Plant","floor":23,"turns":3},{"damage":42,"enemies":"Masked Bandits","floor":27,"turns":4},{"damage":16,"enemies":"Shelled Parasite and Fungi","floor":28,"turns":6},{"damage":0,"enemies":"Snecko","floor":30,"turns":5},{"damage":65,"enemies":"Automaton","floor":33,"turns":8},{"damage":0,"enemies":"3 Darklings","floor":35,"turns":1},{"damage":37,"enemies":"2 Orb Walkers","floor":36,"turns":5},{"damage":11,"enemies":"Orb Walker","floor":41,"turns":5},{"damage":9,"enemies":"Mind Bloom Boss Battle","floor":45,"turns":5},{"damage":14,"enemies":"Maw","floor":48,"turns":8},{"damage":35,"enemies":"Awakened One","floor":50,"turns":11}],"seed_played":"-359025197006971142","potions_obtained":[{"floor":3,"key":"Block Potion"},{"floor":5,"key":"Weak Potion"},{"floor":14,"key":"SkillPotion"},{"floor":35,"key":"SteroidPotion"},{"floor":41,"key":"Ancient Potion"}],"is_trial":false,"path_per_floor":["M","?","M","$","M","R","$","M","T","R","M","R","M","M","R","B",null,"M","$","M","?","M","M","R","?","T","?","M","R","M","?","R","B",null,"M","?","?","$","?","R","M","R","T","R","?","$","?","M","R","B",null],"character_chosen":"IRONCLAD","items_purchased":["Metallicize","Headbutt","Flame Barrier","Disarm","Heavy Blade","Feel No Pain","Disarm","SpeedPotion"],"campfire_rested":2,"item_purchase_floors":[4,7,19,19,38,38,46,46],"current_hp_per_floor":[80,80,80,80,80,80,80,80,80,80,80,80,80,80,80,63,80,68,68,65,65,43,39,78,78,78,42,32,71,80,64,64,21,80,80,74,74,74,74,74,80,80,80,80,80,80,80,76,76,51],"gold":33,"neow_bonus":"RANDOM_COMMON_RELIC","is_prod":false,"is_daily":false,"chose_seed":false,"campfire_upgraded":9,"win_rate":0,"timestamp":1555671373,"path_taken":["M","?","?","$","M","R","$","M","T","R","M","R","M","M","R","BOSS","M","$","M","?","M","M","R","?","T","?","M","R","M","?","R","BOSS","M","?","?","$","?","R","?","R","T","R","?","$","?","M","R","BOSS"],"build_version":"2019-01-23","purchased_purges":3,"victory":true,"max_hp_per_floor":[80,80,80,80,80,80,80,80,80,80,80,80,80,80,80,80,80,80,80,80,80,80,80,80,80,80,80,80,80,80,80,80,80,80,80,80,80,80,80,80,80,80,80,80,80,80,80,80,80,80],"card_choices":[{"not_picked":["Wild Strike","Intimidate"],"picked":"True Grit","floor":1},{"not_picked":["Fire Breathing","Infernal Blade"],"picked":"Whirlwind","floor":3},{"not_picked":["Second Wind","Rupture"],"picked":"Clothesline","floor":5},{"not_picked":["Clash","Dual Wield"],"picked":"Hemokinesis","floor":8},{"not_picked":["Reaper","Heavy Blade"],"picked":"Pommel Strike","floor":11},{"not_picked":["Body Slam","Ghostly Armor"],"picked":"Rampage","floor":13},{"not_picked":["Havoc","Cleave","Bloodletting"],"picked":"SKIP","floor":14},{"not_picked":["Feed","Immolate"],"picked":"Demon Form","floor":16},{"not_picked":["Iron Wave","Cleave+1","Thunderclap+1"],"picked":"SKIP","floor":18},{"not_picked":["Clash","Twin Strike","Cleave"],"picked":"SKIP","floor":20},{"not_picked":["Fire Breathing+1","Flex"],"picked":"Bloodletting","floor":22},{"not_picked":["Dropkick+1","Body Slam+1"],"picked":"Shrug It Off+1","floor":23},{"not_picked":["Combust+1","Carnage"],"picked":"Reaper","floor":28},{"not_picked":["Iron Wave","Cleave+1"],"picked":"Rage+1","floor":30},{"not_picked":["Double Tap","Fiend Fire"],"picked":"Reaper","floor":33},{"not_picked":["Dropkick+1","Second Wind","True Grit"],"picked":"SKIP","floor":35},{"not_picked":["True Grit+1","Shrug It Off"],"picked":"Armaments","floor":36},{"not_picked":["Second Wind+1","Dropkick","Rupture"],"picked":"SKIP","floor":41},{"not_picked":["Armaments+1","Body Slam","Pummel+1"],"picked":"SKIP","floor":48}],"player_experience":63869,"relics_obtained":[{"floor":9,"key":"Omamori"},{"floor":26,"key":"Paper Frog"},{"floor":27,"key":"Red Mask"},{"floor":31,"key":"Necronomicon"},{"floor":36,"key":"Ginger"},{"floor":43,"key":"Potion Belt"},{"floor":45,"key":"Pocketwatch"}],"event_choices":[{"cards_removed":["Strike_R"],"damage_healed":0,"gold_gain":0,"player_choice":"Offered Basic","damage_taken":0,"max_hp_gain":0,"max_hp_loss":0,"event_name":"Bonfire Elementals","floor":2,"gold_loss":0},{"damage_healed":0,"gold_gain":0,"player_choice":"Stole Relic","damage_taken":0,"relics_obtained":["Regal Pillow"],"max_hp_gain":0,"max_hp_loss":0,"event_name":"Addict","floor":21,"gold_loss":0,"cards_obtained":["Shame"]},{"damage_healed":0,"gold_gain":0,"player_choice":"Opened","damage_taken":0,"relics_obtained":["Orichalcum"],"max_hp_gain":0,"max_hp_loss":0,"event_name":"The Mausoleum","floor":25,"gold_loss":0},{"damage_healed":0,"gold_gain":0,"player_choice":"Fought Bandits","damage_taken":0,"max_hp_gain":0,"max_hp_loss":0,"event_name":"Masked Bandits","floor":27,"gold_loss":0},{"damage_healed":0,"gold_gain":0,"player_choice":"Obtained Book","damage_taken":16,"max_hp_gain":0,"max_hp_loss":0,"event_name":"Cursed Tome","floor":31,"gold_loss":0},{"damage_healed":0,"gold_gain":0,"player_choice":"Fight","damage_taken":0,"max_hp_gain":0,"max_hp_loss":0,"event_name":"Mysterious Sphere","floor":36,"gold_loss":0},{"cards_removed":["Strike_R"],"damage_healed":0,"gold_gain":0,"player_choice":"Removed Attack","damage_taken":0,"max_hp_gain":0,"max_hp_loss":0,"event_name":"Falling","floor":37,"gold_loss":0},{"damage_healed":0,"gold_gain":0,"player_choice":"Bought 0 Potions","damage_taken":0,"max_hp_gain":0,"max_hp_loss":0,"event_name":"The Woman in Blue","floor":39,"gold_loss":0},{"damage_healed":0,"gold_gain":0,"player_choice":"Fight","damage_taken":0,"max_hp_gain":0,"max_hp_loss":0,"event_name":"MindBloom","floor":45,"gold_loss":0},{"damage_healed":0,"gold_gain":0,"player_choice":"Forge","damage_taken":0,"max_hp_gain":0,"max_hp_loss":0,"event_name":"Accursed Blacksmith","floor":47,"gold_loss":0,"cards_upgraded":["Disarm"]}],"is_beta":false,"boss_relics":[{"not_picked":["Runic Cube","Runic Pyramid"],"picked":"Velvet Choker"},{"not_picked":["Eternal Feather","Lizard Tail"],"picked":"Snecko Eye"}],"items_purged_floors":[19,38,46],"is_endless":false,"potions_floor_spawned":[3,5,14,16,18,28,30,33,35,41],"ascension_level":0}