{"gold_per_floor":[11,11,24,40,0,0,26,26,26,45,45,108,56,56],"floor_reached":14,"playtime":955,"items_purged":[],"score":113,"play_id":"1cb3096c-392a-41cd-a964-2d5f3e1ac466","local_time":"20190413162341","is_ascension_mode":false,"campfire_choices":[{"data":"Heavy Blade","floor":6,"key":"SMITH"},{"data":"Shrug It Off","floor":11,"key":"SMITH"}],"neow_cost":"NO_GOLD","seed_source_timestamp":69333703161744,"circlet_count":0,"master_deck":["Strike_R","Strike_R","Strike_R","Strike_R","Strike_R","Defend_R","Defend_R","Defend_R","Defend_R","Bash","Warcry","Shrug It Off","Flex","Heavy Blade+1","Shrug It Off+1","Headbutt","Twin Strike","Shrug It Off"],"relics":["Burning Blood","Mango","Incense Burner","Champion Belt","Pantograph"],"potions_floor_usage":[12,14],"damage_taken":[{"damage":17,"enemies":"Jaw Worm","floor":1,"turns":5},{"damage":2,"enemies":"Small Slimes","floor":3,"turns":3},{"damage":0,"enemies":"2 Louse","floor":4,"turns":3},{"damage":2,"enemies":"Looter","floor":5,"turns":5},{"damage":58,"enemies":"3 Sentries","floor":7,"turns":13},{"damage":14,"enemies":"3 Louse","floor":10,"turns":3},{"damage":19,"enemies":"3 Sentries","floor":12,"turns":9},{"damage":26,"enemies":"Gremlin Nob","floor":14,"turns":4}],"seed_played":"-4557234887295014609","potions_obtained":[{"floor":7,"key":"Fruit Juice"},{"floor":12,"key":"Dexterity Potion"}],"is_trial":false,"path_per_floor":["M","?","M","M","M","R","E","$","T","M","R","?","$","E"],"character_chosen":"IRONCLAD","items_purchased":["Shrug It Off"],"campfire_rested":0,"item_purchase_floors":[13],"current_hp_per_floor":[83,83,87,93,94,94,42,42,42,34,34,26,26,0],"gold":56,"neow_bonus":"ONE_RARE_RELIC","is_prod":false,"is_daily":false,"chose_seed":false,"campfire_upgraded":2,"win_rate":0,"timestamp":1555187021,"path_taken":["M","?","M","M","M","R","E","?","T","M","R","?","?","E"],"build_version":"2019-01-23","purchased_purges":0,"victory":false,"max_hp_per_floor":[94,94,94,94,94,94,94,94,94,94,94,99,99,99],"card_choices":[{"not_picked":["Body Slam","Headbutt"],"picked":"Warcry","floor":1},{"not_picked":["Headbutt","Dual Wield"],"picked":"Shrug It Off","floor":3},{"not_picked":["Bloodletting","Sword Boomerang"],"picked":"Flex","floor":4},{"not_picked":["Pommel Strike","Headbutt"],"picked":"Heavy Blade","floor":5},{"not_picked":["Clothesline","Feed"],"picked":"Shrug It Off","floor":7},{"not_picked":["Clothesline","Anger"],"picked":"Headbutt","floor":10},{"not_picked":["Searing Blow","Burning Pact"],"picked":"Twin Strike","floor":12}],"player_experience":101630,"relics_obtained":[{"floor":7,"key":"Incense Burner"},{"floor":9,"key":"Champion Belt"},{"floor":12,"key":"Pantograph"}],"event_choices":[{"damage_healed":0,"gold_gain":0,"player_choice":"Leave","damage_taken":0,"max_hp_gain":0,"max_hp_loss":0,"event_name":"The Cleric","floor":2,"gold_loss":0},{"damage_healed":0,"gold_gain":0,"player_choice":"Searched \u00272\u0027 times","damage_taken":0,"max_hp_gain":0,"max_hp_loss":0,"event_name":"Dead Adventurer","floor":12,"gold_loss":0}],"is_beta":false,"boss_relics":[],"items_purged_floors":[],"is_endless":false,"potions_floor_spawned":[7,12],"killed_by":"Gremlin Nob","ascension_level":0}