{"gold_per_floor":[13,30,30,44,55,82,82,32,32,64,64,124,124],"floor_reached":13,"playtime":460,"items_purged":[],"score":206,"play_id":"2e245c63-9428-4182-b465-456418de95a8","local_time":"20190227201038","is_ascension_mode":true,"campfire_choices":[{"data":"Ball Lightning","floor":7.0,"key":"SMITH"},{"floor":11.0,"key":"REST"}],"neow_cost":"NO_GOLD","seed_source_timestamp":2579139870436528,"circlet_count":0,"master_deck":["AscendersBane","Strike_B","Strike_B","Defend_B","Defend_B","Defend_B","Defend_B","Zap+1","Dualcast","Genetic Algorithm","Ball Lightning+1","Gash","Skim","Cold Snap"],"special_seed":0,"relics":["Cracked Core","Shuriken","Darkstone Periapt","Mummified Hand","Vajra","Tiny Chest"],"potions_floor_usage":[],"damage_taken":[{"damage":2.0,"enemies":"2 Louse","floor":1.0,"turns":2.0},{"damage":0.0,"enemies":"Cultist","floor":2.0,"turns":3.0},{"damage":9.0,"enemies":"Jaw Worm","floor":4.0,"turns":4.0},{"damage":12.0,"enemies":"Red Slaver","floor":5.0,"turns":4.0},{"damage":5.0,"enemies":"Lagavulin","floor":6.0,"turns":7.0},{"damage":30.0,"enemies":"Gremlin Nob","floor":10.0,"turns":4.0},{"damage":26,"enemies":"3 Sentries","floor":12,"turns":7},{"damage":0,"enemies":"Large Slime","floor":13,"turns":3}],"seed_played":"2069118815464941590","potions_obtained":[{"floor":1.0,"key":"Ancient Potion"},{"floor":2.0,"key":"EssenceOfSteel"},{"floor":5.0,"key":"Weak Potion"},{"floor":6.0,"key":"SkillPotion"}],"is_trial":false,"path_per_floor":["M","M","?","M","M","E","R","?","T","E","R","E","M"],"character_chosen":"DEFECT","items_purchased":[],"campfire_rested":1,"item_purchase_floors":[],"current_hp_per_floor":[62,62,62,53,41,36,36,36,36,6,27,1,1],"gold":124,"neow_bonus":"REMOVE_TWO","is_prod":false,"is_daily":false,"chose_seed":false,"campfire_upgraded":1,"win_rate":0,"timestamp":1551327038,"path_taken":["M","M","?","M","?","E","R","?","T","E","R","E","?"],"build_version":"2019-02-06","purchased_purges":0,"victory":false,"max_hp_per_floor":[71,71,71,71,71,71,71,71,71,71,71,71,71],"card_choices":[{"not_picked":["Hello World","Recycle","Turbo"],"picked":"SKIP","floor":1.0},{"not_picked":["Skim","Loop"],"picked":"Genetic Algorithm","floor":2.0},{"not_picked":["Redo","Gash"],"picked":"Ball Lightning","floor":4.0},{"not_picked":["Beam Cell","Melter"],"picked":"Gash","floor":5.0},{"not_picked":["Thunder Strike","Turbo","Steam Power"],"picked":"SKIP","floor":6.0},{"not_picked":["Lockon","Auto Shields"],"picked":"Skim","floor":10.0},{"not_picked":["Coolheaded","Multi-Cast"],"picked":"Cold Snap","floor":12}],"player_experience":1277342,"relics_obtained":[{"floor":6.0,"key":"Shuriken"},{"floor":9.0,"key":"Mummified Hand"},{"floor":10.0,"key":"Vajra"},{"floor":12,"key":"Tiny Chest"}],"event_choices":[{"damage_healed":0.0,"max_hp_gain":0.0,"max_hp_loss":0.0,"gold_gain":0.0,"event_name":"Upgrade Shrine","player_choice":"Upgraded","floor":3.0,"gold_loss":0.0,"damage_taken":0.0,"cards_upgraded":["Zap"]},{"damage_healed":0.0,"max_hp_gain":0.0,"max_hp_loss":0.0,"gold_gain":0.0,"event_name":"WeMeetAgain","player_choice":"Paid Gold","floor":8.0,"gold_loss":50.0,"damage_taken":0.0,"relics_obtained":["Darkstone Periapt"]}],"is_beta":true,"boss_relics":[],"items_purged_floors":[],"is_endless":false,"potions_floor_spawned":[1,2,5,6],"killed_by":"Large Slime","ascension_level":20}