{"gold_per_floor":[113,113,131,48,48,88,88,123,123,123,73,93,131,151,151,246,246,271,271,114,114,129,170,170,210,210,249,265,296,320,320,320,320],"floor_reached":33,"playtime":1602,"items_purged":["Pain"],"score":792,"play_id":"c876b1eb-8dbf-4a19-b788-dca173dc18d5","local_time":"20190215012146","is_ascension_mode":true,"campfire_choices":[{"floor":7.0,"key":"REST"},{"data":"Consume","floor":15.0,"key":"SMITH"},{"data":"Biased Cognition","floor":24.0,"key":"SMITH"},{"data":"Capacitor","floor":32,"key":"SMITH"}],"neow_cost":"NONE","seed_source_timestamp":1798416553057550,"circlet_count":0,"master_deck":["AscendersBane","Strike_B","Strike_B","Strike_B","Strike_B","Defend_B","Defend_B","Defend_B","Defend_B","Zap+1","Dualcast","Ball Lightning+1","Conserve Battery","Ball Lightning","Capacitor+1","Hologram","Glacier","Gash","Consume+1","Biased Cognition+1","Beam Cell","Seek","Steam","Gash+1","Gash","Chill","Double Energy","Steam+1"],"special_seed":0,"relics":["Cracked Core","Golden Idol","Unceasing Top","Dead Branch","Anchor","Oddly Smooth Stone","Runic Dome","WarpedTongs","Mercury Hourglass","Mummified Hand","Red Mask","Vajra","Meat on the Bone","Singing Bowl","Whetstone"],"potions_floor_usage":[27,29,29],"damage_taken":[{"damage":7.0,"enemies":"Jaw Worm","floor":1.0,"turns":3.0},{"damage":0.0,"enemies":"Cultist","floor":3.0,"turns":3.0},{"damage":28.0,"enemies":"3 Sentries","floor":6.0,"turns":6.0},{"damage":11.0,"enemies":"Gremlin Nob","floor":8.0,"turns":3.0},{"damage":0.0,"enemies":"Small Slimes","floor":12.0,"turns":2.0},{"damage":0.0,"enemies":"Lagavulin","floor":13.0,"turns":7.0},{"damage":0.0,"enemies":"3 Louse","floor":14.0,"turns":4.0},{"damage":24.0,"enemies":"Slime Boss","floor":16.0,"turns":8.0},{"damage":0.0,"enemies":"3 Byrds","floor":18.0,"turns":3.0},{"damage":17.0,"enemies":"2 Thieves","floor":22.0,"turns":4.0},{"damage":0.0,"enemies":"Gremlin Leader","floor":23.0,"turns":7.0},{"damage":6.0,"enemies":"Masked Bandits","floor":25.0,"turns":4.0},{"damage":0,"enemies":"Slavers","floor":27,"turns":3},{"damage":0,"enemies":"Centurion and Healer","floor":28,"turns":5},{"damage":1,"enemies":"Book of Stabbing","floor":29,"turns":4},{"damage":0,"enemies":"Shelled Parasite and Fungi","floor":30,"turns":3},{"damage":76,"enemies":"Champ","floor":33,"turns":15}],"seed_played":"7912122569222977677","potions_obtained":[{"floor":3.0,"key":"LiquidBronze"},{"floor":6.0,"key":"FearPotion"},{"floor":8.0,"key":"SteroidPotion"},{"floor":18.0,"key":"Energy Potion"},{"floor":27,"key":"LiquidBronze"}],"is_trial":false,"path_per_floor":["M","?","M","$","?","E","R","E","T","?","$","M","E","M","R","B",null,"M","?","$","T","M","E","R","?","T","E","M","E","M","T","R","B"],"character_chosen":"DEFECT","items_purchased":["Capacitor","Gash","Steam","PowerPotion"],"campfire_rested":1,"item_purchase_floors":[4,11,20,20],"current_hp_per_floor":[57,57,57,57,57,29,48,37,37,32,32,32,32,32,32,8,50,50,50,50,50,33,33,33,27,27,27,39,40,40,40,40,0],"gold":320,"neow_bonus":"THREE_CARDS","is_prod":false,"is_daily":false,"chose_seed":false,"campfire_upgraded":3,"win_rate":0,"timestamp":1550222506,"path_taken":["M","?","M","?","?","E","R","E","T","?","?","M","E","M","R","BOSS","M","?","$","?","?","E","R","?","T","E","M","E","M","?","R","BOSS"],"build_version":"2019-02-06","purchased_purges":1,"victory":false,"max_hp_per_floor":[71,71,71,71,64,64,64,64,64,64,64,64,64,64,64,64,64,64,64,64,64,64,64,64,64,64,64,64,66,66,66,66,66],"card_choices":[{"not_picked":["Go for the Eyes","BootSequence"],"picked":"Ball Lightning","floor":0.0},{"not_picked":["Rebound","Turbo"],"picked":"Conserve Battery","floor":1.0},{"not_picked":["Leap","Reinforced Body"],"picked":"Ball Lightning","floor":3.0},{"not_picked":["Storm","Redo"],"picked":"Hologram","floor":6.0},{"not_picked":["Creative AI","Leap"],"picked":"Glacier","floor":8.0},{"not_picked":["Turbo","Chill"],"picked":"Consume","floor":12.0},{"not_picked":["Coolheaded","Streamline"],"picked":"Biased Cognition","floor":13.0},{"not_picked":["Fusion","Rebound"],"picked":"Beam Cell","floor":14.0},{"not_picked":["Reboot","Rainbow"],"picked":"Seek","floor":16.0},{"not_picked":["Ball Lightning","Storm","Tempest"],"picked":"SKIP","floor":18.0},{"not_picked":["Compile Driver","Stack+1"],"picked":"Gash","floor":22.0},{"not_picked":["Stack","Barrage","Auto Shields"],"picked":"SKIP","floor":23.0},{"not_picked":["Stack","Static Discharge"],"picked":"Gash","floor":25.0},{"not_picked":["Darkness","Steam"],"picked":"Chill","floor":27},{"not_picked":["Cold Snap","Steam"],"picked":"Double Energy","floor":28},{"not_picked":["Aggregate","Chaos","Machine Learning"],"picked":"Singing Bowl","floor":29},{"not_picked":["Go for the Eyes","Cold Snap"],"picked":"Steam+1","floor":30}],"player_experience":1165997,"relics_obtained":[{"floor":6.0,"key":"Unceasing Top"},{"floor":8.0,"key":"Dead Branch"},{"floor":13.0,"key":"Oddly Smooth Stone"},{"floor":21.0,"key":"Mercury Hourglass"},{"floor":23.0,"key":"Mummified Hand"},{"floor":25.0,"key":"Red Mask"},{"floor":26.0,"key":"Vajra"},{"floor":27,"key":"Meat on the Bone"},{"floor":29,"key":"Singing Bowl"},{"floor":31,"key":"Whetstone"}],"event_choices":[{"damage_healed":0.0,"max_hp_gain":0.0,"max_hp_loss":0.0,"gold_gain":0.0,"event_name":"Upgrade Shrine","player_choice":"Upgraded","floor":2.0,"gold_loss":0.0,"damage_taken":0.0,"cards_upgraded":["Zap"]},{"damage_healed":0.0,"max_hp_gain":0.0,"max_hp_loss":7.0,"gold_gain":0.0,"event_name":"Golden Idol","player_choice":"Lose Max HP","floor":5.0,"gold_loss":0.0,"damage_taken":0.0,"relics_obtained":["Golden Idol"]},{"damage_healed":0.0,"max_hp_gain":0.0,"max_hp_loss":0.0,"gold_gain":0.0,"event_name":"Scrap Ooze","player_choice":"Success","floor":10.0,"gold_loss":0.0,"damage_taken":5.0,"relics_obtained":["Anchor"]},{"damage_healed":0.0,"max_hp_gain":0.0,"max_hp_loss":0.0,"gold_gain":0.0,"event_name":"Accursed Blacksmith","player_choice":"Rummage","floor":19.0,"gold_loss":0.0,"damage_taken":0.0,"relics_obtained":["WarpedTongs"],"cards_obtained":["Pain"]},{"damage_healed":0.0,"max_hp_gain":0.0,"max_hp_loss":0.0,"gold_gain":0.0,"event_name":"Masked Bandits","player_choice":"Fought Bandits","floor":25.0,"gold_loss":0.0,"damage_taken":0.0}],"is_beta":true,"boss_relics":[{"not_picked":["Runic Pyramid","Busted Crown"],"picked":"Runic Dome"}],"items_purged_floors":[20],"is_endless":false,"potions_floor_spawned":[3,6,8,18,25,27],"killed_by":"Champ","ascension_level":20}