{"gold_per_floor":[111,111,129,129,142,172,172,122,122,137,101,113,139,159,159,263,263,273,292,303,213,230,230,264,278,278,278,288,388,70,70,70,167,167,185,198,198,48,68,103,103,130,130,148,162,162,190,90,90,90,90,90,16,44,44],"floor_reached":56,"playtime":4151,"items_purged":["Strike_R","Strike_R"],"score":1338,"play_id":"3ea30821-bd52-4cbf-bd9e-b7816d009b23","local_time":"20190423164053","is_ascension_mode":true,"campfire_choices":[{"data":"Corruption","floor":7,"key":"SMITH"},{"floor":15,"key":"REST"},{"floor":23,"key":"REST"},{"floor":27,"key":"REST"},{"floor":32,"key":"REST"},{"floor":41,"key":"REST"},{"floor":46,"key":"RECALL"},{"floor":49,"key":"REST"},{"data":"Juggernaut","floor":52,"key":"SMITH"}],"neow_cost":"NONE","seed_source_timestamp":615765260854839,"circlet_count":0,"master_deck":["Defend_R","Defend_R+1","Defend_R","Defend_R","Bash","Juggernaut+1","Cleave+1","Corruption+1","Clash","Wild Strike","Headbutt","Seeing Red","Feel No Pain","Pommel Strike","Uppercut","Flame Barrier","Demon Form","Cleave+1","Clothesline+1","Spot Weakness","Shrug It Off+1","Impervious","Entrench","Whirlwind","Armaments+1","Shrug It Off+1","True Grit+1","Pommel Strike+1","Spot Weakness+1","Shockwave+1","Disarm+1"],"relics":["Burning Blood","FaceOfCleric","Darkstone Periapt","Self Forming Clay","Happy Flower","Sozu","Pear","Toxic Egg 2","Torii","Bottled Tornado","HandDrill","Busted Crown","Regal Pillow","War Paint","Charon\u0027s Ashes","Frozen Egg 2","Bronze Scales"],"potions_floor_usage":[6,16,29],"damage_taken":[{"damage":13,"enemies":"Small Slimes","floor":1,"turns":5},{"damage":6,"enemies":"Cultist","floor":3,"turns":3},{"damage":11,"enemies":"Jaw Worm","floor":5,"turns":5},{"damage":19,"enemies":"Gremlin Nob","floor":6,"turns":4},{"damage":13,"enemies":"Blue Slaver","floor":10,"turns":2},{"damage":3,"enemies":"3 Louse","floor":12,"turns":3},{"damage":9,"enemies":"Lagavulin","floor":13,"turns":6},{"damage":15,"enemies":"Red Slaver","floor":14,"turns":3},{"damage":31,"enemies":"Slime Boss","floor":16,"turns":8},{"damage":25,"enemies":"3 Byrds","floor":18,"turns":6},{"damage":14,"enemies":"Shell Parasite","floor":19,"turns":2},{"damage":24,"enemies":"Chosen and Byrds","floor":20,"turns":5},{"damage":42,"enemies":"Snake Plant","floor":22,"turns":6},{"damage":30,"enemies":"Gremlin Leader","floor":24,"turns":6},{"damage":10,"enemies":"Snecko","floor":25,"turns":5},{"damage":14,"enemies":"Centurion and Healer","floor":28,"turns":7},{"damage":27,"enemies":"Colosseum Slavers","floor":29,"turns":5},{"damage":19,"enemies":"Colosseum Nobs","floor":29,"turns":5},{"damage":52,"enemies":"Collector","floor":33,"turns":10},{"damage":2,"enemies":"3 Darklings","floor":35,"turns":6},{"damage":0,"enemies":"Orb Walker","floor":36,"turns":2},{"damage":11,"enemies":"Maw","floor":39,"turns":8},{"damage":48,"enemies":"Reptomancer","floor":40,"turns":5},{"damage":38,"enemies":"Giant Head","floor":42,"turns":10},{"damage":8,"enemies":"4 Shapes","floor":44,"turns":5},{"damage":13,"enemies":"Sphere and 2 Shapes","floor":45,"turns":4},{"damage":47,"enemies":"Reptomancer","floor":47,"turns":7},{"damage":81,"enemies":"Awakened One","floor":50,"turns":14},{"damage":65,"enemies":"Shield and Spear","floor":54,"turns":7},{"damage":46,"enemies":"The Heart","floor":55,"turns":9}],"seed_played":"3236433120530801203","potions_obtained":[{"floor":1,"key":"Strength Potion"},{"floor":10,"key":"Swift Potion"},{"floor":16,"key":"SteroidPotion"}],"is_trial":false,"path_per_floor":["M","?","M","?","M","E","R","?","T","M","$","M","E","M","R","B",null,"M","M","M","?","M","R","E","M","T","R","M","?","$","?","R","B",null,"M","M","?","$","M","E","R","E","T","M","M","R","E","$","R","B",null,"R","$","E","B",null],"character_chosen":"IRONCLAD","items_purchased":["Feel No Pain","Shrug It Off+1","HandDrill","Regal Pillow","Shockwave+1"],"campfire_rested":6,"item_purchase_floors":[11,30,30,38,53],"current_hp_per_floor":[73,73,74,74,70,58,58,58,58,52,52,56,54,46,72,48,88,70,63,46,46,11,38,25,22,22,53,46,14,14,49,81,36,108,109,110,110,110,106,65,112,81,81,80,74,74,34,34,83,9,117,117,117,59,20],"gold":44,"neow_bonus":"ONE_RANDOM_RARE_CARD","is_prod":false,"is_daily":false,"chose_seed":false,"campfire_upgraded":2,"win_rate":0,"timestamp":1556017853,"path_taken":["M","?","?","?","M","E","R","?","T","M","?","?","E","M","R","BOSS","M","M","M","?","M","R","E","M","T","R","?","?","$","?","R","BOSS","M","M","?","$","M","E","R","E","T","M","M","R","E","?","R","BOSS","R","$","E","BOSS"],"build_version":"2019-01-23","purchased_purges":2,"victory":true,"max_hp_per_floor":[80,80,81,81,82,83,83,83,83,84,84,85,86,87,87,88,88,89,90,91,91,92,92,103,104,104,104,105,107,107,107,107,108,108,109,110,110,110,111,112,112,113,113,114,115,115,116,116,116,117,117,117,117,118,119],"card_choices":[{"not_picked":["Infernal Blade","Clothesline"],"picked":"Cleave","floor":1},{"not_picked":["Havoc","Ghostly Armor"],"picked":"Corruption","floor":3},{"not_picked":["Cleave","Double Tap"],"picked":"Wild Strike","floor":5},{"not_picked":["Cleave","True Grit"],"picked":"Headbutt","floor":6},{"not_picked":["Clash","Warcry"],"picked":"Seeing Red","floor":10},{"not_picked":["Combust","Wild Strike"],"picked":"Pommel Strike","floor":12},{"not_picked":["Anger","Perfected Strike"],"picked":"Uppercut","floor":13},{"not_picked":["Cleave","Hemokinesis"],"picked":"Flame Barrier","floor":14},{"not_picked":["Double Tap","Immolate"],"picked":"Demon Form","floor":16},{"not_picked":["Twin Strike+1","Feel No Pain"],"picked":"Cleave+1","floor":18},{"not_picked":["Wild Strike","Inflame"],"picked":"Clothesline+1","floor":19},{"not_picked":["Heavy Blade","Entrench"],"picked":"Spot Weakness","floor":20},{"not_picked":["Twin Strike","Heavy Blade+1"],"picked":"Shrug It Off","floor":22},{"not_picked":["Rupture+1","Blood for Blood"],"picked":"Impervious","floor":24},{"not_picked":["Rupture","Inflame"],"picked":"Entrench","floor":25},{"not_picked":["Perfected Strike","Rupture"],"picked":"Whirlwind","floor":28},{"not_picked":["Intimidate+1","Clash"],"picked":"Armaments+1","floor":29},{"not_picked":["Anger"],"picked":"SKIP","floor":35},{"not_picked":[],"picked":"True Grit+1","floor":36},{"not_picked":["Twin Strike"],"picked":"SKIP","floor":39},{"not_picked":["Thunderclap"],"picked":"SKIP","floor":40},{"not_picked":[],"picked":"Pommel Strike+1","floor":42},{"not_picked":["Sword Boomerang"],"picked":"SKIP","floor":44},{"not_picked":["Infernal Blade+1"],"picked":"SKIP","floor":45},{"not_picked":[],"picked":"Spot Weakness+1","floor":47},{"not_picked":[],"picked":"Disarm+1","floor":54}],"player_experience":118009,"relics_obtained":[{"floor":6,"key":"Darkstone Periapt"},{"floor":9,"key":"Self Forming Clay"},{"floor":13,"key":"Happy Flower"},{"floor":24,"key":"Pear"},{"floor":26,"key":"Toxic Egg 2"},{"floor":29,"key":"Torii"},{"floor":29,"key":"Bottled Tornado"},{"floor":40,"key":"War Paint"},{"floor":42,"key":"Charon\u0027s Ashes"},{"floor":47,"key":"Frozen Egg 2"},{"floor":54,"key":"Bronze Scales"}],"event_choices":[{"damage_healed":0,"gold_gain":0,"player_choice":"Trade","damage_taken":0,"relics_obtained":["FaceOfCleric"],"max_hp_gain":0,"max_hp_loss":0,"event_name":"FaceTrader","floor":2,"gold_loss":0},{"damage_healed":0,"gold_gain":0,"cards_transformed":["Strike_R"],"player_choice":"Change","damage_taken":0,"max_hp_gain":0,"max_hp_loss":0,"event_name":"Living Wall","floor":4,"gold_loss":0,"cards_obtained":["Clash"]},{"cards_removed":["Strike_R"],"damage_healed":0,"gold_gain":0,"player_choice":"Card Removal","damage_taken":0,"max_hp_gain":0,"max_hp_loss":0,"event_name":"The Cleric","floor":8,"gold_loss":50},{"cards_removed":["Strike_R"],"damage_healed":0,"gold_gain":0,"player_choice":"Upgrade and Remove","damage_taken":0,"max_hp_gain":0,"max_hp_loss":0,"event_name":"Designer","floor":21,"gold_loss":90,"cards_upgraded":["Cleave"]},{"damage_healed":0,"gold_gain":0,"player_choice":"Fight","damage_taken":0,"max_hp_gain":0,"max_hp_loss":0,"event_name":"Colosseum","floor":29,"gold_loss":0},{"damage_healed":0,"gold_gain":0,"player_choice":"Fought Nobs","damage_taken":0,"max_hp_gain":0,"max_hp_loss":0,"event_name":"Colosseum","floor":29,"gold_loss":0},{"damage_healed":35,"gold_gain":0,"player_choice":"Heal","damage_taken":0,"max_hp_gain":0,"max_hp_loss":0,"event_name":"The Library","floor":31,"gold_loss":0},{"damage_healed":0,"gold_gain":0,"player_choice":"Ignored","damage_taken":0,"max_hp_gain":0,"max_hp_loss":0,"event_name":"SecretPortal","floor":37,"gold_loss":0}],"is_beta":false,"boss_relics":[{"not_picked":["Tiny House","Ectoplasm"],"picked":"Sozu"},{"not_picked":["Philosopher\u0027s Stone","White Beast Statue"],"picked":"Busted Crown"}],"items_purged_floors":[30,48],"is_endless":false,"potions_floor_spawned":[1,10,16,18,22,24,29,36,39,42,47,54],"ascension_level":2}