{"gold_per_floor":[113,132,148,148,166,166,194,194,194,194,194,164,179,190,190,290,290,302,302,302,312,331,331,362,362,362,277,277,287,299,315,315,419,419,433,449,460,126,136,136,136],"floor_reached":41,"playtime":2048,"items_purged":[],"score":480,"play_id":"6cb543c0-0106-46f2-9b96-5bacd7d6c954","local_time":"20190330201023","is_ascension_mode":true,"campfire_choices":[{"data":"Metallicize","floor":6.0,"key":"SMITH"},{"data":"Sentinel","floor":8.0,"key":"SMITH"},{"data":"Whirlwind","floor":10.0,"key":"SMITH"},{"data":"Flame Barrier","floor":15.0,"key":"SMITH"},{"data":"Juggernaut","floor":23,"key":"SMITH"},{"data":"Armaments","floor":25,"key":"SMITH"},{"floor":32,"key":"REST"},{"data":"Good Instincts","floor":40,"key":"SMITH"}],"neow_cost":"NONE","seed_source_timestamp":0,"circlet_count":0,"master_deck":["Strike_R","Strike_R+1","Strike_R+1","Defend_R","Defend_R","Defend_R","Defend_R","Bash","Disarm","Metallicize+1","Whirlwind+1","Shrug It Off","Sentinel+1","Flame Barrier+1","Headbutt","Spot Weakness","Juggernaut+1","Armaments+1","Armaments","Shockwave+1","Rage","Dual Wield","Impervious","Evolve","Good Instincts+1"],"special_seed":0,"relics":["Burning Blood","NeowsBlessing","Whetstone","Oddly Smooth Stone","Velvet Choker","Nilry\u0027s Codex","Mummified Hand","Mercury Hourglass","Bag of Marbles","Lizard Tail","Matryoshka"],"potions_floor_usage":[16,24,33,33,41],"damage_taken":[{"damage":0.0,"enemies":"Cultist","floor":1.0,"turns":1.0},{"damage":0.0,"enemies":"Small Slimes","floor":2.0,"turns":2.0},{"damage":0.0,"enemies":"Jaw Worm","floor":3.0,"turns":1.0},{"damage":31.0,"enemies":"Exordium Wildlife","floor":5.0,"turns":6.0},{"damage":8.0,"enemies":"3 Sentries","floor":7.0,"turns":8.0},{"damage":1.0,"enemies":"Looter","floor":12.0,"turns":4.0},{"damage":11.0,"enemies":"2 Fungi Beasts","floor":13.0,"turns":3.0},{"damage":5.0,"enemies":"Red Slaver","floor":14.0,"turns":3.0},{"damage":33,"enemies":"Slime Boss","floor":16,"turns":13},{"damage":2,"enemies":"Shell Parasite","floor":18,"turns":6},{"damage":2,"enemies":"Spheric Guardian","floor":21,"turns":6},{"damage":9,"enemies":"Cultist and Chosen","floor":22,"turns":7},{"damage":24,"enemies":"Book of Stabbing","floor":24,"turns":6},{"damage":12,"enemies":"Snake Plant","floor":29,"turns":4},{"damage":6,"enemies":"Chosen and Byrds","floor":30,"turns":6},{"damage":0,"enemies":"Snecko","floor":31,"turns":3},{"damage":39,"enemies":"Automaton","floor":33,"turns":9},{"damage":17,"enemies":"3 Shapes","floor":35,"turns":4},{"damage":14,"enemies":"Orb Walker","floor":36,"turns":5},{"damage":16,"enemies":"3 Darklings","floor":37,"turns":5},{"damage":0,"enemies":"Sphere and 2 Shapes","floor":39,"turns":6},{"damage":133,"enemies":"Giant Head","floor":41,"turns":12}],"seed_played":"-1466350634957149840","potions_obtained":[{"floor":3.0,"key":"Block Potion"},{"floor":5.0,"key":"Explosive Potion"},{"floor":13.0,"key":"Dexterity Potion"},{"floor":16,"key":"Swift Potion"},{"floor":18,"key":"AttackPotion"},{"floor":22,"key":"Block Potion"},{"floor":31,"key":"LiquidBronze"},{"floor":33,"key":"FearPotion"},{"floor":35,"key":"Explosive Potion"},{"floor":39,"key":"Dexterity Potion"}],"is_trial":false,"path_per_floor":["M","M","M","?","M","R","E","R","T","R","?","M","M","M","R","B",null,"M","?","?","M","M","R","E","R","T","?","?","M","M","M","R","B",null,"M","M","M","$","M","R","E"],"character_chosen":"IRONCLAD","items_purchased":["Matryoshka","Good Instincts"],"campfire_rested":1,"item_purchase_floors":[38,38],"current_hp_per_floor":[80,80,80,80,55,55,53,53,53,53,53,58,53,54,54,27,80,80,64,64,68,65,65,47,47,47,47,47,41,41,47,71,38,80,69,61,51,51,57,57,0],"gold":136,"neow_bonus":"THREE_ENEMY_KILL","is_prod":false,"is_daily":false,"chose_seed":false,"campfire_upgraded":7,"win_rate":0,"timestamp":1553976623,"path_taken":["M","M","?","?","?","R","E","R","T","R","?","M","?","M","R","BOSS","M","?","?","M","?","R","E","R","T","?","?","?","M","M","R","BOSS","M","?","M","$","M","R","E"],"build_version":"2019-01-23","purchased_purges":0,"victory":false,"max_hp_per_floor":[80,80,80,80,80,80,80,80,80,80,80,80,80,80,80,80,80,80,80,80,80,80,80,80,80,80,80,80,80,80,80,80,80,80,80,80,80,80,80,80,80],"card_choices":[{"not_picked":["Clash","Rupture"],"picked":"Disarm","floor":1.0},{"not_picked":["Twin Strike","Perfected Strike"],"picked":"Metallicize","floor":2.0},{"not_picked":["Clothesline","Brutality"],"picked":"Whirlwind","floor":3.0},{"not_picked":["Havoc","Sword Boomerang"],"picked":"Shrug It Off","floor":5.0},{"not_picked":["Heavy Blade","Limit Break"],"picked":"Sentinel","floor":7.0},{"not_picked":["Clothesline","Seeing Red"],"picked":"Flame Barrier","floor":12.0},{"not_picked":["Rupture","Heavy Blade"],"picked":"Headbutt","floor":13.0},{"not_picked":["Carnage","Anger"],"picked":"Spot Weakness","floor":14.0},{"not_picked":["Demon Form","Brutality"],"picked":"Juggernaut","floor":16},{"not_picked":["Rampage+1","Warcry"],"picked":"Armaments","floor":18},{"not_picked":["Whirlwind","Twin Strike"],"picked":"Armaments","floor":21},{"not_picked":["Hemokinesis","Limit Break"],"picked":"Shockwave+1","floor":22},{"not_picked":["Anger","Uppercut","Exhume"],"picked":"SKIP","floor":24},{"not_picked":["Hemokinesis","Cleave"],"picked":"Rage","floor":29},{"not_picked":["Havoc","Intimidate","Shockwave+1"],"picked":"SKIP","floor":30},{"not_picked":["Armaments","Twin Strike"],"picked":"Dual Wield","floor":31},{"not_picked":["Limit Break","Berserk"],"picked":"Impervious","floor":33},{"not_picked":["Uppercut","Power Through+1","Havoc+1"],"picked":"SKIP","floor":35},{"not_picked":["Combust","Twin Strike+1","Havoc"],"picked":"SKIP","floor":36},{"not_picked":["Warcry","Burning Pact"],"picked":"Evolve","floor":37},{"not_picked":["Warcry+1","Sword Boomerang+1","Anger+1"],"picked":"SKIP","floor":39}],"player_experience":330546,"relics_obtained":[{"floor":7.0,"key":"Whetstone"},{"floor":9.0,"key":"Oddly Smooth Stone"},{"floor":19,"key":"Nilry\u0027s Codex"},{"floor":24,"key":"Mummified Hand"},{"floor":26,"key":"Mercury Hourglass"}],"event_choices":[{"cards_removed":["Strike_R"],"damage_healed":0.0,"max_hp_gain":0.0,"max_hp_loss":0.0,"gold_gain":0.0,"event_name":"Bonfire Elementals","player_choice":"Offered Basic","floor":4.0,"gold_loss":0.0,"damage_taken":0.0},{"damage_healed":0.0,"max_hp_gain":0.0,"max_hp_loss":0.0,"gold_gain":0.0,"event_name":"The Woman in Blue","player_choice":"Bought 0 Potions","floor":11.0,"gold_loss":0.0,"damage_taken":0.0},{"damage_healed":0,"gold_gain":0,"player_choice":"Obtained Book","damage_taken":16,"max_hp_gain":0,"max_hp_loss":0,"event_name":"Cursed Tome","floor":19,"gold_loss":0},{"damage_healed":0,"gold_gain":0,"player_choice":"Ignored","damage_taken":0,"max_hp_gain":0,"max_hp_loss":0,"event_name":"Ghosts","floor":20,"gold_loss":0},{"damage_healed":0,"gold_gain":0,"player_choice":"Obtained Relic","damage_taken":0,"relics_obtained":["Bag of Marbles"],"max_hp_gain":0,"max_hp_loss":0,"event_name":"Addict","floor":27,"gold_loss":85},{"cards_removed":["Strike_R"],"damage_healed":0,"gold_gain":0,"player_choice":"Card Removal","damage_taken":0,"max_hp_gain":0,"max_hp_loss":0,"event_name":"Wheel of Change","floor":28,"gold_loss":0}],"is_beta":false,"boss_relics":[{"not_picked":["Tiny House","Busted Crown"],"picked":"Velvet Choker"},{"not_picked":["Empty Cage","Runic Pyramid"],"picked":"Lizard Tail"}],"items_purged_floors":[],"is_endless":false,"potions_floor_spawned":[3,5,13,16,18,22,31,33,35,37,39],"killed_by":"Giant Head","ascension_level":3}