{"path_per_floor":["M","?","?","?","M","M","R","M","T","$","M","?","E","$","R"],"character_chosen":"THE_SILENT","items_purchased":["Anchor","Choke","Mind Blast","Quick Slash"],"gold_per_floor":[115,115,80,180,193,203,203,214,267,35,50,110,145,20,20],"floor_reached":16,"campfire_rested":0,"playtime":1451,"current_hp_per_floor":[70,56,70,70,70,66,66,64,71,71,68,51,51,51,51],"items_purged":[],"gold":20,"play_id":"499c8fcc-2b65-4a75-9f38-0945d8054614","is_prod":false,"is_daily":false,"campfire_rituals":0,"campfire_upgraded":2,"is_hardmode":false,"path_taken":["M","?","?","?","?","M","R","M","T","$","?","?","E","?","R","BOSS"],"build_version":"2018-01-18-PROD4","purchased_purges":0,"victory":false,"master_deck":["Defend_G","Defend_G","Defend_G","Defend_G","Defend_G","Strike_G","Strike_G","Strike_G","Strike_G","Strike_G","Survivor","Neutralize","Dagger Throw","Poisoned Stab","Predator","Blur","Choke","Dagger Throw","Blur","Dagger Throw","Mind Blast","Quick Slash"],"max_hp_per_floor":[70,70,70,70,70,70,70,70,77,77,77,77,77,77,77],"relics":["Ring of the Snake","Strawberry","Anchor","Orichalcum","Lantern"],"campfire_meditates":0,"card_choices":[{"not_picked":["Deflect","Dagger Spray"],"picked":"Dagger Throw"},{"not_picked":["Caltrops","Sucker Punch"],"picked":"Poisoned Stab"},{"not_picked":["Deadly Poison","Heel Hook"],"picked":"Predator"},{"not_picked":["Noxious Fumes","Deadly Poison"],"picked":"Blur"},{"not_picked":["Dodge and Roll","Terror"],"picked":"Dagger Throw"},{"not_picked":["Heel Hook","Caltrops"],"picked":"Blur"},{"not_picked":["Wraith Form","Deadly Poison"],"picked":"Dagger Throw"}],"player_experience":10220,"potions_floor_usage":[12,13],"damage_taken":[{"damage":0.0,"enemies":"Jaw Worm","floor":1.0,"turns":5.0},{"damage":0.0,"enemies":"2 Louse","floor":5.0,"turns":3.0},{"damage":4.0,"enemies":"Blue Slaver","floor":6.0,"turns":6.0},{"damage":2,"enemies":"Looter","floor":8,"turns":3},{"damage":3,"enemies":"Exordium Wildlife","floor":11,"turns":3},{"damage":17,"enemies":"3 Sentries","floor":12,"turns":5},{"damage":12,"enemies":"Gremlin Nob","floor":13,"turns":5},{"damage":52,"enemies":"Slime Boss","floor":16,"turns":8}],"event_choices":[{"event_name":"Shining Light","player_choice":"Entered Light","floor":2.0,"damage_taken":0.0},{"event_name":"The Cleric","player_choice":"Healed","floor":3.0,"damage_taken":0.0},{"event_name":"Golden Shrine","player_choice":"Pray","floor":4.0,"damage_taken":0.0},{"event_name":"Dead Adventurer","player_choice":"Searched \u00272\u0027 times","floor":12,"damage_taken":0}],"boss_relics":[],"potions_floor_spawned":[5,11,12,12],"seed_played":"5066973925518756920","killed_by":"Slime Boss","is_trial":false}