{"gold_per_floor":[361,511,525,544,185,215,215,226,278,35,35,35,35,51,51,125,125,140,190,204,204,215,215,35,35,35,35,49,59,94,40,40,118,118,135,235,235,261,274,299,299,299],"floor_reached":42,"playtime":1708,"items_purged":["Doubt","Strike_B"],"score":913,"play_id":"b094bea2-fbbc-4bfd-9b7c-f2213bb593d4","local_time":"20190307052400","is_ascension_mode":true,"campfire_choices":[{"data":"Defragment","floor":7.0,"key":"SMITH"},{"floor":13.0,"key":"REST"},{"data":"Defragment","floor":15.0,"key":"SMITH"},{"floor":23.0,"key":"REST"},{"data":"Chill","floor":25.0,"key":"SMITH"},{"floor":27,"key":"REST"},{"floor":32,"key":"REST"},{"data":"Fission","floor":41,"key":"SMITH"}],"neow_cost":"TEN_PERCENT_HP_LOSS","seed_source_timestamp":2999043664874561,"circlet_count":0,"master_deck":["AscendersBane","Zap","Dualcast","Defragment+1","Ball Lightning","Coolheaded","Cold Snap","Sweeping Beam","Electrodynamics","Loop","Defragment+1","Creative AI","Capacitor+1","Hologram","Chill+1","Doom and Gloom","Echo Form","Machine Learning","BootSequence","Ball Lightning","Doom and Gloom","White Noise","Fission+1","Sweeping Beam","Genetic Algorithm+1","Regret","Core Surge"],"special_seed":0,"relics":["Cracked Core","ClockworkSouvenir","Ornamental Fan","Blood Vial","PreservedInsect","Bag of Marbles","Cursed Key","Blue Candle","Pandora\u0027s Box","Dead Branch","Dream Catcher"],"potions_floor_usage":[30,35,42],"damage_taken":[{"damage":1.0,"enemies":"Cultist","floor":1.0,"turns":3.0},{"damage":7.0,"enemies":"2 Louse","floor":3.0,"turns":2.0},{"damage":1.0,"enemies":"Small Slimes","floor":4.0,"turns":3.0},{"damage":28.0,"enemies":"3 Sentries","floor":6.0,"turns":7.0},{"damage":8.0,"enemies":"Blue Slaver","floor":8.0,"turns":2.0},{"damage":9.0,"enemies":"Red Slaver","floor":14.0,"turns":3.0},{"damage":7.0,"enemies":"The Guardian","floor":16.0,"turns":8.0},{"damage":0.0,"enemies":"Chosen","floor":18.0,"turns":5.0},{"damage":22.0,"enemies":"2 Thieves","floor":20.0,"turns":2.0},{"damage":19.0,"enemies":"Chosen and Byrds","floor":22.0,"turns":4.0},{"damage":3,"enemies":"Centurion and Healer","floor":28,"turns":7},{"damage":6,"enemies":"Sentry and Sphere","floor":29,"turns":4},{"damage":22,"enemies":"Slavers","floor":30,"turns":3},{"damage":35,"enemies":"Automaton","floor":33,"turns":12},{"damage":11,"enemies":"Orb Walker","floor":35,"turns":3},{"damage":2,"enemies":"Mind Bloom Boss Battle","floor":36,"turns":6},{"damage":1,"enemies":"3 Shapes","floor":39,"turns":10},{"damage":11,"enemies":"Nemesis","floor":40,"turns":11},{"damage":57,"enemies":"Giant Head","floor":42,"turns":10}],"seed_played":"44662036383652351","potions_obtained":[{"floor":1.0,"key":"Strength Potion"},{"floor":6.0,"key":"EssenceOfSteel"},{"floor":18.0,"key":"GamblersBrew"},{"floor":22.0,"key":"SkillPotion"},{"floor":33,"key":"Regen Potion"},{"floor":39,"key":"Dexterity Potion"}],"is_trial":false,"path_per_floor":["M","?","M","M","$","E","R","M","T","$","?","?","R","M","R","B",null,"M","?","M","?","M","R","$","R","T","R","M","M","E","$","R","B",null,"M","?","?","T","M","E","R","E"],"character_chosen":"DEFECT","items_purchased":["ClockworkSouvenir","Cold Snap","PreservedInsect","Loop","Chill","Block Potion"],"campfire_rested":4,"item_purchase_floors":[5,5,10,10,24,31],"current_hp_per_floor":[63,63,56,55,55,27,27,19,19,19,14,14,33,26,26,21,53,55,55,35,18,1,21,21,21,21,41,40,36,16,16,36,3,53,44,44,44,44,45,36,36,0],"gold":299,"neow_bonus":"TWO_FIFTY_GOLD","is_prod":false,"is_daily":false,"chose_seed":false,"campfire_upgraded":4,"win_rate":0,"timestamp":1551965040,"path_taken":["M","?","M","M","$","E","R","M","T","$","?","?","R","M","R","BOSS","M","?","?","?","M","R","$","R","T","R","M","M","E","$","R","BOSS","M","?","?","?","M","E","R","E"],"build_version":"2019-02-06","purchased_purges":2,"victory":false,"max_hp_per_floor":[64,64,64,64,64,64,64,64,64,64,64,64,64,64,64,64,64,64,64,64,69,69,69,69,69,69,69,69,69,69,69,69,69,69,69,69,66,66,66,66,66,66],"card_choices":[{"not_picked":["Chaos","Cold Snap"],"picked":"Defragment","floor":1.0},{"not_picked":["Cold Snap","Redo"],"picked":"Ball Lightning","floor":3.0},{"not_picked":["Turbo","Leap"],"picked":"Coolheaded","floor":4.0},{"not_picked":["Heatsinks","Barrage"],"picked":"Sweeping Beam","floor":6.0},{"not_picked":["Streamline","Go for the Eyes"],"picked":"Electrodynamics","floor":8.0},{"not_picked":["Reinforced Body","Beam Cell"],"picked":"Defragment","floor":14.0},{"not_picked":["Meteor Strike","Fission"],"picked":"Creative AI","floor":16.0},{"not_picked":["Leap","Compile Driver","Stack"],"picked":"SKIP","floor":18.0},{"not_picked":["Rebound","Beam Cell"],"picked":"Capacitor+1","floor":20.0},{"not_picked":["Leap","Blizzard"],"picked":"Hologram","floor":22.0},{"not_picked":["Turbo","Gash","Rebound"],"picked":"SKIP","floor":28},{"not_picked":["Hologram","Amplify"],"picked":"Doom and Gloom","floor":29},{"not_picked":["Auto Shields","BootSequence","Sweeping Beam"],"picked":"SKIP","floor":30},{"not_picked":["Seek","Buffer"],"picked":"Echo Form","floor":33},{"not_picked":["Gash","Stack"],"picked":"Genetic Algorithm+1","floor":35},{"not_picked":["Hello World","Rebound"],"picked":"Core Surge","floor":39},{"not_picked":["Melter","FTL+1","Tempest"],"picked":"SKIP","floor":40}],"player_experience":1331991,"relics_obtained":[{"floor":6.0,"key":"Ornamental Fan"},{"floor":9.0,"key":"Blood Vial"},{"floor":30,"key":"Blue Candle"},{"floor":36,"key":"Dead Branch"},{"floor":40,"key":"Dream Catcher"}],"event_choices":[{"damage_healed":0.0,"max_hp_gain":0.0,"max_hp_loss":0.0,"gold_gain":150.0,"event_name":"Liars Game","player_choice":"AGREE","floor":2.0,"gold_loss":0.0,"damage_taken":0.0,"cards_obtained":["Doubt"]},{"damage_healed":0.0,"max_hp_gain":0.0,"max_hp_loss":0.0,"gold_gain":0.0,"event_name":"Scrap Ooze","player_choice":"Success","floor":11.0,"gold_loss":0.0,"damage_taken":5.0,"relics_obtained":["Bag of Marbles"]},{"damage_healed":0.0,"max_hp_gain":0.0,"max_hp_loss":0.0,"gold_gain":0.0,"event_name":"Shining Light","player_choice":"Ignored","floor":12.0,"gold_loss":0.0,"damage_taken":0.0},{"damage_healed":0.0,"max_hp_gain":0.0,"max_hp_loss":0.0,"gold_gain":50.0,"event_name":"Golden Shrine","player_choice":"Pray","floor":19.0,"gold_loss":0.0,"damage_taken":0.0},{"damage_healed":0.0,"max_hp_gain":5.0,"max_hp_loss":0.0,"gold_gain":0.0,"event_name":"Forgotten Altar","player_choice":"Shed Blood","floor":21.0,"gold_loss":0.0,"damage_taken":22.0},{"damage_healed":0,"gold_gain":0,"player_choice":"Fight","damage_taken":0,"max_hp_gain":0,"max_hp_loss":0,"event_name":"MindBloom","floor":36,"gold_loss":0},{"damage_healed":0,"gold_gain":0,"player_choice":"Max HP","damage_taken":0,"max_hp_gain":0,"max_hp_loss":3,"event_name":"Winding Halls","floor":37,"gold_loss":0}],"is_beta":true,"boss_relics":[{"not_picked":["Eternal Feather","Inserter"],"picked":"Cursed Key"},{"not_picked":["Nuclear Battery","White Beast Statue"],"picked":"Pandora\u0027s Box"}],"items_purged_floors":[5,24],"is_endless":false,"potions_floor_spawned":[1,6,8,16,18,22,29,33,39,40],"killed_by":"Giant Head","ascension_level":20}