{"gold_per_floor":[111,127,127,10,30,30,46,56,56,56,75,86,86,118,118,189,189,203,223,148,165,165],"floor_reached":22,"playtime":817,"items_purged":["Pain"],"score":380,"play_id":"550940d2-5a7b-4a67-b991-85bfe5f96f9f","local_time":"20190207221630","is_ascension_mode":true,"campfire_choices":[{"data":"Darkness","floor":6.0,"key":"SMITH"},{"data":"Fission","floor":10.0,"key":"SMITH"},{"data":"Defragment","floor":13.0,"key":"SMITH"},{"data":"Darkness","floor":15.0,"key":"SMITH"}],"neow_cost":"CURSE","seed_source_timestamp":1315032832205064,"circlet_count":0,"master_deck":["AscendersBane","Defend_B","Defend_B","Defend_B","Defend_B","Zap","Dualcast","Fission+1","Darkness+1","Hologram","Hologram","Defragment+1","Defragment","Darkness+1","Biased Cognition","Rebound+1","Meteor Strike+1","Scrape+1","Recycle","White Noise","Seek"],"special_seed":0,"relics":["Cracked Core","Prayer Wheel","Meat on the Bone","Art of War","Astrolabe"],"potions_floor_usage":[],"damage_taken":[{"damage":8.0,"enemies":"Cultist","floor":1.0,"turns":4.0},{"damage":13.0,"enemies":"Small Slimes","floor":2.0,"turns":5.0},{"damage":0.0,"enemies":"2 Louse","floor":5.0,"turns":1.0},{"damage":13.0,"enemies":"Red Slaver","floor":7.0,"turns":4.0},{"damage":12.0,"enemies":"Exordium Thugs","floor":8.0,"turns":4.0},{"damage":15.0,"enemies":"Exordium Wildlife","floor":11.0,"turns":3.0},{"damage":23.0,"enemies":"3 Louse","floor":12.0,"turns":3.0},{"damage":27.0,"enemies":"3 Sentries","floor":14.0,"turns":6.0},{"damage":8.0,"enemies":"Slime Boss","floor":16.0,"turns":5.0},{"damage":0.0,"enemies":"Chosen","floor":18.0,"turns":2.0},{"damage":6.0,"enemies":"Spheric Guardian","floor":19.0,"turns":3.0},{"damage":37.0,"enemies":"Shelled Parasite and Fungi","floor":21.0,"turns":3.0},{"damage":18,"enemies":"3 Cultists","floor":22,"turns":3}],"seed_played":"-8491628078638482715","potions_obtained":[{"floor":2.0,"key":"EssenceOfSteel"},{"floor":11.0,"key":"AttackPotion"},{"floor":14.0,"key":"Strength Potion"},{"floor":16.0,"key":"PowerPotion"},{"floor":21.0,"key":"Ancient Potion"}],"is_trial":false,"path_per_floor":["M","M","?","$","M","R","M","M","T","R","M","M","R","E","R","B",null,"M","M","?","M","M"],"character_chosen":"DEFECT","items_purchased":["Darkness"],"campfire_rested":0,"item_purchase_floors":[4],"current_hp_per_floor":[56,43,71,71,71,71,58,46,46,46,43,32,32,17,17,21,59,59,53,53,28,10],"gold":165,"neow_bonus":"ONE_RARE_RELIC","is_prod":false,"is_daily":false,"chose_seed":false,"campfire_upgraded":4,"win_rate":0,"timestamp":1549606590,"path_taken":["M","M","?","$","M","R","M","M","T","R","M","M","R","E","R","BOSS","M","?","?","M","M"],"build_version":"2019-02-06","purchased_purges":1,"victory":false,"max_hp_per_floor":[71,71,71,71,71,71,71,71,71,71,71,71,71,71,71,71,71,71,71,71,71,71],"card_choices":[{"not_picked":["Tempest","Compile Driver","Reprogram"],"picked":"SKIP","floor":1.0},{"not_picked":["Turbo","Compile Driver","Redo"],"picked":"SKIP","floor":1.0},{"not_picked":["Barrage","Redo"],"picked":"Fission","floor":2.0},{"not_picked":["Compile Driver","Storm","Rebound"],"picked":"SKIP","floor":2.0},{"not_picked":["Steam","Beam Cell","Barrage"],"picked":"SKIP","floor":5.0},{"not_picked":["Stack","Compile Driver","Turbo"],"picked":"SKIP","floor":5.0},{"not_picked":["Go for the Eyes","Leap","Stack"],"picked":"SKIP","floor":7.0},{"not_picked":["Gash","Redo","Amplify"],"picked":"SKIP","floor":7.0},{"not_picked":["Loop","Go for the Eyes"],"picked":"Hologram","floor":8.0},{"not_picked":["Chaos","Blizzard","Steam Power"],"picked":"SKIP","floor":8.0},{"not_picked":["Tempest","Stack"],"picked":"Hologram","floor":11.0},{"not_picked":["Meteor Strike","Rebound","Fusion"],"picked":"SKIP","floor":11.0},{"not_picked":["Go for the Eyes","Rebound"],"picked":"Defragment","floor":12.0},{"not_picked":["Steam","Blizzard"],"picked":"Defragment","floor":12.0},{"not_picked":["Auto Shields","Hello World"],"picked":"Darkness","floor":14.0},{"not_picked":["Machine Learning","Meteor Strike"],"picked":"Biased Cognition","floor":16.0},{"not_picked":["Gash","Rebound"],"picked":"Recycle","floor":18.0},{"not_picked":["Stack","Compile Driver"],"picked":"White Noise","floor":18.0},{"not_picked":["Static Discharge","Hello World+1"],"picked":"Seek","floor":19.0},{"not_picked":["Beam Cell","Rebound","Ball Lightning"],"picked":"SKIP","floor":19.0},{"not_picked":["Steam","Go for the Eyes","Chaos"],"picked":"SKIP","floor":21.0},{"not_picked":["Rebound","FTL","Aggregate"],"picked":"SKIP","floor":21.0}],"player_experience":1102878,"relics_obtained":[{"floor":9.0,"key":"Meat on the Bone"},{"floor":14.0,"key":"Art of War"}],"event_choices":[{"damage_healed":28.0,"max_hp_gain":0.0,"max_hp_loss":0.0,"gold_gain":0.0,"event_name":"Wheel of Change","player_choice":"Full Heal","floor":3.0,"gold_loss":0.0,"damage_taken":0.0},{"cards_removed":["Strike_B"],"damage_healed":0.0,"max_hp_gain":0.0,"max_hp_loss":0.0,"gold_gain":0.0,"event_name":"Beggar","player_choice":"Gave Gold","floor":20.0,"gold_loss":75.0,"damage_taken":0.0}],"is_beta":true,"boss_relics":[{"not_picked":["Sozu","Black Star"],"picked":"Astrolabe"}],"items_purged_floors":[4],"is_endless":false,"potions_floor_spawned":[2,11,12,14,16,21],"killed_by":"3 Cultists","ascension_level":20}