{"gold_per_floor":[116,116,191,191,156,156,186,198,269,300,317,329,38,52,52,127,127,138,152,152,27,47,47,81,93,189,234,246,272,284,296,308,394,406,435,460,376,406,435,447,478,524,536,548,629,673,308,319,319,319,319,319,319,64,96,96],"floor_reached":56,"playtime":3024,"items_purged":["Strike_B"],"score":2035,"play_id":"7a2468a0-5476-4d07-800a-b0967759abbc","local_time":"20190211041850","is_ascension_mode":true,"campfire_choices":[{"data":"Defragment","floor":6.0,"key":"SMITH"},{"data":"Defragment","floor":15.0,"key":"SMITH"},{"data":"Electrodynamics","floor":23.0,"key":"SMITH"},{"data":"Capacitor","floor":25.0,"key":"SMITH"},{"data":"Coolheaded","floor":28.0,"key":"SMITH"},{"data":"Reinforced Body","floor":32.0,"key":"SMITH"},{"data":"Fission","floor":40.0,"key":"SMITH"},{"data":"Coolheaded","floor":44,"key":"SMITH"},{"floor":49,"key":"RECALL"},{"floor":53,"key":"REST"}],"neow_cost":"NONE","seed_source_timestamp":1550498038479757,"circlet_count":0,"master_deck":["AscendersBane","Defend_B","Defend_B","Defend_B","Defend_B","Zap+1","Dualcast","Defragment+1","Reinforced Body+1","Coolheaded+1","Conserve Battery","Sweeping Beam","Cold Snap+1","Defragment+1","Electrodynamics+1","Core Surge","Chill","Capacitor+1","Ball Lightning","Barrage+1","Chill","Fission+1","BootSequence+1","Coolheaded+1","Hologram","Coolheaded+1","Seek+1","Glacier+1","Capacitor"],"special_seed":0,"relics":["Cracked Core","NeowsBlessing","Bag of Preparation","Dodecahedron","Happy Flower","Bronze Scales","Nuclear Battery","MawBank","Tiny Chest","Whetstone","Pantograph","Empty Cage","Strawberry","Toxic Egg 2","Bottled Flame","Anchor","Lee\u0027s Waffle","Oddly Smooth Stone","Orichalcum"],"potions_floor_usage":[42,46,56,56],"damage_taken":[{"damage":0.0,"enemies":"Jaw Worm","floor":1.0,"turns":1.0},{"damage":0.0,"enemies":"3 Sentries","floor":7.0,"turns":1.0},{"damage":0.0,"enemies":"Small Slimes","floor":8.0,"turns":1.0},{"damage":7.0,"enemies":"Gremlin Nob","floor":10.0,"turns":4.0},{"damage":0.0,"enemies":"2 Louse","floor":11.0,"turns":3.0},{"damage":0.0,"enemies":"Red Slaver","floor":12.0,"turns":3.0},{"damage":8.0,"enemies":"Exordium Thugs","floor":14.0,"turns":4.0},{"damage":12.0,"enemies":"Hexaghost","floor":16.0,"turns":10.0},{"damage":0.0,"enemies":"Chosen","floor":18.0,"turns":4.0},{"damage":0.0,"enemies":"Spheric Guardian","floor":19.0,"turns":3.0},{"damage":6.0,"enemies":"Cultist and Chosen","floor":22.0,"turns":5.0},{"damage":11.0,"enemies":"Slavers","floor":24.0,"turns":4.0},{"damage":10.0,"enemies":"Gremlin Leader","floor":27.0,"turns":6.0},{"damage":5.0,"enemies":"Centurion and Healer","floor":29.0,"turns":5.0},{"damage":19.0,"enemies":"Collector","floor":33.0,"turns":9.0},{"damage":7.0,"enemies":"Orb Walker","floor":35.0,"turns":2.0},{"damage":3.0,"enemies":"3 Shapes","floor":36.0,"turns":4.0},{"damage":0.0,"enemies":"3 Darklings","floor":38.0,"turns":4.0},{"damage":4.0,"enemies":"Writhing Mass","floor":39.0,"turns":6.0},{"damage":0.0,"enemies":"Maw","floor":41.0,"turns":7.0},{"damage":1,"enemies":"Reptomancer","floor":42,"turns":6},{"damage":40,"enemies":"Nemesis","floor":46,"turns":13},{"damage":0,"enemies":"Jaw Worm Horde","floor":48,"turns":4},{"damage":0,"enemies":"Donu and Deca","floor":50,"turns":14},{"damage":51,"enemies":"Time Eater","floor":51,"turns":18},{"damage":20,"enemies":"Shield and Spear","floor":55,"turns":5},{"damage":103,"enemies":"The Heart","floor":56,"turns":11}],"seed_played":"4930457725364944277","potions_obtained":[{"floor":1.0,"key":"Weak Potion"},{"floor":8.0,"key":"AttackPotion"},{"floor":11.0,"key":"Block Potion"},{"floor":39.0,"key":"FocusPotion"},{"floor":41.0,"key":"Fire Potion"},{"floor":42,"key":"Fire Potion"},{"floor":48,"key":"EssenceOfSteel"}],"is_trial":false,"path_per_floor":["M","?","?","?","?","R","E","M","T","E","M","M","$","M","R","B",null,"M","M","?","$","M","R","E","R","T","E","R","M","T","?","R","B",null,"M","M","?","M","M","R","M","E","T","R","T","E","$","M","R","B","B",null,"R","$","E","B"],"character_chosen":"DEFECT","items_purchased":["Defragment","Bronze Scales","FocusPotion","Ball Lightning","Glacier+1","Lee\u0027s Waffle","Capacitor","Oddly Smooth Stone","Regen Potion"],"campfire_rested":1,"item_purchase_floors":[13,13,13,21,47,47,47,54,54],"current_hp_per_floor":[64,57,46,46,63,63,63,63,63,56,56,56,56,48,48,36,62,62,62,62,62,56,56,45,45,45,35,35,30,30,30,30,36,62,55,52,59,59,55,55,55,54,54,54,54,14,85,85,85,85,34,72,85,85,65,0],"gold":96,"neow_bonus":"THREE_ENEMY_KILL","is_prod":false,"is_daily":false,"chose_seed":false,"campfire_upgraded":8,"win_rate":0,"timestamp":1549887530,"path_taken":["M","?","?","?","?","R","E","M","T","E","M","M","$","M","R","BOSS","M","M","?","$","M","R","E","R","T","E","R","M","?","?","R","BOSS","M","M","?","?","M","R","M","E","T","R","?","E","$","M","R","BOSS","BOSS","R","$","E","BOSS"],"build_version":"2019-02-06","purchased_purges":1,"victory":false,"max_hp_per_floor":[71,71,71,71,71,71,71,71,71,71,71,71,71,71,71,71,71,71,71,71,71,71,71,71,71,71,71,71,71,71,71,71,71,71,71,71,78,78,78,78,78,78,78,78,78,78,85,85,85,85,85,85,85,85,85,85],"card_choices":[{"not_picked":["BootSequence","Genetic Algorithm"],"picked":"Defragment","floor":1.0},{"not_picked":["Blizzard","FTL"],"picked":"Reinforced Body","floor":7.0},{"not_picked":["Streamline","Conserve Battery"],"picked":"Coolheaded","floor":8.0},{"not_picked":["Streamline","Redo"],"picked":"Conserve Battery","floor":10.0},{"not_picked":["Hologram","Leap"],"picked":"Sweeping Beam","floor":11.0},{"not_picked":["Tempest","Turbo"],"picked":"Cold Snap","floor":12.0},{"not_picked":["Stack","Coolheaded"],"picked":"Electrodynamics","floor":14.0},{"not_picked":["Buffer","Reboot"],"picked":"Core Surge","floor":16.0},{"not_picked":["Conserve Battery","Lockon"],"picked":"Chill","floor":18.0},{"not_picked":["Force Field","Sweeping Beam"],"picked":"Capacitor","floor":19.0},{"not_picked":["Double Energy","Lockon"],"picked":"Barrage+1","floor":22.0},{"not_picked":["Redo","Steam","Streamline"],"picked":"SKIP","floor":24.0},{"not_picked":["Conserve Battery","Stack"],"picked":"Chill","floor":27.0},{"not_picked":["Stack","Ball Lightning","Static Discharge"],"picked":"SKIP","floor":29.0},{"not_picked":["Meteor Strike","Rainbow"],"picked":"Fission","floor":33.0},{"not_picked":["Beam Cell+1","Conserve Battery"],"picked":"BootSequence+1","floor":35.0},{"not_picked":["Double Energy","Beam Cell"],"picked":"Coolheaded","floor":36.0},{"not_picked":["Lockon","Leap","Stack"],"picked":"SKIP","floor":38.0},{"not_picked":["Sweeping Beam+1","Melter"],"picked":"Hologram","floor":39.0},{"not_picked":["Reinforced Body","Heatsinks","Coolheaded"],"picked":"SKIP","floor":41.0},{"not_picked":["Stack","Go for the Eyes"],"picked":"Coolheaded","floor":42},{"not_picked":["Turbo+1","Gash"],"picked":"Seek+1","floor":46},{"not_picked":["Ball Lightning","Conserve Battery+1","Redo+1"],"picked":"SKIP","floor":48},{"not_picked":["Gash+1","Self Repair","Barrage"],"picked":"SKIP","floor":55}],"player_experience":1130426,"relics_obtained":[{"floor":7.0,"key":"Bag of Preparation"},{"floor":9.0,"key":"Dodecahedron"},{"floor":10.0,"key":"Happy Flower"},{"floor":24.0,"key":"MawBank"},{"floor":26.0,"key":"Tiny Chest"},{"floor":27.0,"key":"Whetstone"},{"floor":30.0,"key":"Pantograph"},{"floor":42,"key":"Toxic Egg 2"},{"floor":45,"key":"Bottled Flame"},{"floor":46,"key":"Anchor"},{"floor":55,"key":"Orichalcum"}],"event_choices":[{"cards_removed":["Strike_B"],"damage_healed":0.0,"max_hp_gain":0.0,"max_hp_loss":0.0,"gold_gain":0.0,"event_name":"Golden Wing","player_choice":"Card Removal","floor":2.0,"gold_loss":0.0,"damage_taken":7.0},{"damage_healed":0.0,"max_hp_gain":0.0,"max_hp_loss":0.0,"gold_gain":75.0,"event_name":"World of Goop","player_choice":"Gather Gold","floor":3.0,"gold_loss":0.0,"damage_taken":11.0},{"damage_healed":0.0,"max_hp_gain":0.0,"max_hp_loss":0.0,"gold_gain":0.0,"event_name":"Living Wall","player_choice":"Grow","floor":4.0,"gold_loss":0.0,"damage_taken":0.0,"cards_upgraded":["Zap"]},{"damage_healed":17.0,"max_hp_gain":0.0,"max_hp_loss":0.0,"gold_gain":0.0,"event_name":"The Cleric","player_choice":"Healed","floor":5.0,"gold_loss":35.0,"damage_taken":0.0},{"damage_healed":0.0,"max_hp_gain":0.0,"max_hp_loss":0.0,"gold_gain":0.0,"event_name":"Vampires","player_choice":"Ignored","floor":20.0,"gold_loss":0.0,"damage_taken":0.0},{"damage_healed":0.0,"max_hp_gain":0.0,"max_hp_loss":0.0,"gold_gain":0.0,"event_name":"Cursed Tome","player_choice":"Ignored","floor":31.0,"gold_loss":0.0,"damage_taken":0.0},{"damage_healed":0.0,"max_hp_gain":0.0,"max_hp_loss":0.0,"gold_gain":0.0,"event_name":"WeMeetAgain","player_choice":"Paid Gold","floor":37.0,"gold_loss":96.0,"damage_taken":0.0,"relics_obtained":["Strawberry"]}],"is_beta":true,"boss_relics":[{"not_picked":["Sozu","Calling Bell"],"picked":"Nuclear Battery"},{"not_picked":["FrozenCore","White Beast Statue"],"picked":"Empty Cage"}],"items_purged_floors":[21],"is_endless":false,"potions_floor_spawned":[1,8,11,18,27,29,33,39,41,42,48,55],"killed_by":"The Heart","ascension_level":20}