{"gold_per_floor":[112,112,112,132,132,167,183,193,218,256,268,307,319,342,354,441,453,484,257,276,276,311,340,340,358,435,435],"floor_reached":27,"playtime":944,"items_purged":["Strike_R"],"score":552,"play_id":"58190a14-feac-49ad-9d94-d5646a310c85","local_time":"20190202052602","is_ascension_mode":true,"campfire_choices":[{"data":"Body Slam","floor":11.0,"key":"SMITH"},{"data":"Combust","floor":13.0,"key":"SMITH"},{"data":"True Grit","floor":15.0,"key":"SMITH"},{"data":"Fiend Fire","floor":24,"key":"SMITH"}],"neow_cost":"NONE","seed_source_timestamp":900740707330977,"circlet_count":0,"master_deck":["AscendersBane","Strike_R","Strike_R","Strike_R","Defend_R","Defend_R+1","Defend_R","Defend_R+1","Bash+1","Combust+1","Feel No Pain","Flame Barrier","Body Slam+1","True Grit+1","Fiend Fire+1","Corruption","Flame Barrier","Necronomicurse","Heavy Blade+1"],"special_seed":0,"relics":["Burning Blood","NeowsBlessing","Centennial Puzzle","MawBank","Bag of Marbles","War Paint","Velvet Choker","Necronomicon","Red Mask","Gambling Chip","Question Card"],"potions_floor_usage":[23,27],"damage_taken":[{"damage":0.0,"enemies":"Jaw Worm","floor":1.0,"turns":1.0},{"damage":0.0,"enemies":"2 Louse","floor":4.0,"turns":1.0},{"damage":0.0,"enemies":"Lagavulin","floor":6.0,"turns":1.0},{"damage":5.0,"enemies":"Cultist","floor":7.0,"turns":4.0},{"damage":8.0,"enemies":"Blue Slaver","floor":8.0,"turns":6.0},{"damage":24.0,"enemies":"3 Sentries","floor":10.0,"turns":7.0},{"damage":41.0,"enemies":"Lagavulin","floor":12.0,"turns":10.0},{"damage":6.0,"enemies":"Looter","floor":14.0,"turns":3.0},{"damage":27.0,"enemies":"Slime Boss","floor":16.0,"turns":8.0},{"damage":3.0,"enemies":"Chosen","floor":18.0,"turns":4.0},{"damage":8.0,"enemies":"Spheric Guardian","floor":20.0,"turns":5.0},{"damage":3.0,"enemies":"Masked Bandits","floor":22.0,"turns":3.0},{"damage":11,"enemies":"Book of Stabbing","floor":23,"turns":4},{"damage":4,"enemies":"Chosen and Byrds","floor":25,"turns":5},{"damage":61,"enemies":"Gremlin Leader","floor":27,"turns":5}],"seed_played":"-2959140757475420890","potions_obtained":[{"floor":4.0,"key":"EssenceOfSteel"},{"floor":6.0,"key":"Explosive Potion"},{"floor":10.0,"key":"Explosive Potion"},{"floor":14.0,"key":"Regen Potion"},{"floor":16.0,"key":"Fire Potion"},{"floor":18.0,"key":"LiquidBronze"},{"floor":22.0,"key":"Regen Potion"}],"is_trial":false,"path_per_floor":["M","?","?","M","?","E","M","M","T","E","R","E","R","M","R","B",null,"M","$","M","?","?","E","R","M","T","E"],"character_chosen":"IRONCLAD","items_purchased":["Corruption","Flame Barrier"],"campfire_rested":0,"item_purchase_floors":[19,19],"current_hp_per_floor":[74,67,67,73,73,75,75,73,73,55,55,20,20,20,20,14,60,63,63,61,40,43,50,50,52,52,0],"gold":435,"neow_bonus":"THREE_ENEMY_KILL","is_prod":false,"is_daily":false,"chose_seed":false,"campfire_upgraded":4,"win_rate":0,"timestamp":1549113962,"path_taken":["M","?","?","?","?","E","M","M","T","E","R","E","R","M","R","BOSS","M","$","M","?","?","E","R","M","T","E"],"build_version":"2019-01-23","purchased_purges":1,"victory":false,"max_hp_per_floor":[75,75,75,75,75,75,75,75,75,75,75,75,75,75,75,75,75,75,75,75,75,75,75,75,75,75,75],"card_choices":[{"not_picked":["Headbutt","Wild Strike","Sentinel"],"picked":"SKIP","floor":1.0},{"not_picked":["Warcry","Twin Strike"],"picked":"Combust","floor":4.0},{"not_picked":["Second Wind","Iron Wave"],"picked":"Feel No Pain","floor":6.0},{"not_picked":["Sword Boomerang","Metallicize"],"picked":"Flame Barrier","floor":7.0},{"not_picked":["Seeing Red","Warcry"],"picked":"Body Slam","floor":8.0},{"not_picked":["Thunderclap","Flame Barrier"],"picked":"True Grit","floor":10.0},{"not_picked":["Whirlwind","Thunderclap","Perfected Strike"],"picked":"SKIP","floor":12.0},{"not_picked":["Blood for Blood","Thunderclap","Infernal Blade"],"picked":"SKIP","floor":14.0},{"not_picked":["Feed","Offering"],"picked":"Fiend Fire","floor":16.0},{"not_picked":["Havoc","Twin Strike","Rupture"],"picked":"SKIP","floor":18.0},{"not_picked":["Perfected Strike","Flex","Iron Wave"],"picked":"SKIP","floor":20.0},{"not_picked":["Second Wind","Combust"],"picked":"Heavy Blade+1","floor":22.0},{"not_picked":["Bloodletting","Intimidate","Whirlwind"],"picked":"SKIP","floor":23},{"not_picked":["Dual Wield","Thunderclap","Iron Wave"],"picked":"SKIP","floor":25}],"player_experience":1071222,"relics_obtained":[{"floor":6.0,"key":"Centennial Puzzle"},{"floor":9.0,"key":"MawBank"},{"floor":10.0,"key":"Bag of Marbles"},{"floor":12.0,"key":"War Paint"},{"floor":21.0,"key":"Necronomicon"},{"floor":22.0,"key":"Red Mask"},{"floor":23,"key":"Gambling Chip"},{"floor":26,"key":"Question Card"}],"event_choices":[{"cards_removed":["Strike_R"],"damage_healed":0.0,"max_hp_gain":0.0,"max_hp_loss":0.0,"gold_gain":0.0,"event_name":"Golden Wing","player_choice":"Card Removal","floor":2.0,"gold_loss":0.0,"damage_taken":7.0},{"damage_healed":0.0,"max_hp_gain":0.0,"max_hp_loss":0.0,"gold_gain":0.0,"event_name":"Upgrade Shrine","player_choice":"Upgraded","floor":3.0,"gold_loss":0.0,"damage_taken":0.0,"cards_upgraded":["Bash"]},{"damage_healed":0.0,"max_hp_gain":0.0,"max_hp_loss":0.0,"gold_gain":0.0,"event_name":"Liars Game","player_choice":"Ignored","floor":5.0,"gold_loss":0.0,"damage_taken":0.0},{"damage_healed":0.0,"max_hp_gain":0.0,"max_hp_loss":0.0,"gold_gain":0.0,"event_name":"Cursed Tome","player_choice":"Obtained Book","floor":21.0,"gold_loss":0.0,"damage_taken":21.0},{"damage_healed":0.0,"max_hp_gain":0.0,"max_hp_loss":0.0,"gold_gain":0.0,"event_name":"Masked Bandits","player_choice":"Fought Bandits","floor":22.0,"gold_loss":0.0,"damage_taken":0.0}],"is_beta":true,"boss_relics":[{"not_picked":["Calling Bell","Philosopher\u0027s Stone"],"picked":"Velvet Choker"}],"items_purged_floors":[19],"is_endless":false,"potions_floor_spawned":[4,6,10,14,16,18,22],"killed_by":"Gremlin Leader","ascension_level":20}