{"gold_per_floor":[211,231,251,11,11,11,46,57,84,98,373,373,390,418,418,495,495,509,528,528,528,528,528,528],"floor_reached":24,"playtime":977,"items_purged":["Strike_B"],"score":462,"play_id":"a9c1f024-392a-4583-b35a-f70653027b8c","local_time":"20190208232909","is_ascension_mode":true,"campfire_choices":[{"data":"Zap","floor":6.0,"key":"SMITH"},{"data":"Genetic Algorithm","floor":12.0,"key":"SMITH"},{"data":"Electrodynamics","floor":15.0,"key":"SMITH"},{"floor":23.0,"key":"REST"}],"neow_cost":"NONE","seed_source_timestamp":1403521638673326,"circlet_count":0,"master_deck":["AscendersBane","Strike_B","Strike_B","Strike_B","Defend_B","Defend_B","Defend_B","Defend_B","Zap+1","Dualcast","BootSequence","Ball Lightning","Glacier","Self Repair","Genetic Algorithm+1","Ball Lightning","Electrodynamics+1","Conserve Battery","Rainbow","Gash","Glacier"],"special_seed":0,"relics":["Cracked Core","Orichalcum","Bag of Preparation","Ancient Tea Set","Singing Bowl","Calling Bell","Anchor","Shuriken","Du-Vu Doll"],"potions_floor_usage":[24,24,24,24],"damage_taken":[{"damage":0.0,"enemies":"2 Louse","floor":1.0,"turns":2.0},{"damage":0.0,"enemies":"Cultist","floor":2.0,"turns":3.0},{"damage":7.0,"enemies":"Jaw Worm","floor":3.0,"turns":5.0},{"damage":30.0,"enemies":"Lagavulin","floor":7.0,"turns":9.0},{"damage":0.0,"enemies":"3 Louse","floor":8.0,"turns":5.0},{"damage":1.0,"enemies":"Lots of Slimes","floor":10.0,"turns":4.0},{"damage":8.0,"enemies":"Large Slime","floor":13.0,"turns":4.0},{"damage":0.0,"enemies":"3 Sentries","floor":14.0,"turns":3.0},{"damage":46.0,"enemies":"The Guardian","floor":16.0,"turns":13.0},{"damage":17.0,"enemies":"3 Byrds","floor":18.0,"turns":4.0},{"damage":9.0,"enemies":"2 Thieves","floor":19.0,"turns":4.0},{"damage":60,"enemies":"Book of Stabbing","floor":24,"turns":8}],"seed_played":"-8638929240570301425","potions_obtained":[{"floor":2.0,"key":"AttackPotion"},{"floor":3.0,"key":"Fire Potion"},{"floor":7.0,"key":"EntropicBrew"},{"floor":19.0,"key":"Dexterity Potion"}],"is_trial":false,"path_per_floor":["M","M","M","$","?","R","E","M","T","M","?","R","M","E","R","B",null,"M","M","?","?","?","R","E"],"character_chosen":"DEFECT","items_purchased":["Glacier","Self Repair"],"campfire_rested":1,"item_purchase_floors":[4,4],"current_hp_per_floor":[64,64,57,57,57,57,34,41,41,47,47,47,46,53,53,14,57,40,38,38,38,38,59,14],"gold":528,"neow_bonus":"HUNDRED_GOLD","is_prod":false,"is_daily":false,"chose_seed":false,"campfire_upgraded":3,"win_rate":0,"timestamp":1549697349,"path_taken":["M","M","M","$","?","R","E","?","T","M","?","R","M","E","R","BOSS","M","M","?","?","?","R","E"],"build_version":"2019-02-06","purchased_purges":1,"victory":false,"max_hp_per_floor":[71,71,71,71,71,71,71,71,71,71,71,71,71,71,71,71,71,71,71,71,71,71,71,71],"card_choices":[{"not_picked":["Compile Driver","Steam","Turbo"],"picked":"SKIP","floor":1.0},{"not_picked":["Heatsinks","Go for the Eyes"],"picked":"BootSequence","floor":2.0},{"not_picked":["Rebound","Compile Driver"],"picked":"Ball Lightning","floor":3.0},{"not_picked":["Sweeping Beam","Lockon","Barrage"],"picked":"SKIP","floor":7.0},{"not_picked":["Go for the Eyes","Scrape"],"picked":"Genetic Algorithm","floor":8.0},{"not_picked":["Gash","Melter"],"picked":"Ball Lightning","floor":10.0},{"not_picked":["Genetic Algorithm","Leap"],"picked":"Electrodynamics","floor":13.0},{"not_picked":["Force Field","Hyperbeam"],"picked":"Conserve Battery","floor":14.0},{"not_picked":["Multi-Cast","Hyperbeam"],"picked":"Rainbow","floor":16.0},{"not_picked":["Redo+1","Leap"],"picked":"Gash","floor":18.0},{"not_picked":["Scrape","Rebound"],"picked":"Glacier","floor":19.0}],"player_experience":1112483,"relics_obtained":[{"floor":7.0,"key":"Bag of Preparation"},{"floor":9.0,"key":"Ancient Tea Set"},{"floor":14.0,"key":"Singing Bowl"},{"floor":17.0,"key":"Anchor"},{"floor":17.0,"key":"Shuriken"},{"floor":17.0,"key":"Du-Vu Doll"}],"event_choices":[{"damage_healed":0.0,"max_hp_gain":0.0,"max_hp_loss":0.0,"gold_gain":0.0,"event_name":"WeMeetAgain","player_choice":"Gave Potion","floor":5.0,"gold_loss":0.0,"damage_taken":0.0,"relics_obtained":["Orichalcum"]},{"damage_healed":0.0,"max_hp_gain":0.0,"max_hp_loss":0.0,"gold_gain":275.0,"event_name":"Golden Shrine","player_choice":"Desecrate","floor":11.0,"gold_loss":0.0,"damage_taken":0.0,"cards_obtained":["Regret"]},{"damage_healed":0.0,"max_hp_gain":0.0,"max_hp_loss":0.0,"gold_gain":0.0,"event_name":"Ghosts","player_choice":"Ignored","floor":20.0,"gold_loss":0.0,"damage_taken":0.0},{"damage_healed":0.0,"max_hp_gain":0.0,"max_hp_loss":0.0,"gold_gain":0.0,"event_name":"Forgotten Altar","player_choice":"Smashed Altar","floor":21.0,"gold_loss":0.0,"damage_taken":0.0,"cards_obtained":["Decay"]},{"cards_removed":["Decay","Clumsy","Regret","Regret","Regret"],"damage_healed":0.0,"max_hp_gain":0.0,"max_hp_loss":0.0,"gold_gain":0.0,"event_name":"Fountain of Cleansing","player_choice":"Removed Curses","floor":22.0,"gold_loss":0.0,"damage_taken":0.0}],"is_beta":true,"boss_relics":[{"not_picked":["Eternal Feather","Fusion Hammer"],"picked":"Calling Bell"}],"items_purged_floors":[4],"is_endless":false,"potions_floor_spawned":[2,3,7,13,19],"killed_by":"Book of Stabbing","ascension_level":20}