{"gold_per_floor":[109,128,142,142,11,11,45,61,115,126,126,126],"floor_reached":12,"playtime":473,"items_purged":["Strike_R"],"score":144,"play_id":"f33ab293-0dfe-4756-b174-4ba8922cb5e8","local_time":"20190422130027","is_ascension_mode":true,"campfire_choices":[{"data":"Bash","floor":6,"key":"SMITH"},{"floor":11,"key":"REST"}],"neow_cost":"NONE","seed_source_timestamp":835940576827500,"circlet_count":0,"master_deck":["AscendersBane","Strike_R","Strike_R","Strike_R","Defend_R","Defend_R","Defend_R","Defend_R","Bash+1","Heavy Blade","Shrug It Off","Armaments","Feel No Pain","True Grit"],"relics":["Burning Blood","NeowsBlessing","Darkstone Periapt","Orichalcum"],"potions_floor_usage":[8,10],"damage_taken":[{"damage":0,"enemies":"Cultist","floor":1,"turns":1},{"damage":0,"enemies":"2 Louse","floor":2,"turns":1},{"damage":0,"enemies":"Jaw Worm","floor":3,"turns":1},{"damage":64,"enemies":"3 Sentries","floor":7,"turns":15},{"damage":0,"enemies":"3 Louse","floor":8,"turns":4},{"damage":5,"enemies":"Exordium Thugs","floor":10,"turns":5},{"damage":46,"enemies":"Gremlin Nob","floor":12,"turns":5}],"seed_played":"9031092510865629356","potions_obtained":[{"floor":7,"key":"Energy Potion"},{"floor":8,"key":"Explosive Potion"}],"is_trial":false,"path_per_floor":["M","M","M","?","$","R","E","M","T","M","R","E"],"character_chosen":"IRONCLAD","items_purchased":["Shrug It Off"],"campfire_rested":1,"item_purchase_floors":[5],"current_hp_per_floor":[74,75,75,68,68,68,10,16,16,17,39,0],"gold":126,"neow_bonus":"THREE_ENEMY_KILL","is_prod":false,"is_daily":false,"chose_seed":false,"campfire_upgraded":1,"win_rate":0,"timestamp":1555930827,"path_taken":["M","M","?","?","$","R","E","M","T","M","R","E"],"build_version":"2019-01-23","purchased_purges":1,"victory":false,"max_hp_per_floor":[75,75,75,75,75,75,75,75,75,75,75,75],"card_choices":[{"not_picked":["Flex","Sentinel"],"picked":"Heavy Blade","floor":1},{"not_picked":["Flex","Rage","Pummel"],"picked":"SKIP","floor":2},{"not_picked":["Cleave","Rampage","Flex"],"picked":"SKIP","floor":3},{"not_picked":["Cleave","Sword Boomerang"],"picked":"Armaments","floor":7},{"not_picked":["Dropkick","Clash"],"picked":"Feel No Pain","floor":8},{"not_picked":["Body Slam","Havoc"],"picked":"True Grit","floor":10}],"player_experience":272668,"relics_obtained":[{"floor":7,"key":"Darkstone Periapt"},{"floor":9,"key":"Orichalcum"}],"event_choices":[{"cards_removed":["Strike_R"],"damage_healed":0,"gold_gain":0,"player_choice":"Card Removal","damage_taken":7,"max_hp_gain":0,"max_hp_loss":0,"event_name":"Golden Wing","floor":4,"gold_loss":0}],"is_beta":false,"boss_relics":[],"items_purged_floors":[5],"is_endless":false,"potions_floor_spawned":[7,8],"killed_by":"Gremlin Nob","ascension_level":16}