{"gold_per_floor":[113,125,125,141,9,9,37,51,51,51,51,62,62,76,76,149,149,168,168,182,20,20,20,49,66,91,16,16,33,67,77,77,156,156,166,88,102,202,202,202,227,246,246,246,260,275,292,320,320,320,320,320,320,80,106,106],"floor_reached":57,"playtime":3214,"items_purged":["Strike_R+1"],"score":2683,"play_id":"b4c2d964-ea9e-4b54-90ec-889563b7d73c","local_time":"20190307015019","is_ascension_mode":true,"campfire_choices":[{"data":"Bash","floor":6.0,"key":"SMITH"},{"data":"Inflame","floor":10.0,"key":"SMITH"},{"data":"True Grit","floor":13.0,"key":"SMITH"},{"data":"Inflame","floor":15.0,"key":"SMITH"},{"data":"Dual Wield","floor":23.0,"key":"SMITH"},{"data":"Limit Break","floor":32.0,"key":"SMITH"},{"data":"Disarm","floor":40.0,"key":"SMITH"},{"floor":44.0,"key":"RECALL"},{"data":"Evolve","floor":49.0,"key":"SMITH"},{"data":"Shrug It Off","floor":53.0,"key":"SMITH"}],"neow_cost":"NONE","seed_source_timestamp":2984172683382305,"circlet_count":0,"master_deck":["AscendersBane","Defend_R+1","Defend_R+1","Defend_R+1","Defend_R+1","Bash+1","Shrug It Off+1","Evolve+1","Anger","Feel No Pain","True Grit+1","Inflame+1","Flame Barrier","Inflame+1","Fiend Fire","Reaper","Dual Wield+1","Spot Weakness","Dropkick","Sword Boomerang","Limit Break+1","Shockwave","Pommel Strike","Exhume","Evolve+1","Disarm+1","Reaper","Exhume","Heavy Blade+1","Uppercut","Corruption","Power Through+1"],"special_seed":0,"relics":["Burning Blood","NeowsBlessing","Question Card","Bottled Tornado","Kunai","Coffee Dripper","Gambling Chip","Lantern","Mark of Pain","Thread and Needle","Mummified Hand","Happy Flower","Bronze Scales","Pen Nib","Vajra"],"potions_floor_usage":[56],"damage_taken":[{"damage":0.0,"enemies":"Cultist","floor":1.0,"turns":1.0},{"damage":0.0,"enemies":"2 Louse","floor":2.0,"turns":1.0},{"damage":0.0,"enemies":"Jaw Worm","floor":4.0,"turns":1.0},{"damage":13.0,"enemies":"3 Sentries","floor":7.0,"turns":10.0},{"damage":1.0,"enemies":"3 Louse","floor":8.0,"turns":5.0},{"damage":8.0,"enemies":"Looter","floor":12.0,"turns":4.0},{"damage":9.0,"enemies":"Exordium Wildlife","floor":14.0,"turns":4.0},{"damage":38.0,"enemies":"Hexaghost","floor":16.0,"turns":9.0},{"damage":18.0,"enemies":"Spheric Guardian","floor":18.0,"turns":7.0},{"damage":17.0,"enemies":"3 Byrds","floor":20.0,"turns":4.0},{"damage":51.0,"enemies":"Slavers","floor":24.0,"turns":5.0},{"damage":2.0,"enemies":"Snecko","floor":25.0,"turns":4.0},{"damage":12.0,"enemies":"Snake Plant","floor":29.0,"turns":5.0},{"damage":48.0,"enemies":"Gremlin Leader","floor":30.0,"turns":7.0},{"damage":16.0,"enemies":"Shelled Parasite and Fungi","floor":31.0,"turns":6.0},{"damage":29.0,"enemies":"Champ","floor":33.0,"turns":7.0},{"damage":18.0,"enemies":"Orb Walker","floor":35.0,"turns":4.0},{"damage":8.0,"enemies":"3 Shapes","floor":37.0,"turns":3.0},{"damage":0.0,"enemies":"Mind Bloom Boss Battle","floor":38.0,"turns":4.0},{"damage":58.0,"enemies":"Nemesis","floor":41.0,"turns":13.0},{"damage":80.0,"enemies":"Spire Growth","floor":42.0,"turns":9.0},{"damage":35.0,"enemies":"3 Darklings","floor":45.0,"turns":6.0},{"damage":9.0,"enemies":"Writhing Mass","floor":46.0,"turns":7.0},{"damage":46.0,"enemies":"Jaw Worm Horde","floor":47.0,"turns":5.0},{"damage":44.0,"enemies":"Giant Head","floor":48.0,"turns":6.0},{"damage":122.0,"enemies":"Donu and Deca","floor":50.0,"turns":8.0},{"damage":64.0,"enemies":"Time Eater","floor":51.0,"turns":8.0},{"damage":32,"enemies":"Shield and Spear","floor":55,"turns":4},{"damage":67,"enemies":"The Heart","floor":56,"turns":8}],"seed_played":"-4899509840707372086","potions_obtained":[{"floor":7.0,"key":"Poison Potion"},{"floor":12.0,"key":"AttackPotion"},{"floor":20.0,"key":"Block Potion"},{"floor":24.0,"key":"Ancient Potion"},{"floor":30.0,"key":"Weak Potion"},{"floor":31.0,"key":"SpeedPotion"},{"floor":33.0,"key":"Dexterity Potion"}],"is_trial":false,"path_per_floor":["M","M","T","M","$","R","E","M","T","R","?","M","R","M","R","B",null,"M","?","M","$","?","R","E","M","T","?","?","M","E","M","R","B",null,"M","$","M","?","?","R","E","M","T","R","M","M","M","E","R","B","B",null,"R","$","E","B",null],"character_chosen":"IRONCLAD","items_purchased":["Feel No Pain","True Grit","Spot Weakness","Disarm","Corruption","Pen Nib"],"campfire_rested":0,"item_purchase_floors":[5,5,21,36,54,54],"current_hp_per_floor":[74,75,75,75,75,75,68,73,73,73,73,71,71,68,68,36,65,53,53,57,57,57,57,12,34,34,34,34,49,75,65,65,66,73,75,75,75,75,75,75,70,75,75,75,75,75,75,75,75,75,75,75,75,75,75,50],"gold":106,"neow_bonus":"THREE_ENEMY_KILL","is_prod":false,"is_daily":false,"chose_seed":false,"campfire_upgraded":9,"win_rate":0,"timestamp":1551952219,"path_taken":["M","?","?","M","?","R","E","M","T","R","?","M","R","M","R","BOSS","M","?","M","$","?","R","E","M","T","?","?","M","E","M","R","BOSS","M","$","M","?","?","R","E","M","T","R","M","M","M","E","R","BOSS","BOSS","R","$","E","BOSS"],"build_version":"2019-02-06","purchased_purges":1,"victory":true,"max_hp_per_floor":[75,75,75,75,75,75,75,75,75,75,75,75,75,75,75,75,75,75,75,75,75,75,75,75,75,75,75,75,75,75,75,75,75,75,75,75,75,75,75,75,75,75,75,75,75,75,75,75,75,75,75,75,75,75,75,75],"card_choices":[{"not_picked":["Twin Strike","Body Slam"],"picked":"Shrug It Off","floor":1.0},{"not_picked":["Iron Wave","Cleave"],"picked":"Evolve","floor":2.0},{"not_picked":["Flex","Burning Pact","Rage"],"picked":"Anger","floor":4.0},{"not_picked":["Corruption","Feel No Pain","True Grit"],"picked":"Inflame","floor":7.0},{"not_picked":["Wild Strike","Clash","Heavy Blade"],"picked":"Flame Barrier","floor":8.0},{"not_picked":["Clash","Armaments","Pommel Strike"],"picked":"Inflame","floor":12.0},{"not_picked":["True Grit","Clothesline","Hemokinesis"],"picked":"Fiend Fire","floor":14.0},{"not_picked":["Juggernaut","Bludgeon","Barricade"],"picked":"Reaper","floor":16.0},{"not_picked":["Havoc","Headbutt","Anger","Heavy Blade"],"picked":"SKIP","floor":18.0},{"not_picked":["Anger+1","Pommel Strike","Headbutt"],"picked":"Dual Wield","floor":20.0},{"not_picked":["Battle Trance","Perfected Strike","Havoc+1"],"picked":"Limit Break","floor":24.0},{"not_picked":["Headbutt","Intimidate","Spot Weakness"],"picked":"Shockwave","floor":25.0},{"not_picked":["Anger","Flex","Heavy Blade"],"picked":"Pommel Strike","floor":29.0},{"not_picked":["Combust","Sever Soul","Reckless Charge","Clothesline"],"picked":"SKIP","floor":30.0},{"not_picked":["True Grit","Fire Breathing","Perfected Strike","Warcry"],"picked":"SKIP","floor":31.0},{"not_picked":["Juggernaut","Dark Embrace","Berserk"],"picked":"Exhume","floor":33.0},{"not_picked":["Heavy Blade","Thunderclap","Shockwave"],"picked":"Evolve+1","floor":35.0},{"not_picked":["Clash","Iron Wave","Inflame","Body Slam"],"picked":"SKIP","floor":37.0},{"not_picked":["Heavy Blade","Body Slam","Twin Strike"],"picked":"Reaper","floor":41.0},{"not_picked":["Warcry","Pommel Strike","Entrench+1","Searing Blow"],"picked":"SKIP","floor":42.0},{"not_picked":["Havoc","Heavy Blade","Uppercut"],"picked":"Exhume","floor":45.0},{"not_picked":["Wild Strike","Dropkick","Rage","Heavy Blade"],"picked":"SKIP","floor":46.0},{"not_picked":["Heavy Blade+1","Feel No Pain+1","Clash+1","Iron Wave"],"picked":"SKIP","floor":47.0},{"not_picked":["Feel No Pain+1","Clash+1","Iron Wave"],"picked":"Heavy Blade+1","floor":47.0},{"not_picked":["Flex","Uppercut","Entrench+1","Twin Strike"],"picked":"SKIP","floor":48.0},{"not_picked":["Flex","Entrench+1","Twin Strike"],"picked":"Uppercut","floor":48.0},{"not_picked":["Thunderclap","Hemokinesis","Cleave"],"picked":"Power Through+1","floor":55}],"player_experience":1327839,"relics_obtained":[{"floor":3.0,"key":"Question Card"},{"floor":7.0,"key":"Bottled Tornado"},{"floor":9.0,"key":"Kunai"},{"floor":24.0,"key":"Gambling Chip"},{"floor":30.0,"key":"Lantern"},{"floor":38.0,"key":"Thread and Needle"},{"floor":41.0,"key":"Mummified Hand"},{"floor":43.0,"key":"Happy Flower"},{"floor":48.0,"key":"Bronze Scales"},{"floor":55,"key":"Vajra"}],"event_choices":[{"cards_removed":["Strike_R"],"damage_healed":0.0,"max_hp_gain":0.0,"max_hp_loss":0.0,"gold_gain":0.0,"event_name":"Bonfire Elementals","player_choice":"Offered Basic","floor":11.0,"gold_loss":0.0,"damage_taken":0.0},{"damage_healed":0.0,"max_hp_gain":0.0,"max_hp_loss":0.0,"gold_gain":0.0,"event_name":"Back to Basics","player_choice":"Simplicity","floor":19.0,"gold_loss":0.0,"damage_taken":0.0,"cards_upgraded":["Strike_R","Strike_R","Strike_R","Strike_R","Defend_R","Defend_R","Defend_R","Defend_R"]},{"damage_healed":0.0,"max_hp_gain":0.0,"max_hp_loss":0.0,"gold_gain":0.0,"cards_transformed":["Strike_R","Strike_R"],"event_name":"Drug Dealer","player_choice":"Became Test Subject","floor":22.0,"gold_loss":0.0,"damage_taken":0.0,"cards_obtained":["Dropkick","Sword Boomerang"]},{"cards_removed":["Strike_R"],"damage_healed":0.0,"max_hp_gain":0.0,"max_hp_loss":0.0,"gold_gain":0.0,"event_name":"Beggar","player_choice":"Gave Gold","floor":27.0,"gold_loss":75.0,"damage_taken":0.0},{"damage_healed":0.0,"max_hp_gain":0.0,"max_hp_loss":0.0,"gold_gain":0.0,"event_name":"Vampires","player_choice":"Ignored","floor":28.0,"gold_loss":0.0,"damage_taken":0.0},{"damage_healed":0.0,"max_hp_gain":0.0,"max_hp_loss":0.0,"gold_gain":0.0,"event_name":"MindBloom","player_choice":"Fight","floor":38.0,"gold_loss":0.0,"damage_taken":0.0},{"damage_healed":0.0,"max_hp_gain":0.0,"max_hp_loss":0.0,"gold_gain":0.0,"event_name":"Tomb of Lord Red Mask","player_choice":"Ignored","floor":39.0,"gold_loss":0.0,"damage_taken":0.0}],"is_beta":true,"boss_relics":[{"not_picked":["Busted Crown","Velvet Choker"],"picked":"Coffee Dripper"},{"not_picked":["Snecko Eye","Lizard Tail"],"picked":"Mark of Pain"}],"items_purged_floors":[21],"is_endless":false,"potions_floor_spawned":[7,12,20,24,30,31,33,38,46,47],"ascension_level":20}