{"gold_per_floor":[212,225,225,4,4,4,26,55,55,88,44,119,133,159,159,235,235,248,266,33,33,62,62,87,87,87,116,131,131,146,5,5,82,82,94,145,156,4,4,4],"floor_reached":40,"playtime":1971,"items_purged":["Bite"],"score":951,"play_id":"6d93eb18-566e-469c-a65a-7ab01c88b395","local_time":"20190122181230","is_ascension_mode":true,"campfire_choices":[{"data":"Bash","floor":6.0,"key":"SMITH"},{"data":"Armaments","floor":15.0,"key":"SMITH"},{"data":"Demon Form","floor":23.0,"key":"SMITH"},{"data":"Fiend Fire","floor":25.0,"key":"SMITH"},{"data":"Offering","floor":32.0,"key":"SMITH"}],"neow_cost":"NONE","seed_source_timestamp":337444144693116,"circlet_count":0,"master_deck":["AscendersBane","Defend_R","Defend_R","Defend_R","Defend_R","Bash+1","Uppercut","Reaper","Anger","Armaments+1","Sever Soul","Clothesline","Demon Form+1","Fiend Fire+1","Power Through","Sword Boomerang","True Grit","Bite","Bite","Bite","Bite","Feel No Pain","Offering+1","Spot Weakness","Reaper","Heavy Blade","Battle Trance","Enlightenment"],"special_seed":0,"relics":["Burning Blood","Pocketwatch","Odd Mushroom","PreservedInsect","The Courier","Juzu Bracelet","Self Forming Clay","Velvet Choker","Membership Card","Bag of Preparation","Red Mask","Centennial Puzzle","Bag of Marbles","Regal Pillow","Runic Dome","Shovel","Vajra"],"potions_floor_usage":[],"damage_taken":[{"damage":18.0,"enemies":"Small Slimes","floor":1.0,"turns":6.0},{"damage":10.0,"enemies":"2 Louse","floor":2.0,"turns":4.0},{"damage":27.0,"enemies":"The Mushroom Lair","floor":7.0,"turns":5.0},{"damage":8.0,"enemies":"Gremlin Nob","floor":8.0,"turns":3.0},{"damage":10.0,"enemies":"Lagavulin","floor":10.0,"turns":4.0},{"damage":2.0,"enemies":"Jaw Worm","floor":13.0,"turns":3.0},{"damage":15.0,"enemies":"3 Sentries","floor":14.0,"turns":5.0},{"damage":26.0,"enemies":"Hexaghost","floor":16.0,"turns":10.0},{"damage":0.0,"enemies":"Chosen","floor":18.0,"turns":5.0},{"damage":25.0,"enemies":"2 Thieves","floor":19.0,"turns":5.0},{"damage":21.0,"enemies":"Masked Bandits","floor":22.0,"turns":4.0},{"damage":12.0,"enemies":"Slavers","floor":24.0,"turns":5.0},{"damage":0.0,"enemies":"Gremlin Leader","floor":27.0,"turns":4.0},{"damage":8.0,"enemies":"Centurion and Healer","floor":28.0,"turns":4.0},{"damage":8.0,"enemies":"Snecko","floor":30.0,"turns":5.0},{"damage":77.0,"enemies":"Automaton","floor":33.0,"turns":9.0},{"damage":40.0,"enemies":"3 Darklings","floor":35.0,"turns":7.0},{"damage":18,"enemies":"2 Orb Walkers","floor":36,"turns":3},{"damage":41,"enemies":"3 Shapes","floor":37,"turns":9},{"damage":60,"enemies":"Giant Head","floor":40,"turns":5}],"seed_played":"-8747436587949396635","potions_obtained":[{"floor":2.0,"key":"Dexterity Potion"},{"floor":7.0,"key":"Fire Potion"},{"floor":16.0,"key":"FearPotion"},{"floor":19.0,"key":"SkillPotion"},{"floor":27.0,"key":"SteroidPotion"},{"floor":28.0,"key":"Dexterity Potion"},{"floor":36,"key":"Ancient Potion"}],"is_trial":false,"path_per_floor":["?","?","?","$","?","?","?","?","?","?"],"character_chosen":"IRONCLAD","items_purchased":["Reaper","AttackPotion","Armaments","Membership Card","Bag of Preparation","Offering","Spot Weakness","Vajra","Heavy Blade","Battle Trance","Enlightenment"],"campfire_rested":0,"item_purchase_floors":[4,4,11,20,20,31,31,38,38,38,38],"current_hp_per_floor":[56,52,52,52,52,52,43,41,41,37,37,26,30,33,33,20,61,67,52,52,52,51,51,53,53,53,69,75,52,52,52,52,29,46,52,50,52,52,52,0],"gold":4,"neow_bonus":"HUNDRED_GOLD","is_prod":false,"is_daily":false,"chose_seed":false,"campfire_upgraded":5,"win_rate":0,"timestamp":1548209550,"path_taken":["M","M","?","$","?","R","?","E","T","E","?","?","M","E","R","BOSS","M","M","$","?","?","R","E","R","T","E","M","?","M","$","R","BOSS","M","?","M","$","?","E"],"build_version":"2019-01-20","purchased_purges":1,"victory":false,"max_hp_per_floor":[75,75,75,75,75,75,75,75,75,75,75,75,75,75,75,75,75,75,75,75,75,75,75,75,75,75,75,75,52,52,52,52,52,52,52,52,52,52,52,52],"card_choices":[{"not_picked":["Thunderclap","Pommel Strike"],"picked":"Iron Wave","floor":1.0},{"not_picked":["Rampage","Sever Soul"],"picked":"Uppercut","floor":2.0},{"not_picked":["Warcry","Iron Wave"],"picked":"Anger","floor":7.0},{"not_picked":["Ghostly Armor","Sever Soul","Cleave"],"picked":"SKIP","floor":8.0},{"not_picked":["Heavy Blade","Iron Wave","Carnage"],"picked":"SKIP","floor":10.0},{"not_picked":["Twin Strike","Brutality"],"picked":"Sever Soul","floor":13.0},{"not_picked":["Searing Blow","Pommel Strike"],"picked":"Clothesline","floor":14.0},{"not_picked":["Limit Break","Dark Embrace"],"picked":"Demon Form","floor":16.0},{"not_picked":["Rupture","Warcry","Rage"],"picked":"SKIP","floor":18.0},{"not_picked":["Uppercut","Cleave","Searing Blow"],"picked":"SKIP","floor":19.0},{"not_picked":["Clash","Fire Breathing"],"picked":"Sword Boomerang","floor":22.0},{"not_picked":["Clothesline","Sword Boomerang","True Grit"],"picked":"SKIP","floor":24.0},{"not_picked":["Clothesline","Sword Boomerang"],"picked":"True Grit","floor":24.0},{"not_picked":["Twin Strike","Metallicize","Headbutt"],"picked":"SKIP","floor":27.0},{"not_picked":["Metallicize","Ghostly Armor+1","Wild Strike"],"picked":"SKIP","floor":28.0},{"not_picked":["Wild Strike","Evolve"],"picked":"Feel No Pain","floor":30.0},{"not_picked":["Immolate","Demon Form"],"picked":"Reaper","floor":33.0},{"not_picked":["Intimidate","Wild Strike+1","Iron Wave"],"picked":"SKIP","floor":35.0},{"not_picked":["Havoc","Barricade","Clash"],"picked":"SKIP","floor":37}],"player_experience":1011688,"relics_obtained":[{"floor":7.0,"key":"Odd Mushroom"},{"floor":8.0,"key":"PreservedInsect"},{"floor":9.0,"key":"The Courier"},{"floor":10.0,"key":"Juzu Bracelet"},{"floor":14.0,"key":"Self Forming Clay"},{"floor":22.0,"key":"Red Mask"},{"floor":24.0,"key":"Centennial Puzzle"},{"floor":26.0,"key":"Bag of Marbles"},{"floor":27.0,"key":"Regal Pillow"},{"floor":36,"key":"Shovel"}],"event_choices":[{"damage_healed":0.0,"max_hp_gain":0.0,"max_hp_loss":0.0,"gold_gain":0.0,"event_name":"Big Fish","player_choice":"Box","floor":3.0,"gold_loss":0.0,"damage_taken":0.0,"relics_obtained":["Pocketwatch"],"cards_obtained":["Regret"]},{"cards_removed":["Regret"],"damage_healed":0.0,"max_hp_gain":0.0,"max_hp_loss":0.0,"gold_gain":0.0,"event_name":"Living Wall","player_choice":"Forget","floor":5.0,"gold_loss":0.0,"damage_taken":0.0},{"damage_healed":0.0,"max_hp_gain":0.0,"max_hp_loss":0.0,"gold_gain":0.0,"event_name":"Mushrooms","player_choice":"Fought Mushrooms","floor":7.0,"gold_loss":0.0,"damage_taken":0.0},{"damage_healed":0.0,"max_hp_gain":0.0,"max_hp_loss":0.0,"gold_gain":75.0,"event_name":"World of Goop","player_choice":"Gather Gold","floor":12.0,"gold_loss":0.0,"damage_taken":11.0},{"damage_healed":0.0,"max_hp_gain":0.0,"max_hp_loss":0.0,"gold_gain":0.0,"event_name":"Match and Keep!","player_choice":"2 cards matched","floor":21.0,"gold_loss":0.0,"damage_taken":0.0,"cards_obtained":["Fiend Fire","Power Through"]},{"damage_healed":0.0,"max_hp_gain":0.0,"max_hp_loss":0.0,"gold_gain":0.0,"event_name":"Masked Bandits","player_choice":"Fought Bandits","floor":22.0,"gold_loss":0.0,"damage_taken":0.0},{"damage_healed":0.0,"max_hp_gain":0.0,"max_hp_loss":23.0,"gold_gain":0.0,"event_name":"Vampires","player_choice":"Became a vampire","floor":29.0,"gold_loss":0.0,"damage_taken":0.0,"cards_obtained":["Bite","Bite","Bite","Bite","Bite"]},{"damage_healed":0,"gold_gain":0,"player_choice":"Fight","damage_taken":0,"max_hp_gain":0,"max_hp_loss":0,"event_name":"Mysterious Sphere","floor":36,"gold_loss":0},{"cards_removed":["Iron Wave"],"damage_healed":0,"gold_gain":0,"player_choice":"Removed Attack","damage_taken":0,"max_hp_gain":0,"max_hp_loss":0,"event_name":"Falling","floor":39,"gold_loss":0}],"is_beta":true,"boss_relics":[{"not_picked":["Coffee Dripper","Orrery"],"picked":"Velvet Choker"},{"not_picked":["Cursed Key","Runic Cube"],"picked":"Runic Dome"}],"items_purged_floors":[31],"is_endless":false,"potions_floor_spawned":[2,7,16,19,22,27,28,36,37],"killed_by":"Giant Head","ascension_level":20}