{"gold_per_floor":[218,218,218,242,164,164,203,203,203,216,216,2,2,25,25,123,123,146,166,166,189,210,210,224,224,224,249,280,303,316,337,337,427,427,445,198,217,235,235,235],"floor_reached":40,"playtime":1795,"items_purged":["Strike_B"],"score":874,"play_id":"5e9ebc56-4397-4fe2-8380-c30cee691ed4","local_time":"20190304025418","is_ascension_mode":true,"campfire_choices":[{"data":"Sweeping Beam","floor":6.0,"key":"SMITH"},{"data":"Cold Snap","floor":8.0,"key":"SMITH"},{"data":"Hologram","floor":11.0,"key":"SMITH"},{"data":"Streamline","floor":15.0,"key":"SMITH"},{"data":"Defragment","floor":23.0,"key":"SMITH"},{"floor":32.0,"key":"REST"}],"neow_cost":"NONE","seed_source_timestamp":2843437132826294,"circlet_count":0,"master_deck":["AscendersBane","Strike_B","Strike_B","Strike_B","Defend_B","Defend_B","Defend_B","Defend_B","Zap+1","Dualcast","Hologram+1","Conserve Battery","Sweeping Beam+1","Cold Snap+1","Conserve Battery+1","Glacier+1","Cold Snap","Streamline+1","Core Surge","Capacitor+1","Defragment+1","Turbo+1","Steam Power+1","Ball Lightning","Echo Form","Glacier+1","Electrodynamics","Coolheaded+1","Hologram+1"],"special_seed":0,"relics":["Cracked Core","Golden Idol","Calipers","Toxic Egg 2","Mercury Hourglass","Nuclear Battery","Anchor","Dream Catcher","Sozu","Oddly Smooth Stone"],"potions_floor_usage":[],"damage_taken":[{"damage":14.0,"enemies":"Small Slimes","floor":1.0,"turns":3.0},{"damage":2.0,"enemies":"Jaw Worm","floor":4.0,"turns":3.0},{"damage":18.0,"enemies":"3 Sentries","floor":7.0,"turns":6.0},{"damage":0.0,"enemies":"Cultist","floor":10.0,"turns":3.0},{"damage":8.0,"enemies":"Exordium Thugs","floor":14.0,"turns":4.0},{"damage":19.0,"enemies":"Slime Boss","floor":16.0,"turns":8.0},{"damage":21.0,"enemies":"3 Byrds","floor":18.0,"turns":5.0},{"damage":0.0,"enemies":"Chosen","floor":19.0,"turns":5.0},{"damage":5.0,"enemies":"Shelled Parasite and Fungi","floor":21.0,"turns":8.0},{"damage":0.0,"enemies":"Centurion and Healer","floor":22.0,"turns":10.0},{"damage":9.0,"enemies":"Sentry and Sphere","floor":24.0,"turns":10.0},{"damage":9.0,"enemies":"Chosen and Byrds","floor":27.0,"turns":7.0},{"damage":0.0,"enemies":"Gremlin Leader","floor":28.0,"turns":6.0},{"damage":23.0,"enemies":"Snake Plant","floor":29.0,"turns":5.0},{"damage":0.0,"enemies":"Snecko","floor":30.0,"turns":6.0},{"damage":4.0,"enemies":"Centurion and Healer","floor":31.0,"turns":7.0},{"damage":38.0,"enemies":"Collector","floor":33.0,"turns":14.0},{"damage":4.0,"enemies":"Orb Walker","floor":35.0,"turns":5.0},{"damage":5.0,"enemies":"3 Shapes","floor":37.0,"turns":4.0},{"damage":7.0,"enemies":"Maw","floor":38.0,"turns":10.0},{"damage":16,"enemies":"Nemesis","floor":40,"turns":6}],"seed_played":"261502640711981588","potions_obtained":[{"floor":10.0,"key":"Poison Potion"},{"floor":14.0,"key":"Strength Potion"},{"floor":27.0,"key":"GamblersBrew"},{"floor":29.0,"key":"Dexterity Potion"}],"is_trial":false,"path_per_floor":["M","?","?","M","$","R","E","R","T","M","R","$","T","M","R","B",null,"M","M","?","M","M","R","M","?","T","M","E","M","M","M","R","B",null,"M","$","M","M","?","E"],"character_chosen":"DEFECT","items_purchased":["Conserve Battery","Sweeping Beam","Glacier+1","Chill+1","Cold Snap","Oddly Smooth Stone"],"campfire_rested":1,"item_purchase_floors":[5,5,12,12,12,36],"current_hp_per_floor":[50,50,50,48,48,48,30,30,30,30,30,30,30,22,22,3,49,28,28,28,23,23,23,14,64,64,55,55,32,32,28,47,9,50,46,46,41,34,34,18],"gold":235,"neow_bonus":"HUNDRED_GOLD","is_prod":false,"is_daily":false,"chose_seed":false,"campfire_upgraded":5,"win_rate":0,"timestamp":1551696858,"path_taken":["M","?","?","M","$","R","E","R","T","M","R","$","?","M","R","BOSS","M","?","?","?","?","R","M","?","T","?","E","M","M","M","R","BOSS","M","$","?","M","?","E"],"build_version":"2019-02-06","purchased_purges":1,"victory":false,"max_hp_per_floor":[71,64,64,64,64,64,64,64,64,64,64,64,64,64,64,64,64,64,64,64,64,64,64,64,64,64,64,64,64,64,64,64,64,64,64,64,64,64,64,64],"card_choices":[{"not_picked":["Turbo","Heatsinks","Rebound"],"picked":"SKIP","floor":1.0},{"not_picked":["Stack","Auto Shields"],"picked":"Hologram","floor":4.0},{"not_picked":["Chaos","Hello World"],"picked":"Cold Snap","floor":7.0},{"not_picked":["Hello World","Rebound"],"picked":"Conserve Battery+1","floor":10.0},{"not_picked":["Leap+1","Conserve Battery+1"],"picked":"Streamline","floor":14.0},{"not_picked":["Multi-Cast+1","Buffer"],"picked":"Core Surge","floor":16.0},{"not_picked":["Turbo+1","Hologram+1"],"picked":"Capacitor","floor":18.0},{"not_picked":["Auto Shields+1","Cold Snap","Barrage"],"picked":"SKIP","floor":19.0},{"not_picked":["Conserve Battery+1","Self Repair"],"picked":"Defragment","floor":21.0},{"not_picked":["Chaos+1","Reinforced Body+1"],"picked":"Turbo+1","floor":22.0},{"not_picked":["Rebound","Sweeping Beam"],"picked":"Steam Power+1","floor":24.0},{"not_picked":["Double Energy+1","Gash"],"picked":"Ball Lightning","floor":27.0},{"not_picked":["Melter+1","Steam+1"],"picked":"Echo Form","floor":28.0},{"not_picked":["Steam+1","Stack+1"],"picked":"Glacier+1","floor":29.0},{"not_picked":["Ball Lightning","Barrage","Beam Cell"],"picked":"SKIP","floor":30.0},{"not_picked":["Sunder","Static Discharge","Stack+1"],"picked":"SKIP","floor":31.0},{"not_picked":["Core Surge","Hyperbeam"],"picked":"Electrodynamics","floor":33.0},{"not_picked":["White Noise+1","Conserve Battery+1","BootSequence+1"],"picked":"SKIP","floor":35.0},{"not_picked":["Rip and Tear","Go for the Eyes"],"picked":"Coolheaded+1","floor":37.0},{"not_picked":["Go for the Eyes","FTL+1"],"picked":"Hologram+1","floor":38.0}],"player_experience":1309809,"relics_obtained":[{"floor":7.0,"key":"Calipers"},{"floor":9.0,"key":"Toxic Egg 2"},{"floor":13.0,"key":"Mercury Hourglass"},{"floor":26.0,"key":"Anchor"},{"floor":28.0,"key":"Dream Catcher"}],"event_choices":[{"damage_healed":0.0,"max_hp_gain":0.0,"max_hp_loss":7.0,"gold_gain":0.0,"event_name":"Golden Idol","player_choice":"Lose Max HP","floor":2.0,"gold_loss":0.0,"damage_taken":0.0,"relics_obtained":["Golden Idol"]},{"damage_healed":0.0,"max_hp_gain":0.0,"max_hp_loss":0.0,"gold_gain":0.0,"event_name":"Living Wall","player_choice":"Grow","floor":3.0,"gold_loss":0.0,"damage_taken":0.0,"cards_upgraded":["Zap"]},{"damage_healed":0.0,"max_hp_gain":0.0,"max_hp_loss":0.0,"gold_gain":0.0,"event_name":"Accursed Blacksmith","player_choice":"Forge","floor":20.0,"gold_loss":0.0,"damage_taken":0.0,"cards_upgraded":["Capacitor"]},{"cards_removed":["Chill"],"damage_healed":50.0,"max_hp_gain":0.0,"max_hp_loss":0.0,"gold_gain":0.0,"event_name":"Bonfire Elementals","player_choice":"Offered Uncommon","floor":25.0,"gold_loss":0.0,"damage_taken":0.0},{"damage_healed":0,"gold_gain":0,"player_choice":"Ignored","damage_taken":0,"max_hp_gain":0,"max_hp_loss":0,"event_name":"Mysterious Sphere","floor":39,"gold_loss":0}],"is_beta":true,"boss_relics":[{"not_picked":["Fusion Hammer","FrozenCore"],"picked":"Nuclear Battery"},{"not_picked":["Orrery","Tiny House"],"picked":"Sozu"}],"items_purged_floors":[36],"is_endless":false,"potions_floor_spawned":[10,14,18,19,27,29,31,33,37,38],"killed_by":"Nemesis","ascension_level":20}