{"gold_per_floor":[113,73,73,93,168,198,198,223,248,261,280,161,161,177,177,251,251,266,191,191,191,206,236,236,268,295,308,23,23,37,49,49,123,123,137,137,137,29,43,43,68,87,111,137,137,237,237,269,269,269,269,269,269,31,31],"floor_reached":55,"playtime":4188,"items_purged":["Strike_B"],"score":2002,"play_id":"9eb905d8-3caa-4956-8b6f-7e770ee1c4d5","local_time":"20190212012433","is_ascension_mode":true,"campfire_choices":[{"data":"Zap","floor":7.0,"key":"SMITH"},{"data":"Sweeping Beam","floor":13.0,"key":"SMITH"},{"data":"Static Discharge","floor":15.0,"key":"SMITH"},{"floor":24.0,"key":"REST"},{"data":"Creative AI","floor":29.0,"key":"SMITH"},{"data":"Thunder Strike","floor":32.0,"key":"SMITH"},{"floor":40.0,"key":"RECALL"},{"floor":45.0,"key":"REST"},{"floor":49.0,"key":"REST"},{"floor":53.0,"key":"REST"}],"neow_cost":"NONE","seed_source_timestamp":1590762215629674,"circlet_count":0,"master_deck":["AscendersBane","Zap+1","Dualcast","Cold Snap","Sweeping Beam+1","Cold Snap","Hologram","Static Discharge+1","Capacitor","Echo Form","Core Surge","Recycle","Self Repair","Undo","Ball Lightning","Self Repair","Creative AI+1","Thunder Strike+1","Turbo+1","Coolheaded","Genetic Algorithm","Undo","Buffer","Heatsinks","Go for the Eyes+1","Coolheaded+1"],"special_seed":0,"relics":["Cracked Core","NeowsBlessing","Bag of Marbles","Bottled Flame","Oddly Smooth Stone","Pandora\u0027s Box","Thread and Needle","Omamori","Potion Belt","Membership Card","Fusion Hammer","OrangePellets","Pantograph","Gambling Chip","FossilizedHelix","Strawberry","Torii"],"potions_floor_usage":[55],"damage_taken":[{"damage":0.0,"enemies":"Jaw Worm","floor":1.0,"turns":1.0},{"damage":0.0,"enemies":"Cultist","floor":4.0,"turns":1.0},{"damage":0.0,"enemies":"3 Sentries","floor":6.0,"turns":1.0},{"damage":19.0,"enemies":"Lagavulin","floor":8.0,"turns":7.0},{"damage":1.0,"enemies":"2 Louse","floor":10.0,"turns":2.0},{"damage":5.0,"enemies":"Blue Slaver","floor":11.0,"turns":2.0},{"damage":0.0,"enemies":"Large Slime","floor":14.0,"turns":6.0},{"damage":7.0,"enemies":"Hexaghost","floor":16.0,"turns":8.0},{"damage":17.0,"enemies":"Shell Parasite","floor":18.0,"turns":3.0},{"damage":14.0,"enemies":"3 Byrds","floor":22.0,"turns":2.0},{"damage":13.0,"enemies":"Book of Stabbing","floor":23.0,"turns":2.0},{"damage":27.0,"enemies":"Gremlin Leader","floor":25.0,"turns":8.0},{"damage":16.0,"enemies":"Snake Plant","floor":27.0,"turns":7.0},{"damage":22.0,"enemies":"Shelled Parasite and Fungi","floor":30.0,"turns":8.0},{"damage":10.0,"enemies":"Centurion and Healer","floor":31.0,"turns":13.0},{"damage":51.0,"enemies":"Automaton","floor":33.0,"turns":11.0},{"damage":20.0,"enemies":"3 Shapes","floor":35.0,"turns":5.0},{"damage":5.0,"enemies":"Orb Walker","floor":39.0,"turns":6.0},{"damage":23.0,"enemies":"Nemesis","floor":41.0,"turns":11.0},{"damage":18.0,"enemies":"Spire Growth","floor":42.0,"turns":7.0},{"damage":56.0,"enemies":"Reptomancer","floor":44.0,"turns":10.0},{"damage":0.0,"enemies":"Mind Bloom Boss Battle","floor":46.0,"turns":9.0},{"damage":0.0,"enemies":"Giant Head","floor":48.0,"turns":10.0},{"damage":41.0,"enemies":"Donu and Deca","floor":50.0,"turns":11.0},{"damage":39.0,"enemies":"Awakened One","floor":51.0,"turns":39.0},{"damage":82,"enemies":"Shield and Spear","floor":55,"turns":5}],"seed_played":"3659270270768952509","potions_obtained":[{"floor":2.0,"key":"EntropicBrew"},{"floor":2.0,"key":"Energy Potion"},{"floor":8.0,"key":"Fire Potion"},{"floor":23.0,"key":"SpeedPotion"},{"floor":25.0,"key":"Dexterity Potion"},{"floor":30.0,"key":"EssenceOfSteel"},{"floor":33.0,"key":"FocusPotion"},{"floor":35.0,"key":"Fire Potion"},{"floor":44.0,"key":"Strength Potion"}],"is_trial":false,"path_per_floor":["M","?","$","M","?","E","R","E","T","M","M","$","R","M","R","B",null,"M","?","?","?","M","E","R","E","T","M","$","R","M","M","R","B",null,"M","?","?","$","M","R","E","M","T","E","R","?","?","E","R","B","B",null,"R","$","E"],"character_chosen":"DEFECT","items_purchased":["Capacitor","Membership Card","Coolheaded","Genetic Algorithm","Weak Potion","OrangePellets","Torii","SpeedPotion","GamblersBrew"],"campfire_rested":4,"item_purchase_floors":[12,28,28,28,28,38,54,54,54],"current_hp_per_floor":[64,64,64,64,53,53,53,34,34,33,28,28,28,28,28,21,59,42,42,42,42,28,29,50,44,44,56,56,56,48,66,66,29,61,55,55,55,55,71,71,69,71,71,43,64,71,71,78,78,58,67,75,78,78,0],"gold":31,"neow_bonus":"THREE_ENEMY_KILL","is_prod":false,"is_daily":false,"chose_seed":false,"campfire_upgraded":5,"win_rate":0,"timestamp":1549963473,"path_taken":["M","?","?","M","?","E","R","E","T","M","M","$","R","?","R","BOSS","M","?","?","?","?","E","R","E","T","M","$","R","M","M","R","BOSS","M","?","?","$","M","R","E","?","T","E","R","?","?","E","R","BOSS","BOSS","R","$","E"],"build_version":"2019-02-06","purchased_purges":1,"victory":false,"max_hp_per_floor":[71,71,71,71,71,71,71,71,71,71,71,71,71,71,71,71,71,71,71,71,71,71,71,71,71,71,71,71,71,71,71,71,71,71,71,71,71,71,71,71,71,71,71,71,71,71,71,78,78,78,78,78,78,78,78],"card_choices":[{"not_picked":["Redo","Storm"],"picked":"Cold Snap","floor":1.0},{"not_picked":["Redo","Fusion"],"picked":"Sweeping Beam","floor":4.0},{"not_picked":["Self Repair","Melter"],"picked":"Cold Snap","floor":6.0},{"not_picked":["Skim","Melter","Redo"],"picked":"SKIP","floor":8.0},{"not_picked":["Go for the Eyes","Skim"],"picked":"Hologram","floor":10.0},{"not_picked":["Stack","Beam Cell"],"picked":"Static Discharge","floor":11.0},{"not_picked":["Barrage","Fusion"],"picked":"Echo Form","floor":14.0},{"not_picked":["Machine Learning","All For One"],"picked":"Core Surge","floor":16.0},{"not_picked":["Turbo","Rebound"],"picked":"Self Repair","floor":18.0},{"not_picked":["Cold Snap","Streamline","Stack"],"picked":"SKIP","floor":22.0},{"not_picked":["Cold Snap","Recycle","Tempest"],"picked":"SKIP","floor":23.0},{"not_picked":["Sweeping Beam","Conserve Battery"],"picked":"Thunder Strike","floor":25.0},{"not_picked":["Streamline","Gash"],"picked":"Turbo+1","floor":27.0},{"not_picked":["Rebound","Beam Cell+1"],"picked":"Undo","floor":30.0},{"not_picked":["Leap","Multi-Cast","Turbo"],"picked":"SKIP","floor":31.0},{"not_picked":["All For One","Meteor Strike"],"picked":"Buffer","floor":33.0},{"not_picked":["Skim","Sunder","White Noise"],"picked":"SKIP","floor":35.0},{"not_picked":["Gash","Darkness"],"picked":"Heatsinks","floor":39.0},{"not_picked":["Beam Cell","Lockon"],"picked":"Go for the Eyes+1","floor":41.0},{"not_picked":["Steam Power","Conserve Battery"],"picked":"Coolheaded+1","floor":42.0},{"not_picked":["Gash+1","Storm","Barrage+1"],"picked":"SKIP","floor":44.0},{"not_picked":["Static Discharge","Multi-Cast","Double Energy"],"picked":"SKIP","floor":48.0}],"player_experience":1136241,"relics_obtained":[{"floor":6.0,"key":"Bag of Marbles"},{"floor":8.0,"key":"Bottled Flame"},{"floor":9.0,"key":"Oddly Smooth Stone"},{"floor":23.0,"key":"Thread and Needle"},{"floor":25.0,"key":"Omamori"},{"floor":26.0,"key":"Potion Belt"},{"floor":41.0,"key":"Pantograph"},{"floor":44.0,"key":"Gambling Chip"},{"floor":46.0,"key":"FossilizedHelix"},{"floor":48.0,"key":"Strawberry"}],"event_choices":[{"damage_healed":0.0,"max_hp_gain":0.0,"max_hp_loss":0.0,"gold_gain":0.0,"event_name":"The Woman in Blue","player_choice":"Bought 3 Potions","floor":2.0,"gold_loss":0.0,"damage_taken":0.0},{"damage_healed":0.0,"max_hp_gain":0.0,"max_hp_loss":0.0,"gold_gain":75.0,"event_name":"World of Goop","player_choice":"Gather Gold","floor":5.0,"gold_loss":0.0,"damage_taken":11.0},{"cards_removed":["Recycle"],"damage_healed":0.0,"max_hp_gain":0.0,"max_hp_loss":0.0,"gold_gain":0.0,"event_name":"Beggar","player_choice":"Gave Gold","floor":19.0,"gold_loss":75.0,"damage_taken":0.0},{"cards_removed":["FTL"],"damage_healed":0.0,"max_hp_gain":0.0,"max_hp_loss":0.0,"gold_gain":0.0,"event_name":"Back to Basics","player_choice":"Elegance","floor":20.0,"gold_loss":0.0,"damage_taken":0.0},{"damage_healed":0.0,"max_hp_gain":0.0,"max_hp_loss":0.0,"gold_gain":0.0,"cards_transformed":["Go for the Eyes"],"event_name":"Transmorgrifier","player_choice":"Transformed","floor":21.0,"gold_loss":0.0,"damage_taken":0.0,"cards_obtained":["Creative AI"]},{"damage_healed":0.0,"max_hp_gain":0.0,"max_hp_loss":0.0,"gold_gain":0.0,"event_name":"Tomb of Lord Red Mask","player_choice":"Ignored","floor":36.0,"gold_loss":0.0,"damage_taken":0.0},{"damage_healed":0.0,"max_hp_gain":0.0,"max_hp_loss":0.0,"gold_gain":0.0,"event_name":"SecretPortal","player_choice":"Ignored","floor":37.0,"gold_loss":0.0,"damage_taken":0.0},{"damage_healed":0.0,"max_hp_gain":0.0,"max_hp_loss":0.0,"gold_gain":0.0,"event_name":"MindBloom","player_choice":"Fight","floor":46.0,"gold_loss":0.0,"damage_taken":0.0},{"damage_healed":0.0,"max_hp_gain":0.0,"max_hp_loss":0.0,"gold_gain":0.0,"event_name":"Mysterious Sphere","player_choice":"Ignored","floor":47.0,"gold_loss":0.0,"damage_taken":0.0}],"is_beta":true,"boss_relics":[{"not_picked":["Black Star","Tiny House"],"picked":"Pandora\u0027s Box"},{"not_picked":["Eternal Feather","Empty Cage"],"picked":"Fusion Hammer"}],"items_purged_floors":[12],"is_endless":false,"potions_floor_spawned":[6,8,10,16,22,23,25,30,33,35,42,44],"killed_by":"Shield and Spear","ascension_level":20}