{"gold_per_floor":[118,118,135,60,77,77,77,77,77,107,107,133,133,162,162,162],"floor_reached":16,"playtime":443,"items_purged":["Strike_R"],"score":232,"play_id":"6f2fe102-e067-4a15-b87b-dc1b8179f45b","local_time":"20190330030602","is_ascension_mode":true,"campfire_choices":[{"data":"Bash","floor":6.0,"key":"SMITH"},{"data":"Clothesline","floor":8.0,"key":"SMITH"},{"data":"Cleave","floor":11.0,"key":"SMITH"},{"floor":13.0,"key":"REST"},{"floor":15,"key":"REST"}],"neow_cost":"NONE","seed_source_timestamp":8204446779339,"circlet_count":0,"master_deck":["AscendersBane","Strike_R","Strike_R","Strike_R","Defend_R+1","Defend_R","Defend_R","Defend_R+1","Bash+1","Clothesline+1","Cleave+1","Shockwave"],"special_seed":0,"relics":["Burning Blood","WingedGreaves","Pear","Pen Nib","Magic Flower"],"potions_floor_usage":[14],"damage_taken":[{"damage":7.0,"enemies":"Small Slimes","floor":1.0,"turns":4.0},{"damage":3.0,"enemies":"Cultist","floor":3.0,"turns":4.0},{"damage":4.0,"enemies":"2 Louse","floor":5.0,"turns":4.0},{"damage":35.0,"enemies":"Lagavulin","floor":10.0,"turns":8.0},{"damage":24.0,"enemies":"Gremlin Nob","floor":12.0,"turns":4.0},{"damage":19,"enemies":"3 Sentries","floor":14,"turns":7},{"damage":55,"enemies":"Hexaghost","floor":16,"turns":11}],"seed_played":"6835330370925157461","potions_obtained":[{"floor":3.0,"key":"SteroidPotion"},{"floor":14,"key":"Weak Potion"}],"is_trial":false,"path_per_floor":["M","?","M","$","M","R","?","R","T","E","R","E","R","E","R","B"],"character_chosen":"IRONCLAD","items_purchased":[],"campfire_rested":2,"item_purchase_floors":[],"current_hp_per_floor":[74,74,77,77,79,79,54,54,54,35,35,17,44,31,58,3],"gold":162,"neow_bonus":"TEN_PERCENT_HP_BONUS","is_prod":false,"is_daily":false,"chose_seed":false,"campfire_upgraded":3,"win_rate":0,"timestamp":1553940362,"path_taken":["M","?","M","$","?","R","?","R","T","E","R","E","R","E","R","BOSS"],"build_version":"2019-03-15","purchased_purges":1,"victory":false,"max_hp_per_floor":[82,82,82,82,82,82,82,82,82,92,92,92,92,92,92,92],"card_choices":[{"not_picked":["Pummel","Heavy Blade"],"picked":"Clothesline","floor":1.0},{"not_picked":["Thunderclap","Carnage","Entrench"],"picked":"SKIP","floor":3.0},{"not_picked":["Flex","Thunderclap"],"picked":"Cleave","floor":5.0},{"not_picked":["Rupture","Seeing Red"],"picked":"Shockwave","floor":10.0},{"not_picked":["Sword Boomerang","Rage","Rupture"],"picked":"SKIP","floor":12.0},{"not_picked":["Wild Strike","Iron Wave","Dark Embrace"],"picked":"SKIP","floor":14}],"player_experience":1382292,"relics_obtained":[{"floor":9.0,"key":"WingedGreaves"},{"floor":10.0,"key":"Pear"},{"floor":12.0,"key":"Pen Nib"},{"floor":14,"key":"Magic Flower"}],"event_choices":[{"cards_removed":["Strike_R"],"damage_healed":0.0,"max_hp_gain":0.0,"max_hp_loss":0.0,"gold_gain":0.0,"event_name":"Purifier","player_choice":"Purged","floor":2.0,"gold_loss":0.0,"damage_taken":0.0},{"damage_healed":0.0,"max_hp_gain":0.0,"max_hp_loss":0.0,"gold_gain":0.0,"event_name":"Shining Light","player_choice":"Entered Light","floor":7.0,"gold_loss":0.0,"damage_taken":25.0,"cards_upgraded":["Defend_R","Defend_R"]}],"is_beta":true,"boss_relics":[],"items_purged_floors":[4],"is_endless":false,"potions_floor_spawned":[3,14],"killed_by":"Hexaghost","ascension_level":20}