{"gold_per_floor":[112,129,147,162,173,173,173,19,19,46,59,59,59,75,75,150,150,160,160,160,160,76,103,103,116,116,116],"floor_reached":27,"playtime":1158,"items_purged":["Normality"],"score":466,"play_id":"2380d788-a5ef-4147-a272-04b108bd1d9c","local_time":"20190120024825","is_ascension_mode":true,"campfire_choices":[{"data":"Streamline","floor":6.0,"key":"SMITH"},{"data":"Defragment","floor":12.0,"key":"SMITH"},{"floor":15.0,"key":"REST"},{"data":"Seek","floor":24.0,"key":"SMITH"}],"neow_cost":"CURSE","seed_source_timestamp":196782452147227,"circlet_count":0,"master_deck":["AscendersBane","Strike_B","Strike_B","Strike_B","Defend_B","Defend_B","Defend_B","Defend_B","Zap","Dualcast","Glacier","Streamline+1","Echo Form","Defragment+1","Compile Driver","Cold Snap","Seek+1","Self Repair+1","Genetic Algorithm","Force Field","Defragment+1","Writhe","Ghostly","Ghostly","Ghostly","Loop+1"],"special_seed":0,"relics":["Cracked Core","Frozen Egg 2","Happy Flower","Orrery","Letter Opener","Lantern","Darkstone Periapt","Matryoshka"],"potions_floor_usage":[27,27],"damage_taken":[{"damage":6.0,"enemies":"Cultist","floor":1.0,"turns":3.0},{"damage":1.0,"enemies":"2 Louse","floor":2.0,"turns":3.0},{"damage":0.0,"enemies":"Jaw Worm","floor":3.0,"turns":5.0},{"damage":15.0,"enemies":"Exordium Wildlife","floor":4.0,"turns":5.0},{"damage":2.0,"enemies":"Blue Slaver","floor":5.0,"turns":5.0},{"damage":20.0,"enemies":"Lagavulin","floor":10.0,"turns":7.0},{"damage":17.0,"enemies":"Gremlin Gang","floor":11.0,"turns":5.0},{"damage":7.0,"enemies":"Exordium Wildlife","floor":14.0,"turns":3.0},{"damage":7.0,"enemies":"Slime Boss","floor":16.0,"turns":10.0},{"damage":1.0,"enemies":"Spheric Guardian","floor":18.0,"turns":10.0},{"damage":15.0,"enemies":"Book of Stabbing","floor":23.0,"turns":9.0},{"damage":0.0,"enemies":"Chosen","floor":25.0,"turns":6.0},{"damage":56,"enemies":"Gremlin Leader","floor":27,"turns":7}],"seed_played":"-5615260841779635061","potions_obtained":[{"floor":1.0,"key":"Explosive Potion"},{"floor":2.0,"key":"Poison Potion"},{"floor":4.0,"key":"Dexterity Potion"},{"floor":11.0,"key":"Regen Potion"},{"floor":25.0,"key":"Block Potion"}],"is_trial":false,"path_per_floor":["M","M","M","M","M","R","?","$","T","E","M","R","$","M","R","B",null,"M","?","?","T","$","E","R","M","T","E"],"character_chosen":"DEFECT","items_purchased":["Defragment","Loop+1"],"campfire_rested":1,"item_purchase_floors":[8,22],"current_hp_per_floor":[72,71,71,56,54,54,54,54,54,34,17,17,17,10,35,28,71,85,85,42,42,42,27,27,42,42,0],"gold":116,"neow_bonus":"TWENTY_PERCENT_HP_BONUS","is_prod":false,"is_daily":false,"chose_seed":false,"campfire_upgraded":3,"win_rate":0,"timestamp":1547981305,"path_taken":["M","M","M","?","M","R","?","$","T","E","M","R","$","?","R","BOSS","M","?","?","?","$","E","R","M","T","E"],"build_version":"2019-01-19","purchased_purges":1,"victory":false,"max_hp_per_floor":[85,85,85,85,85,85,85,85,85,85,85,85,85,85,85,85,85,85,85,42,42,42,42,42,42,42,42],"card_choices":[{"not_picked":["Steam Power","Storm","Fusion"],"picked":"SKIP","floor":1.0},{"not_picked":["Cold Snap","Redo"],"picked":"Glacier","floor":2.0},{"not_picked":["Gash","BootSequence","Reinforced Body"],"picked":"SKIP","floor":3.0},{"not_picked":["Go for the Eyes","Auto Shields","Reinforced Body"],"picked":"SKIP","floor":4.0},{"not_picked":["Steam","Gash"],"picked":"Streamline","floor":5.0},{"not_picked":["Stack","Hyperbeam"],"picked":"Compile Driver","floor":10.0},{"not_picked":["Compile Driver","Rebound","Darkness"],"picked":"SKIP","floor":11.0},{"not_picked":["Streamline","Compile Driver"],"picked":"Cold Snap","floor":14.0},{"not_picked":["Biased Cognition+1","Creative AI+1"],"picked":"Seek","floor":16.0},{"not_picked":["Hologram","Turbo"],"picked":"Self Repair+1","floor":17.0},{"not_picked":["Cold Snap","Turbo"],"picked":"Genetic Algorithm","floor":17.0},{"not_picked":["Gash","Go for the Eyes"],"picked":"Force Field","floor":17.0},{"not_picked":["Streamline","Redo"],"picked":"Defragment+1","floor":18.0},{"not_picked":["Lockon","Amplify","Melter+1"],"picked":"SKIP","floor":23.0},{"not_picked":["Double Energy","Cold Snap","Rebound"],"picked":"SKIP","floor":25.0}],"player_experience":989573,"relics_obtained":[{"floor":9.0,"key":"Frozen Egg 2"},{"floor":10.0,"key":"Happy Flower"},{"floor":21.0,"key":"Lantern"},{"floor":23.0,"key":"Darkstone Periapt"},{"floor":26.0,"key":"Matryoshka"}],"event_choices":[{"damage_healed":0.0,"max_hp_gain":0.0,"max_hp_loss":0.0,"gold_gain":0.0,"cards_transformed":["Strike_B"],"event_name":"Transmorgrifier","player_choice":"Transformed","floor":7.0,"gold_loss":0.0,"damage_taken":0.0,"cards_obtained":["Echo Form"]},{"damage_healed":0.0,"max_hp_gain":0.0,"max_hp_loss":0.0,"gold_gain":0.0,"event_name":"The Mausoleum","player_choice":"Opened","floor":19.0,"gold_loss":0.0,"damage_taken":0.0,"relics_obtained":["Letter Opener"],"cards_obtained":["Writhe"]},{"damage_healed":0.0,"max_hp_gain":0.0,"max_hp_loss":43.0,"gold_gain":0.0,"event_name":"Ghosts","player_choice":"Became a Ghost","floor":20.0,"gold_loss":0.0,"damage_taken":0.0,"cards_obtained":["Ghostly","Ghostly","Ghostly"]}],"is_beta":true,"boss_relics":[{"not_picked":["Ectoplasm","Coffee Dripper"],"picked":"Orrery"}],"items_purged_floors":[8],"is_endless":false,"potions_floor_spawned":[1,2,4,11,14,18,25],"killed_by":"Gremlin Leader","ascension_level":20}