{"gold_per_floor":[110,110,126,143,65,65,100,100,100,100,116,116,149,149,149,226,226,239,154,166,91,16,16,44,44,44,56,88,8,42,59,59,136,136,148,148,163,218,235,235,235,335,382,393,425,162,196,213,213,213,213,213,213,99,128,128],"floor_reached":57,"playtime":2983,"items_purged":["Strike_B","Writhe"],"score":3277,"play_id":"a4adb589-a9bf-49bb-a275-30bda1c8c9ae","local_time":"20190409215742","is_ascension_mode":true,"campfire_choices":[{"data":"Zap","floor":6.0,"key":"SMITH"},{"data":"Capacitor","floor":10.0,"key":"SMITH"},{"data":"Electrodynamics","floor":12.0,"key":"SMITH"},{"data":"Coolheaded","floor":15.0,"key":"SMITH"},{"data":"Defragment","floor":23.0,"key":"SMITH"},{"data":"Fission","floor":25.0,"key":"SMITH"},{"floor":32.0,"key":"REST"},{"floor":40.0,"key":"REST"},{"floor":49.0,"key":"RECALL"},{"data":"Consume","floor":53.0,"key":"SMITH"}],"neow_cost":"NONE","seed_source_timestamp":16852420988346,"circlet_count":0,"master_deck":["AscendersBane","Defend_B","Defend_B","Defend_B","Defend_B","Zap+1","Dualcast","Coolheaded+1","Ball Lightning","Electrodynamics+1","Capacitor+1","Cold Snap","BootSequence","Rainbow","Defragment+1","Glacier","Fission+1","Loop","Glacier","Core Surge+1","Compile Driver+1","Gash+1","Consume+1","Chill","Defragment","Blizzard+1","Compile Driver+1"],"special_seed":0,"relics":["Cracked Core","Strawberry","FossilizedHelix","Unceasing Top","Pantograph","Torii","Molten Egg 2","Cursed Key","Kunai","Dodecahedron","Bottled Lightning","Runic Dome","Thread and Needle","Turnip","Boot","Cables","Orichalcum"],"potions_floor_usage":[56],"damage_taken":[{"damage":7.0,"enemies":"Small Slimes","floor":1.0,"turns":3.0},{"damage":0.0,"enemies":"Cultist","floor":3.0,"turns":3.0},{"damage":5.0,"enemies":"Jaw Worm","floor":4.0,"turns":4.0},{"damage":12.0,"enemies":"Lagavulin","floor":7.0,"turns":6.0},{"damage":5.0,"enemies":"3 Louse","floor":11.0,"turns":3.0},{"damage":0.0,"enemies":"Gremlin Nob","floor":13.0,"turns":4.0},{"damage":0.0,"enemies":"The Guardian","floor":16.0,"turns":14.0},{"damage":19.0,"enemies":"Chosen","floor":18.0,"turns":4.0},{"damage":0.0,"enemies":"3 Byrds","floor":20.0,"turns":1.0},{"damage":17.0,"enemies":"Book of Stabbing","floor":24.0,"turns":7.0},{"damage":15.0,"enemies":"Cultist and Chosen","floor":27.0,"turns":5.0},{"damage":0.0,"enemies":"Gremlin Leader","floor":28.0,"turns":5.0},{"damage":22.0,"enemies":"Slavers","floor":30.0,"turns":4.0},{"damage":0.0,"enemies":"Snake Plant","floor":31.0,"turns":5.0},{"damage":0.0,"enemies":"Automaton","floor":33.0,"turns":12.0},{"damage":0.0,"enemies":"Orb Walker","floor":35.0,"turns":3.0},{"damage":0.0,"enemies":"3 Shapes","floor":37.0,"turns":1.0},{"damage":45.0,"enemies":"2 Orb Walkers","floor":38.0,"turns":5.0},{"damage":0.0,"enemies":"Jaw Worm Horde","floor":39.0,"turns":3.0},{"damage":0.0,"enemies":"Mind Bloom Boss Battle","floor":42.0,"turns":7.0},{"damage":0.0,"enemies":"Sphere and 2 Shapes","floor":44.0,"turns":3.0},{"damage":14.0,"enemies":"Nemesis","floor":45.0,"turns":9.0},{"damage":0.0,"enemies":"Reptomancer","floor":47.0,"turns":7.0},{"damage":12.0,"enemies":"3 Darklings","floor":48.0,"turns":5.0},{"damage":1.0,"enemies":"Awakened One","floor":50.0,"turns":23.0},{"damage":0.0,"enemies":"Time Eater","floor":51.0,"turns":16.0},{"damage":49.0,"enemies":"Shield and Spear","floor":55.0,"turns":5.0},{"damage":35,"enemies":"The Heart","floor":56,"turns":15}],"seed_played":"2970272604318873231","potions_obtained":[{"floor":1.0,"key":"SkillPotion"},{"floor":4.0,"key":"LiquidBronze"},{"floor":11.0,"key":"Block Potion"},{"floor":16.0,"key":"SpeedPotion"},{"floor":18.0,"key":"LiquidBronze"},{"floor":20.0,"key":"LiquidBronze"},{"floor":24.0,"key":"Ancient Potion"},{"floor":30.0,"key":"Ancient Potion"},{"floor":35.0,"key":"Poison Potion"},{"floor":44.0,"key":"AttackPotion"},{"floor":45.0,"key":"Swift Potion"},{"floor":47.0,"key":"SteroidPotion"}],"is_trial":false,"path_per_floor":["M","?","M","M","$","R","E","?","T","R","M","R","E","T","R","B",null,"M","?","M","$","?","R","E","R","T","M","E","$","E","M","R","B",null,"M","?","M","?","M","R","?","?","T","M","E","$","E","M","R","B","B",null,"R","$","E","B",null],"character_chosen":"DEFECT","items_purchased":["Electrodynamics","Loop","Defragment","Blizzard+1","Swift Potion","Compile Driver+1"],"campfire_rested":2,"item_purchase_floors":[5,29,46,46,54,54],"current_hp_per_floor":[64,64,64,59,59,59,47,47,47,47,42,42,42,42,42,67,75,56,56,56,56,56,56,39,39,39,24,24,24,2,2,25,50,71,71,71,71,26,26,49,49,74,74,74,60,60,60,48,48,72,74,74,74,74,25,15],"gold":128,"neow_bonus":"RANDOM_COMMON_RELIC","is_prod":false,"is_daily":false,"chose_seed":false,"campfire_upgraded":7,"win_rate":0,"timestamp":1554872262,"path_taken":["M","?","?","M","$","R","E","?","T","R","?","R","E","?","R","BOSS","M","?","M","$","?","R","E","R","T","M","E","$","E","?","R","BOSS","M","?","M","?","M","R","?","?","T","M","E","$","E","?","R","BOSS","BOSS","R","$","E","BOSS"],"build_version":"2019-04-04","purchased_purges":2,"victory":true,"max_hp_per_floor":[78,78,78,78,78,78,78,78,78,78,78,78,78,78,78,78,78,78,78,78,78,78,78,78,78,78,78,78,78,78,78,78,78,78,78,78,78,78,78,78,74,74,74,74,74,74,74,74,74,74,74,74,74,74,74,74],"card_choices":[{"not_picked":["Blizzard","Rebound"],"picked":"Coolheaded","floor":1.0},{"not_picked":["Stack","Redo","Rebound"],"picked":"SKIP","floor":3.0},{"not_picked":["Gash","Redo"],"picked":"Ball Lightning","floor":4.0},{"not_picked":["Compile Driver","Coolheaded"],"picked":"Capacitor","floor":7.0},{"not_picked":["Chill","Barrage"],"picked":"Cold Snap","floor":11.0},{"not_picked":["Thunder Strike","Steam Power"],"picked":"BootSequence","floor":13.0},{"not_picked":["Hyperbeam+1","Meteor Strike+1"],"picked":"Rainbow","floor":16.0},{"not_picked":["Skim","Coolheaded"],"picked":"Defragment","floor":18.0},{"not_picked":["Storm","Rip and Tear+1"],"picked":"Glacier","floor":20.0},{"not_picked":["Hologram","Thunder Strike+1"],"picked":"Fission","floor":24.0},{"not_picked":["Conserve Battery","Turbo","Redo"],"picked":"SKIP","floor":27.0},{"not_picked":["Recycle","Tempest","Cold Snap+1"],"picked":"SKIP","floor":28.0},{"not_picked":["Fusion","Sweeping Beam+1","Beam Cell+1"],"picked":"SKIP","floor":30.0},{"not_picked":["Redo","Conserve Battery"],"picked":"Glacier","floor":31.0},{"not_picked":["Rainbow","Fission"],"picked":"Core Surge+1","floor":33.0},{"not_picked":["Coolheaded+1","Cold Snap+1"],"picked":"Compile Driver+1","floor":35.0},{"not_picked":["Genetic Algorithm+1","Coolheaded+1"],"picked":"Gash+1","floor":37.0},{"not_picked":["Glacier+1","Compile Driver+1"],"picked":"Consume","floor":38.0},{"not_picked":["Aggregate+1","Leap","Turbo"],"picked":"SKIP","floor":39.0},{"not_picked":["Rebound+1","Sweeping Beam+1"],"picked":"Chill","floor":44.0},{"not_picked":["Steam+1","Buffer","Stack+1"],"picked":"SKIP","floor":45.0},{"not_picked":["Cold Snap+1","Tempest+1","Genetic Algorithm"],"picked":"SKIP","floor":47.0},{"not_picked":["Redo+1","Double Energy","Fusion+1"],"picked":"SKIP","floor":48.0},{"not_picked":["Beam Cell+1","Turbo+1","Rip and Tear+1"],"picked":"SKIP","floor":55.0}],"player_experience":1392955,"relics_obtained":[{"floor":7.0,"key":"FossilizedHelix"},{"floor":9.0,"key":"Pantograph"},{"floor":13.0,"key":"Torii"},{"floor":14.0,"key":"Molten Egg 2"},{"floor":24.0,"key":"Dodecahedron"},{"floor":28.0,"key":"Bottled Lightning"},{"floor":38.0,"key":"Thread and Needle"},{"floor":42.0,"key":"Turnip"},{"floor":45.0,"key":"Boot"},{"floor":47.0,"key":"Cables"},{"floor":55.0,"key":"Orichalcum"}],"event_choices":[{"cards_removed":["Strike_B"],"damage_healed":0.0,"max_hp_gain":0.0,"max_hp_loss":0.0,"gold_gain":0.0,"event_name":"Purifier","player_choice":"Purged","floor":2.0,"gold_loss":0.0,"damage_taken":0.0},{"damage_healed":0.0,"max_hp_gain":0.0,"max_hp_loss":0.0,"gold_gain":0.0,"event_name":"WeMeetAgain","player_choice":"Gave Potion","floor":8.0,"gold_loss":0.0,"damage_taken":0.0,"relics_obtained":["Unceasing Top"]},{"damage_healed":0.0,"max_hp_gain":0.0,"max_hp_loss":0.0,"gold_gain":0.0,"event_name":"Addict","player_choice":"Obtained Relic","floor":19.0,"gold_loss":85.0,"damage_taken":0.0,"relics_obtained":["Kunai"]},{"cards_removed":["Strike_B"],"damage_healed":0.0,"max_hp_gain":0.0,"max_hp_loss":0.0,"gold_gain":0.0,"event_name":"Designer","player_choice":"Single Remove","floor":22.0,"gold_loss":75.0,"damage_taken":0.0},{"cards_removed":["Strike_B"],"damage_healed":0.0,"max_hp_gain":0.0,"max_hp_loss":0.0,"gold_gain":0.0,"event_name":"Falling","player_choice":"Removed Attack","floor":36.0,"gold_loss":0.0,"damage_taken":0.0},{"damage_healed":0.0,"max_hp_gain":0.0,"max_hp_loss":0.0,"gold_gain":0.0,"event_name":"Mysterious Sphere","player_choice":"Fight","floor":38.0,"gold_loss":0.0,"damage_taken":0.0},{"damage_healed":0.0,"max_hp_gain":0.0,"max_hp_loss":4.0,"gold_gain":0.0,"event_name":"Winding Halls","player_choice":"Max HP","floor":41.0,"gold_loss":0.0,"damage_taken":0.0},{"damage_healed":0.0,"max_hp_gain":0.0,"max_hp_loss":0.0,"gold_gain":0.0,"event_name":"MindBloom","player_choice":"Fight","floor":42.0,"gold_loss":0.0,"damage_taken":0.0}],"is_beta":true,"boss_relics":[{"not_picked":["Lizard Tail","Astrolabe"],"picked":"Cursed Key"},{"not_picked":["Eternal Feather","Nuclear Battery"],"picked":"Runic Dome"}],"items_purged_floors":[21,46],"is_endless":false,"potions_floor_spawned":[1,4,11,16,18,20,24,30,35,44,45,47,48],"ascension_level":20}