{"gold_per_floor":[19,169,17,36,54,82,82,82,156,187,198,42,42,56,56,133,133],"floor_reached":17,"playtime":515,"items_purged":["Doubt","Strike_B"],"score":330,"play_id":"02e4d099-f4d3-4690-81b7-a1c3cd43b050","local_time":"20190218024513","is_ascension_mode":true,"campfire_choices":[{"data":"Zap","floor":7,"key":"SMITH"},{"data":"1","floor":15,"key":"LIFT"}],"neow_cost":"NO_GOLD","seed_source_timestamp":1996335560276945,"circlet_count":0,"master_deck":["AscendersBane","Strike_B","Strike_B","Defend_B","Defend_B","Defend_B","Defend_B","Zap+1","Dualcast","Ball Lightning","Core Surge","Genetic Algorithm","Hologram","Coolheaded","Electrodynamics"],"relics":["Cracked Core","Pocketwatch","Bag of Marbles","Singing Bowl","Girya","Inserter"],"potions_floor_usage":[6,16],"damage_taken":[{"damage":1,"enemies":"Cultist","floor":1,"turns":3},{"damage":0,"enemies":"2 Louse","floor":4,"turns":3},{"damage":2,"enemies":"Jaw Worm","floor":5,"turns":3},{"damage":20,"enemies":"3 Sentries","floor":6,"turns":6},{"damage":17,"enemies":"Lagavulin","floor":10,"turns":6},{"damage":0,"enemies":"Large Slime","floor":11,"turns":3},{"damage":4,"enemies":"2 Fungi Beasts","floor":14,"turns":3},{"damage":15,"enemies":"The Guardian","floor":16,"turns":10}],"seed_played":"3359480036973801556","potions_obtained":[{"floor":4,"key":"Strength Potion"},{"floor":5,"key":"Swift Potion"},{"floor":6,"key":"SteroidPotion"}],"is_trial":false,"path_per_floor":["M","?","$","M","M","E","R","?","T","E","M","$","?","M","R","B",null],"character_chosen":"DEFECT","items_purchased":["Core Surge","PowerPotion"],"campfire_rested":0,"item_purchase_floors":[3,12],"current_hp_per_floor":[63,63,63,63,61,41,41,41,41,26,26,26,31,29,29,14,64],"gold":133,"neow_bonus":"ONE_RARE_RELIC","is_prod":false,"is_daily":false,"chose_seed":false,"campfire_upgraded":1,"win_rate":0,"timestamp":1550486713,"path_taken":["M","?","$","M","M","E","R","?","T","E","?","$","?","M","R","BOSS"],"build_version":"2019-02-06","purchased_purges":2,"victory":false,"max_hp_per_floor":[71,71,71,71,71,71,71,71,71,73,73,73,78,80,80,80,80],"card_choices":[{"not_picked":["Cold Snap","Gash"],"picked":"Ball Lightning","floor":1},{"not_picked":["Aggregate","Double Energy","Chaos"],"picked":"SKIP","floor":4},{"not_picked":["Scrape","Cold Snap"],"picked":"Genetic Algorithm","floor":5},{"not_picked":["Steam","Tempest"],"picked":"Hologram","floor":6},{"not_picked":["Compile Driver","Double Energy","Skim"],"picked":"Singing Bowl","floor":10},{"not_picked":["Skim","Rebound"],"picked":"Coolheaded","floor":11},{"not_picked":["Thunder Strike","Redo","Leap"],"picked":"Singing Bowl","floor":14},{"not_picked":["Biased Cognition","Reboot"],"picked":"Electrodynamics","floor":16}],"player_experience":1205299,"relics_obtained":[{"floor":6,"key":"Bag of Marbles"},{"floor":9,"key":"Singing Bowl"},{"floor":10,"key":"Girya"}],"event_choices":[{"damage_healed":0,"gold_gain":150,"player_choice":"AGREE","damage_taken":0,"max_hp_gain":0,"max_hp_loss":0,"event_name":"Liars Game","floor":2,"gold_loss":0,"cards_obtained":["Doubt"]},{"cards_removed":["Strike_B"],"damage_healed":0,"gold_gain":0,"player_choice":"Offered Basic","damage_taken":0,"max_hp_gain":0,"max_hp_loss":0,"event_name":"Bonfire Elementals","floor":8,"gold_loss":0},{"damage_healed":0,"gold_gain":0,"player_choice":"Donut","damage_taken":0,"max_hp_gain":5,"max_hp_loss":0,"event_name":"Big Fish","floor":13,"gold_loss":0}],"is_beta":true,"boss_relics":[{"not_picked":["Tiny House","Pandora\u0027s Box"],"picked":"Inserter"}],"items_purged_floors":[3,12],"is_endless":false,"potions_floor_spawned":[4,5,6,14],"ascension_level":20}