{"gold_per_floor":[20,95,108,127,277,305,305,337,337,337,347,186,186,13,13,88,88,98,113,13,113,133,133,167,92,92,103,121,121,140,172,172,249,249,259,273,319,64,64,64],"floor_reached":40,"playtime":1688,"items_purged":["Doubt","Strike_B"],"score":968,"play_id":"6dce4f38-26a3-4240-be20-7f3d3b85eecb","local_time":"20190215162848","is_ascension_mode":true,"campfire_choices":[{"floor":7.0,"key":"REST"},{"data":"Biased Cognition","floor":10.0,"key":"SMITH"},{"data":"Zap","floor":13.0,"key":"SMITH"},{"data":"Electrodynamics","floor":15.0,"key":"SMITH"},{"floor":23.0,"key":"REST"},{"floor":29.0,"key":"REST"},{"floor":32.0,"key":"REST"}],"neow_cost":"NO_GOLD","seed_source_timestamp":1823982040720346,"circlet_count":0,"master_deck":["AscendersBane","Defend_B","Defend_B","Defend_B","Defend_B","Zap+1","Dualcast","Electrodynamics+1","Ball Lightning","Cold Snap","Biased Cognition+1","Glacier","Core Surge","Hologram+1","White Noise","Glacier","Electrodynamics","White Noise","Chill","Seek","Loop","Conserve Battery","Defragment"],"special_seed":0,"relics":["Cracked Core","Juzu Bracelet","Sundial","Bronze Scales","Art of War","Empty Cage","Torii","Kunai","Anchor","WingedGreaves","Black Star","Emotion Chip","Potion Belt"],"potions_floor_usage":[40],"damage_taken":[{"damage":0.0,"enemies":"2 Louse","floor":1.0,"turns":2.0},{"damage":0.0,"enemies":"Small Slimes","floor":3.0,"turns":2.0},{"damage":0.0,"enemies":"Jaw Worm","floor":4.0,"turns":3.0},{"damage":34.0,"enemies":"Lagavulin","floor":6.0,"turns":7.0},{"damage":9.0,"enemies":"Gremlin Nob","floor":8.0,"turns":3.0},{"damage":5.0,"enemies":"2 Fungi Beasts","floor":11.0,"turns":2.0},{"damage":0.0,"enemies":"Slime Boss","floor":16.0,"turns":6.0},{"damage":10.0,"enemies":"Shell Parasite","floor":18.0,"turns":5.0},{"damage":0.0,"enemies":"Spheric Guardian","floor":19.0,"turns":3.0},{"damage":21.0,"enemies":"Colosseum Slavers","floor":21.0,"turns":4.0},{"damage":0.0,"enemies":"Colosseum Nobs","floor":21.0,"turns":3.0},{"damage":26.0,"enemies":"Snecko","floor":22.0,"turns":6.0},{"damage":7.0,"enemies":"Book of Stabbing","floor":24.0,"turns":5.0},{"damage":1.0,"enemies":"Snake Plant","floor":27.0,"turns":3.0},{"damage":0.0,"enemies":"3 Cultists","floor":28.0,"turns":2.0},{"damage":2.0,"enemies":"Sentry and Sphere","floor":30.0,"turns":4.0},{"damage":21.0,"enemies":"Gremlin Leader","floor":31.0,"turns":5.0},{"damage":29.0,"enemies":"Collector","floor":33.0,"turns":10.0},{"damage":21.0,"enemies":"3 Darklings","floor":35.0,"turns":4.0},{"damage":0.0,"enemies":"Orb Walker","floor":36.0,"turns":4.0},{"damage":8.0,"enemies":"2 Orb Walkers","floor":37.0,"turns":4.0},{"damage":31,"enemies":"Giant Head","floor":40,"turns":6}],"seed_played":"-3833790470333370915","potions_obtained":[{"floor":1.0,"key":"SpeedPotion"},{"floor":3.0,"key":"Energy Potion"},{"floor":24.0,"key":"Block Potion"},{"floor":28.0,"key":"Explosive Potion"},{"floor":31.0,"key":"SkillPotion"},{"floor":37.0,"key":"Energy Potion"}],"is_trial":false,"path_per_floor":["M","?","M","M","?","E","R","E","T","R","M","$","R","$","R","B",null,"M","M","$","?","M","R","E","?","T","M","M","R","M","E","R","B",null,"M","M","?","$","?","E"],"character_chosen":"DEFECT","items_purchased":["Ancient Potion","Art of War","Defragment","Potion Belt"],"campfire_rested":4,"item_purchase_floors":[12,14,38,38],"current_hp_per_floor":[64,53,53,53,53,19,40,31,31,31,26,26,26,26,26,26,60,50,50,50,29,3,24,17,17,17,16,16,37,35,14,35,6,55,34,34,26,26,26,0],"gold":64,"neow_bonus":"THREE_RARE_CARDS","is_prod":false,"is_daily":false,"chose_seed":false,"campfire_upgraded":3,"win_rate":0,"timestamp":1550276928,"path_taken":["M","?","M","M","?","E","R","E","T","R","M","$","R","?","R","BOSS","M","M","$","?","M","R","E","?","T","M","M","R","M","E","R","BOSS","M","M","?","$","?","E"],"build_version":"2019-02-06","purchased_purges":2,"victory":false,"max_hp_per_floor":[71,71,71,71,71,71,71,71,71,71,71,71,71,71,71,71,71,71,71,71,71,71,71,71,71,71,71,71,71,71,71,71,71,71,71,71,71,71,71,71],"card_choices":[{"not_picked":["Machine Learning","Amplify"],"picked":"Electrodynamics","floor":0.0},{"not_picked":["FTL","White Noise"],"picked":"Ball Lightning","floor":1.0},{"not_picked":["Coolheaded","Leap"],"picked":"Cold Snap","floor":3.0},{"not_picked":["Gash","Cold Snap","Sweeping Beam"],"picked":"SKIP","floor":4.0},{"not_picked":["Go for the Eyes","Turbo"],"picked":"Biased Cognition","floor":6.0},{"not_picked":["Barrage","Darkness","Go for the Eyes"],"picked":"SKIP","floor":8.0},{"not_picked":["Compile Driver","Tempest"],"picked":"Glacier","floor":11.0},{"not_picked":["Thunder Strike","Creative AI"],"picked":"Core Surge","floor":16.0},{"not_picked":["Rebound","Leap"],"picked":"Hologram+1","floor":18.0},{"not_picked":["Turbo","Hologram"],"picked":"White Noise","floor":19.0},{"not_picked":["Hologram","Loop"],"picked":"Glacier","floor":22.0},{"not_picked":["Reprogram+1","Hologram","Rebound"],"picked":"SKIP","floor":24.0},{"not_picked":["Gash","Darkness","Steam"],"picked":"SKIP","floor":27.0},{"not_picked":["Redo+1","Hologram"],"picked":"Electrodynamics","floor":28.0},{"not_picked":["Beam Cell","Chaos"],"picked":"White Noise","floor":30.0},{"not_picked":["Redo","Sweeping Beam"],"picked":"Chill","floor":31.0},{"not_picked":["Thunder Strike","Amplify"],"picked":"Seek","floor":33.0},{"not_picked":["Storm+1","Stack"],"picked":"Loop","floor":35.0},{"not_picked":["Leap","Darkness","Steam"],"picked":"SKIP","floor":36.0},{"not_picked":["Static Discharge","Gash"],"picked":"Conserve Battery","floor":37.0}],"player_experience":1177413,"relics_obtained":[{"floor":6.0,"key":"Juzu Bracelet"},{"floor":8.0,"key":"Sundial"},{"floor":9.0,"key":"Bronze Scales"},{"floor":21.0,"key":"Torii"},{"floor":21.0,"key":"Kunai"},{"floor":24.0,"key":"Anchor"},{"floor":31.0,"key":"WingedGreaves"},{"floor":37.0,"key":"Emotion Chip"}],"event_choices":[{"damage_healed":0.0,"max_hp_gain":0.0,"max_hp_loss":0.0,"gold_gain":75.0,"event_name":"World of Goop","player_choice":"Gather Gold","floor":2.0,"gold_loss":0.0,"damage_taken":11.0},{"damage_healed":0.0,"max_hp_gain":0.0,"max_hp_loss":0.0,"gold_gain":150.0,"event_name":"Liars Game","player_choice":"AGREE","floor":5.0,"gold_loss":0.0,"damage_taken":0.0,"cards_obtained":["Doubt"]},{"damage_healed":0.0,"max_hp_gain":0.0,"max_hp_loss":0.0,"gold_gain":0.0,"event_name":"Colosseum","player_choice":"Fight","floor":21.0,"gold_loss":0.0,"damage_taken":0.0},{"damage_healed":0.0,"max_hp_gain":0.0,"max_hp_loss":0.0,"gold_gain":0.0,"event_name":"Colosseum","player_choice":"Fought Nobs","floor":21.0,"gold_loss":0.0,"damage_taken":0.0},{"cards_removed":["Strike_B"],"damage_healed":0.0,"max_hp_gain":0.0,"max_hp_loss":0.0,"gold_gain":0.0,"event_name":"Beggar","player_choice":"Gave Gold","floor":25.0,"gold_loss":75.0,"damage_taken":0.0},{"damage_healed":0.0,"max_hp_gain":0.0,"max_hp_loss":0.0,"gold_gain":0.0,"event_name":"Mysterious Sphere","player_choice":"Fight","floor":37.0,"gold_loss":0.0,"damage_taken":0.0},{"damage_healed":0.0,"max_hp_gain":0.0,"max_hp_loss":0.0,"gold_gain":0.0,"event_name":"Tomb of Lord Red Mask","player_choice":"Ignored","floor":39.0,"gold_loss":0.0,"damage_taken":0.0}],"is_beta":true,"boss_relics":[{"not_picked":["Lizard Tail","Velvet Choker"],"picked":"Empty Cage"},{"not_picked":["Philosopher\u0027s Stone","Coffee Dripper"],"picked":"Black Star"}],"items_purged_floors":[12,20],"is_endless":false,"potions_floor_spawned":[1,3,6,8,21,21,24,27,28,31,37],"killed_by":"Giant Head","ascension_level":20}