{"gold_per_floor":[117,117,128,141,161,161,191,34,85,120,70,145,155,173,173,173],"floor_reached":16,"playtime":1061,"items_purged":["Bash"],"score":118,"play_id":"2f164c62-ce5c-415c-98a9-6486131de34b","local_time":"20190420041229","is_ascension_mode":true,"campfire_choices":[{"data":"Armaments","floor":6,"key":"SMITH"},{"floor":15,"key":"REST"}],"neow_cost":"NONE","seed_source_timestamp":314783093737304,"circlet_count":0,"master_deck":["Strike_R","Strike_R","Strike_R","Strike_R","Defend_R","Defend_R","Defend_R","Defend_R","Warcry","Armaments+1","Spot Weakness","Burning Pact","Rage","Iron Wave","Pommel Strike"],"relics":["Burning Blood","Ancient Tea Set","Shuriken","PreservedInsect","Smiling Mask","Omamori"],"potions_floor_usage":[16,16,16],"damage_taken":[{"damage":5,"enemies":"Jaw Worm","floor":1,"turns":6},{"damage":6,"enemies":"Cultist","floor":3,"turns":3},{"damage":7,"enemies":"2 Louse","floor":4,"turns":4},{"damage":6,"enemies":"2 Fungi Beasts","floor":5,"turns":5},{"damage":33,"enemies":"Gremlin Nob","floor":7,"turns":5},{"damage":20,"enemies":"Lagavulin","floor":10,"turns":6},{"damage":10,"enemies":"Looter","floor":13,"turns":4},{"damage":19,"enemies":"Lots of Slimes","floor":14,"turns":7},{"damage":87,"enemies":"Slime Boss","floor":16,"turns":8}],"seed_played":"-6227183944271001042","potions_obtained":[{"floor":3,"key":"Poison Potion"},{"floor":5,"key":"Regen Potion"},{"floor":7,"key":"Regen Potion"}],"is_trial":false,"path_per_floor":["M","?","M","M","M","R","E","$","T","E","$","?","M","M","R","B"],"character_chosen":"IRONCLAD","items_purchased":["PreservedInsect"],"campfire_rested":1,"item_purchase_floors":[8],"current_hp_per_floor":[80,80,80,79,79,79,52,52,52,38,38,27,23,10,34,0],"gold":173,"neow_bonus":"RANDOM_COMMON_RELIC","is_prod":false,"is_daily":false,"chose_seed":false,"campfire_upgraded":1,"win_rate":0,"timestamp":1555713749,"path_taken":["M","?","M","M","?","R","E","$","T","E","$","?","M","M","R","BOSS"],"build_version":"2019-01-23","purchased_purges":1,"victory":false,"max_hp_per_floor":[80,80,80,80,80,80,80,80,80,80,80,80,80,80,80,80],"card_choices":[{"not_picked":["Wild Strike","Perfected Strike"],"picked":"Warcry","floor":1},{"not_picked":["Feel No Pain","Clothesline"],"picked":"Armaments","floor":3},{"not_picked":["True Grit","Headbutt"],"picked":"Spot Weakness","floor":4},{"not_picked":["Perfected Strike","Pommel Strike"],"picked":"Burning Pact","floor":5},{"not_picked":["Pummel","Fire Breathing"],"picked":"Rage","floor":7},{"not_picked":["Burning Pact","Sword Boomerang"],"picked":"Iron Wave","floor":10},{"not_picked":["Pummel","Entrench","Armaments"],"picked":"SKIP","floor":13},{"not_picked":["Infernal Blade","Iron Wave"],"picked":"Pommel Strike","floor":14}],"player_experience":74119,"relics_obtained":[{"floor":7,"key":"Shuriken"},{"floor":9,"key":"Smiling Mask"},{"floor":10,"key":"Omamori"}],"event_choices":[{"cards_removed":["Strike_R"],"damage_healed":0,"gold_gain":0,"player_choice":"Offered Basic","damage_taken":0,"max_hp_gain":0,"max_hp_loss":0,"event_name":"Bonfire Elementals","floor":2,"gold_loss":0},{"damage_healed":0,"gold_gain":75,"player_choice":"Gather Gold","damage_taken":11,"max_hp_gain":0,"max_hp_loss":0,"event_name":"World of Goop","floor":12,"gold_loss":0}],"is_beta":false,"boss_relics":[],"items_purged_floors":[11],"is_endless":false,"potions_floor_spawned":[3,5,7,13,14],"killed_by":"Slime Boss","ascension_level":1}