{"gold_per_floor":[112,112,31,31,51,77,77,112,124,156,184,231,254,298,310,399,411,397,409,261,275,292,292,326,326,326,326,326,326],"floor_reached":29,"playtime":1215,"items_purged":["Strike_B"],"score":742,"play_id":"51be2805-6002-41f5-9f3d-9a693756e0ba","local_time":"20190217205655","is_ascension_mode":true,"campfire_choices":[{"data":"Defragment","floor":7,"key":"SMITH"},{"data":"Blizzard","floor":15,"key":"SMITH"},{"floor":23,"key":"REST"},{"data":"Loop","floor":25,"key":"SMITH"},{"data":"Chill","floor":28,"key":"SMITH"}],"neow_cost":"NONE","seed_source_timestamp":1974737664496912,"circlet_count":0,"master_deck":["AscendersBane","Strike_B+1","Defend_B","Defend_B","Defend_B","Defend_B","Zap+1","Dualcast+1","Coolheaded+1","Cold Snap","Defragment+1","Chill+1","Blizzard+1","Seek","Hologram+1","Core Surge","Loop+1","Undo+1","Capacitor","Creative AI"],"relics":["Cracked Core","NeowsBlessing","Pantograph","MawBank","Thread and Needle","Dream Catcher","Toxic Egg 2","Empty Cage","Vajra","War Paint","Strawberry"],"potions_floor_usage":[12,24,24],"damage_taken":[{"damage":0,"enemies":"Jaw Worm","floor":1,"turns":1},{"damage":0,"enemies":"2 Louse","floor":5,"turns":1},{"damage":0,"enemies":"Gremlin Nob","floor":6,"turns":1},{"damage":3,"enemies":"Lagavulin","floor":8,"turns":8},{"damage":0,"enemies":"Cultist","floor":10,"turns":2},{"damage":0,"enemies":"Exordium Thugs","floor":11,"turns":5},{"damage":18,"enemies":"Gremlin Nob","floor":12,"turns":4},{"damage":0,"enemies":"Lots of Slimes","floor":13,"turns":3},{"damage":0,"enemies":"3 Sentries","floor":14,"turns":7},{"damage":0,"enemies":"The Guardian","floor":16,"turns":11},{"damage":5,"enemies":"2 Thieves","floor":18,"turns":4},{"damage":10,"enemies":"Shell Parasite","floor":21,"turns":6},{"damage":0,"enemies":"Chosen and Byrds","floor":22,"turns":7},{"damage":12,"enemies":"Gremlin Leader","floor":24,"turns":9},{"damage":56,"enemies":"Book of Stabbing","floor":29,"turns":8}],"seed_played":"2990061811087573366","potions_obtained":[{"floor":1,"key":"SmokeBomb"},{"floor":11,"key":"Dexterity Potion"},{"floor":14,"key":"EssenceOfSteel"},{"floor":16,"key":"SkillPotion"}],"is_trial":false,"path_per_floor":["M","?","$","?","M","E","R","E","T","M","M","E","M","E","R","B",null,"M","?","$","M","M","R","E","R","T","T","R","E"],"character_chosen":"DEFECT","items_purchased":["FocusPotion","Loop"],"campfire_rested":1,"item_purchase_floors":[3,20],"current_hp_per_floor":[64,64,64,43,43,43,43,40,40,40,40,22,22,22,22,47,65,60,50,50,40,40,61,49,49,49,56,56,0],"gold":326,"neow_bonus":"THREE_ENEMY_KILL","is_prod":false,"is_daily":false,"chose_seed":false,"campfire_upgraded":4,"win_rate":0,"timestamp":1550465815,"path_taken":["M","?","$","?","M","E","R","E","T","M","M","E","M","E","R","BOSS","M","?","$","M","?","R","E","R","T","?","R","E"],"build_version":"2019-02-06","purchased_purges":1,"victory":false,"max_hp_per_floor":[71,71,71,71,71,71,71,71,71,71,71,71,71,71,71,71,71,71,71,71,71,71,71,71,71,71,78,78,78],"card_choices":[{"not_picked":["Sunder","Conserve Battery"],"picked":"Coolheaded","floor":1},{"not_picked":["Stack","Compile Driver"],"picked":"Cold Snap","floor":5},{"not_picked":["Gash","Undo"],"picked":"Defragment","floor":6},{"not_picked":["Reboot","Sweeping Beam"],"picked":"Chill","floor":8},{"not_picked":["Chill","Barrage","Beam Cell"],"picked":"SKIP","floor":10},{"not_picked":["Double Energy","Sweeping Beam"],"picked":"Blizzard","floor":11},{"not_picked":["Aggregate","Leap"],"picked":"Seek","floor":12},{"not_picked":["Beam Cell","Reprogram","Double Energy"],"picked":"SKIP","floor":13},{"not_picked":["Barrage","Beam Cell"],"picked":"Hologram","floor":14},{"not_picked":["Machine Learning","Thunder Strike"],"picked":"Core Surge","floor":16},{"not_picked":["Sweeping Beam","Redo+1","Reprogram+1"],"picked":"SKIP","floor":18},{"not_picked":["Streamline","Redo+1"],"picked":"Undo+1","floor":21},{"not_picked":["Doom and Gloom","Chaos+1","Aggregate+1"],"picked":"SKIP","floor":22},{"not_picked":["Coolheaded+1","Compile Driver"],"picked":"Capacitor","floor":23},{"not_picked":["Heatsinks","Steam+1"],"picked":"Creative AI","floor":24}],"player_experience":1192367,"relics_obtained":[{"floor":6,"key":"Pantograph"},{"floor":8,"key":"MawBank"},{"floor":9,"key":"Thread and Needle"},{"floor":12,"key":"Dream Catcher"},{"floor":14,"key":"Toxic Egg 2"},{"floor":24,"key":"Vajra"},{"floor":26,"key":"War Paint"},{"floor":27,"key":"Strawberry"}],"event_choices":[{"damage_healed":0,"gold_gain":0,"player_choice":"Leave","damage_taken":0,"max_hp_gain":0,"max_hp_loss":0,"event_name":"The Cleric","floor":2,"gold_loss":0},{"damage_healed":0,"gold_gain":0,"player_choice":"Entered Light","damage_taken":21,"max_hp_gain":0,"max_hp_loss":0,"event_name":"Shining Light","floor":4,"gold_loss":0,"cards_upgraded":["Zap","Strike_B"]},{"damage_healed":0,"gold_gain":0,"player_choice":"Damaged","damage_taken":10,"max_hp_gain":0,"max_hp_loss":0,"event_name":"Wheel of Change","floor":19,"gold_loss":0}],"is_beta":true,"boss_relics":[{"not_picked":["Calling Bell","Ectoplasm"],"picked":"Empty Cage"}],"items_purged_floors":[20],"is_endless":false,"potions_floor_spawned":[1,8,11,14,16,18,22],"killed_by":"Book of Stabbing","ascension_level":20}