{"gold_per_floor":[114,114,114,133,133,167,188,232,232,250,210,250,14,81,81,177,177,200,200],"floor_reached":19,"playtime":626,"items_purged":["Strike_B"],"score":470,"play_id":"ee3aedc8-88e1-4470-a1f2-e48ecd31a618","local_time":"20190206032250","is_ascension_mode":true,"campfire_choices":[{"data":"Defragment","floor":15,"key":"SMITH"}],"neow_cost":"NONE","seed_source_timestamp":1198585321807051,"circlet_count":0,"master_deck":["AscendersBane","Strike_B","Strike_B","Strike_B","Defend_B","Defend_B","Defend_B","Defend_B","Zap","Dualcast","Ball Lightning+1","Genetic Algorithm","Streamline+1","Defragment+1","Glacier","Blizzard+1","Creative AI","Consume"],"special_seed":0,"relics":["Cracked Core","NeowsBlessing","Molten Egg 2","Golden Idol","Calipers","Ancient Tea Set","Mercury Hourglass","Question Card","The Courier","ClockworkSouvenir","Nuclear Battery"],"potions_floor_usage":[12,12,12,16],"damage_taken":[{"damage":0.0,"enemies":"Cultist","floor":1.0,"turns":1.0},{"damage":0.0,"enemies":"Jaw Worm","floor":4.0,"turns":1.0},{"damage":0.0,"enemies":"3 Sentries","floor":6.0,"turns":1.0},{"damage":1.0,"enemies":"2 Louse","floor":7.0,"turns":3.0},{"damage":27.0,"enemies":"Lagavulin","floor":8.0,"turns":6.0},{"damage":12.0,"enemies":"Exordium Thugs","floor":10.0,"turns":4.0},{"damage":0,"enemies":"Gremlin Nob","floor":12,"turns":3},{"damage":14,"enemies":"Hexaghost","floor":16,"turns":10},{"damage":11,"enemies":"Shell Parasite","floor":18,"turns":5},{"damage":37,"enemies":"Colosseum Slavers","floor":19,"turns":5},{"damage":8,"enemies":"Colosseum Nobs","floor":19,"turns":3}],"seed_played":"-3433390947736618402","potions_obtained":[{"floor":1.0,"key":"Ancient Potion"},{"floor":8.0,"key":"Regen Potion"},{"floor":10.0,"key":"Fruit Juice"},{"floor":11.0,"key":"Block Potion"},{"floor":11.0,"key":"EntropicBrew"}],"is_trial":false,"path_per_floor":["M","T","?","M","?","E","M","E","T","M","?","E","$","?","R","B",null,"M","?"],"character_chosen":"DEFECT","items_purchased":["ClockworkSouvenir"],"campfire_rested":0,"item_purchase_floors":[13],"current_hp_per_floor":[64,64,40,40,40,40,39,12,12,12,17,17,17,17,17,3,58,47,2],"gold":200,"neow_bonus":"THREE_ENEMY_KILL","is_prod":false,"is_daily":false,"chose_seed":false,"campfire_upgraded":1,"win_rate":0,"timestamp":1549452170,"path_taken":["M","?","?","M","?","E","M","E","T","?","?","E","?","?","R","BOSS","M","?"],"build_version":"2019-01-23","purchased_purges":1,"victory":false,"max_hp_per_floor":[71,71,71,71,71,71,71,71,71,71,76,76,76,76,76,76,76,76,76],"card_choices":[{"not_picked":["Force Field","Steam"],"picked":"Sweeping Beam","floor":1.0},{"not_picked":["White Noise","Cold Snap+1"],"picked":"Ball Lightning+1","floor":4.0},{"not_picked":["FTL+1","Leap"],"picked":"Genetic Algorithm","floor":6.0},{"not_picked":["Beam Cell+1","Rebound+1"],"picked":"Streamline+1","floor":7.0},{"not_picked":["Ball Lightning+1","Redo"],"picked":"Defragment","floor":8.0},{"not_picked":["Stack","Barrage+1","Storm"],"picked":"Glacier","floor":10.0},{"not_picked":["Steam Power","Machine Learning","White Noise"],"picked":"Blizzard+1","floor":12},{"not_picked":["Meteor Strike+1","Rainbow","Buffer"],"picked":"Creative AI","floor":16},{"not_picked":["Hologram","Skim","Hello World"],"picked":"Consume","floor":18}],"player_experience":1088196,"relics_obtained":[{"floor":2.0,"key":"Molten Egg 2"},{"floor":6.0,"key":"Ancient Tea Set"},{"floor":8.0,"key":"Mercury Hourglass"},{"floor":9.0,"key":"Question Card"},{"floor":12,"key":"The Courier"}],"event_choices":[{"damage_healed":0.0,"max_hp_gain":0.0,"max_hp_loss":0.0,"gold_gain":0.0,"event_name":"Golden Idol","player_choice":"Take Damage","floor":3.0,"gold_loss":0.0,"damage_taken":24.0,"relics_obtained":["Golden Idol"]},{"cards_removed":["Sweeping Beam"],"damage_healed":0.0,"max_hp_gain":0.0,"max_hp_loss":0.0,"gold_gain":0.0,"event_name":"WeMeetAgain","player_choice":"Gave Card","floor":5.0,"gold_loss":0.0,"damage_taken":0.0,"relics_obtained":["Calipers"]},{"damage_healed":0.0,"max_hp_gain":0.0,"max_hp_loss":0.0,"gold_gain":0.0,"event_name":"The Woman in Blue","player_choice":"Bought 3 Potions","floor":11.0,"gold_loss":0.0,"damage_taken":0.0},{"damage_healed":0,"gold_gain":67,"player_choice":"Gained Gold","damage_taken":0,"max_hp_gain":0,"max_hp_loss":0,"event_name":"Golden Wing","floor":14,"gold_loss":0},{"damage_healed":0,"gold_gain":0,"player_choice":"Fight","damage_taken":0,"max_hp_gain":0,"max_hp_loss":0,"event_name":"Colosseum","floor":19,"gold_loss":0},{"damage_healed":0,"gold_gain":0,"player_choice":"Fought Nobs","damage_taken":0,"max_hp_gain":0,"max_hp_loss":0,"event_name":"Colosseum","floor":19,"gold_loss":0}],"is_beta":true,"boss_relics":[{"not_picked":["FrozenCore","Runic Pyramid"],"picked":"Nuclear Battery"}],"items_purged_floors":[13],"is_endless":false,"potions_floor_spawned":[1,8,10],"killed_by":"Colosseum Nobs","ascension_level":20}