{"gold_per_floor":[115,128,148,148,158,183,196,209,236,265,265,279,279,299,299,377,377,389,400,416,434,434,434,434],"floor_reached":24,"playtime":1590,"items_purged":[],"score":375,"play_id":"981c85ae-7af1-40f4-a980-dbc9061a8139","local_time":"20190421225055","is_ascension_mode":true,"campfire_choices":[{"floor":11,"key":"REST"},{"data":"Shockwave","floor":13,"key":"SMITH"},{"floor":15,"key":"REST"},{"data":"Limit Break","floor":23,"key":"SMITH"}],"neow_cost":"NONE","seed_source_timestamp":783850218723900,"circlet_count":0,"master_deck":["AscendersBane","Strike_R","Strike_R","Strike_R","Strike_R","Strike_R","Defend_R","Defend_R","Defend_R","Defend_R+1","Bash","True Grit+1","Inflame","Disarm+1","Shockwave+1","Headbutt","Spot Weakness","Feel No Pain","Limit Break+1","Armaments","Shrug It Off","Disarm","Flame Barrier+1"],"relics":["Burning Blood","Centennial Puzzle","Thread and Needle","War Paint","Bag of Marbles","Snecko Eye"],"potions_floor_usage":[6,8,16,21],"damage_taken":[{"damage":1,"enemies":"Cultist","floor":1,"turns":3},{"damage":9,"enemies":"Jaw Worm","floor":2,"turns":5},{"damage":4,"enemies":"Small Slimes","floor":3,"turns":3},{"damage":12,"enemies":"Looter","floor":5,"turns":4},{"damage":26,"enemies":"Gremlin Nob","floor":6,"turns":4},{"damage":6,"enemies":"2 Fungi Beasts","floor":7,"turns":4},{"damage":2,"enemies":"3 Louse","floor":8,"turns":4},{"damage":39,"enemies":"3 Sentries","floor":10,"turns":10},{"damage":9,"enemies":"Exordium Wildlife","floor":12,"turns":6},{"damage":3,"enemies":"Large Slime","floor":14,"turns":9},{"damage":5,"enemies":"Hexaghost","floor":16,"turns":9},{"damage":9,"enemies":"2 Thieves","floor":18,"turns":2},{"damage":2,"enemies":"Shell Parasite","floor":19,"turns":7},{"damage":55,"enemies":"Chosen and Byrds","floor":20,"turns":10},{"damage":19,"enemies":"Cultist and Chosen","floor":21,"turns":7},{"damage":15,"enemies":"Gremlin Leader","floor":24,"turns":2}],"seed_played":"3864899157154943044","potions_obtained":[{"floor":5,"key":"AttackPotion"},{"floor":6,"key":"Strength Potion"},{"floor":7,"key":"Block Potion"},{"floor":10,"key":"GamblersBrew"},{"floor":18,"key":"SpeedPotion"},{"floor":19,"key":"Dexterity Potion"}],"is_trial":false,"path_per_floor":["M","M","M","?","M","E","M","M","T","E","R","M","R","M","R","B",null,"M","M","M","M","?","R","E"],"character_chosen":"IRONCLAD","items_purchased":[],"campfire_rested":2,"item_purchase_floors":[],"current_hp_per_floor":[73,70,72,72,66,46,46,50,50,17,39,36,36,39,61,62,72,69,73,24,11,11,11,0],"gold":434,"neow_bonus":"RANDOM_COMMON_RELIC","is_prod":false,"is_daily":false,"chose_seed":false,"campfire_upgraded":2,"win_rate":0,"timestamp":1555879855,"path_taken":["M","M","?","?","?","E","M","M","T","E","R","M","R","M","R","BOSS","M","M","M","M","?","R","E"],"build_version":"2019-01-23","purchased_purges":0,"victory":false,"max_hp_per_floor":[75,75,75,75,75,75,75,75,75,75,75,75,75,75,75,75,75,75,75,75,75,75,75,75],"card_choices":[{"not_picked":["Warcry","Blood for Blood"],"picked":"True Grit","floor":1},{"not_picked":["Dual Wield","Combust"],"picked":"Inflame","floor":2},{"not_picked":["Rage","Clothesline"],"picked":"Disarm","floor":3},{"not_picked":["Combust","Corruption"],"picked":"Shockwave","floor":5},{"not_picked":["Warcry","Sword Boomerang","Perfected Strike"],"picked":"SKIP","floor":6},{"not_picked":["Body Slam","Thunderclap"],"picked":"Headbutt","floor":7},{"not_picked":["Twin Strike","Hemokinesis"],"picked":"Spot Weakness","floor":8},{"not_picked":["Headbutt","Clash"],"picked":"Feel No Pain","floor":10},{"not_picked":["True Grit","Sword Boomerang","Reckless Charge"],"picked":"SKIP","floor":12},{"not_picked":["Twin Strike","Second Wind","True Grit"],"picked":"SKIP","floor":14},{"not_picked":["Bludgeon","Dark Embrace"],"picked":"Limit Break","floor":16},{"not_picked":["Second Wind","Clothesline"],"picked":"Armaments","floor":18},{"not_picked":["Clothesline+1","Pommel Strike+1"],"picked":"Shrug It Off","floor":19},{"not_picked":["Burning Pact","Clash"],"picked":"Disarm","floor":20},{"not_picked":["Flex+1","Burning Pact"],"picked":"Flame Barrier+1","floor":21}],"player_experience":266545,"relics_obtained":[{"floor":6,"key":"Thread and Needle"},{"floor":9,"key":"War Paint"},{"floor":10,"key":"Bag of Marbles"}],"event_choices":[{"damage_healed":0,"gold_gain":0,"player_choice":"Forge","damage_taken":0,"max_hp_gain":0,"max_hp_loss":0,"event_name":"Accursed Blacksmith","floor":4,"gold_loss":0,"cards_upgraded":["True Grit"]},{"damage_healed":0,"gold_gain":0,"player_choice":"Ignored","damage_taken":0,"max_hp_gain":0,"max_hp_loss":0,"event_name":"Vampires","floor":22,"gold_loss":0}],"is_beta":false,"boss_relics":[{"not_picked":["Ectoplasm","Calling Bell"],"picked":"Snecko Eye"}],"items_purged_floors":[],"is_endless":false,"potions_floor_spawned":[5,6,7,10,12,18,19,20],"killed_by":"Gremlin Leader","ascension_level":15}