{"gold_per_floor":[112,112,130,141,141,141,170,170,193,205,216,216,229,256,256,328,328,338,613,629,177,190,240,267,267,267,280,53,53,64,80,80,152,152,162,174,174,74,74,74],"floor_reached":40,"playtime":1692,"items_purged":["Regret","All For One+1"],"score":836,"play_id":"2ab7cc9b-0a64-468a-9720-1a13c64a0690","local_time":"20190122224545","is_ascension_mode":true,"campfire_choices":[{"data":"Zap","floor":6.0,"key":"SMITH"},{"data":"Conserve Battery","floor":8.0,"key":"SMITH"},{"data":"Capacitor","floor":15.0,"key":"SMITH"},{"floor":25.0,"key":"REST"},{"data":"Hologram","floor":29.0,"key":"SMITH"},{"floor":32.0,"key":"REST"}],"neow_cost":"NONE","seed_source_timestamp":351878730353411,"circlet_count":0,"master_deck":["AscendersBane","Zap+1","Dualcast+1","Ball Lightning+1","Ball Lightning+1","Consume+1","Conserve Battery+1","Recycle+1","Capacitor+1","Compile Driver+1","Biased Cognition+1","Leap+1","Hologram+1","Hologram+1","Coolheaded+1","Auto Shields+1","Coolheaded+1","Turbo+1","Electrodynamics+1","Double Energy+1","White Noise+1","Defragment+1","Hyperbeam+1","Creative AI+1","Conserve Battery+1","Go for the Eyes+1","Defragment+1"],"special_seed":0,"relics":["Cracked Core","NeowsBlessing","Pen Nib","Oddly Smooth Stone","Centennial Puzzle","Philosopher\u0027s Stone","Gremlin Horn","Dream Catcher","Matryoshka","Runic Capacitor","Pandora\u0027s Box","Mark of the Bloom"],"potions_floor_usage":[],"damage_taken":[{"damage":0.0,"enemies":"Small Slimes","floor":1.0,"turns":1.0},{"damage":0.0,"enemies":"Cultist","floor":3.0,"turns":1.0},{"damage":0.0,"enemies":"Jaw Worm","floor":4.0,"turns":1.0},{"damage":25.0,"enemies":"3 Sentries","floor":7.0,"turns":5.0},{"damage":4.0,"enemies":"3 Louse","floor":10.0,"turns":3.0},{"damage":13.0,"enemies":"Gremlin Gang","floor":11.0,"turns":4.0},{"damage":0.0,"enemies":"Exordium Wildlife","floor":13.0,"turns":3.0},{"damage":11.0,"enemies":"Lagavulin","floor":14.0,"turns":6.0},{"damage":5.0,"enemies":"Hexaghost","floor":16.0,"turns":8.0},{"damage":13.0,"enemies":"2 Thieves","floor":18.0,"turns":3.0},{"damage":2.0,"enemies":"Spheric Guardian","floor":20.0,"turns":3.0},{"damage":2.0,"enemies":"Centurion and Healer","floor":22.0,"turns":5.0},{"damage":37.0,"enemies":"Gremlin Leader","floor":24.0,"turns":5.0},{"damage":5.0,"enemies":"Snecko","floor":27.0,"turns":6.0},{"damage":10.0,"enemies":"Cultist and Chosen","floor":30.0,"turns":6.0},{"damage":0.0,"enemies":"Chosen and Byrds","floor":31.0,"turns":6.0},{"damage":22.0,"enemies":"Champ","floor":33.0,"turns":18.0},{"damage":0.0,"enemies":"3 Shapes","floor":35.0,"turns":3.0},{"damage":23.0,"enemies":"3 Darklings","floor":36.0,"turns":3.0},{"damage":10,"enemies":"Reptomancer","floor":40,"turns":2}],"seed_played":"1919638253785212596","potions_obtained":[{"floor":1.0,"key":"Regen Potion"},{"floor":4.0,"key":"SkillPotion"},{"floor":13.0,"key":"Energy Potion"},{"floor":14.0,"key":"EntropicBrew"},{"floor":18.0,"key":"FearPotion"},{"floor":27.0,"key":"LiquidBronze"},{"floor":36.0,"key":"Strength Potion"}],"is_trial":false,"path_per_floor":["?","M","?","M","?","?","M","?","?","?"],"character_chosen":"DEFECT","items_purchased":["Cold Snap","Hologram","Gremlin Horn","Runic Capacitor"],"campfire_rested":2,"item_purchase_floors":[21,21,21,28],"current_hp_per_floor":[64,64,64,64,64,64,39,39,39,35,22,27,27,16,16,26,64,51,51,49,49,47,47,10,32,32,27,27,27,17,17,39,17,61,61,38,38,38,38,28],"gold":74,"neow_bonus":"THREE_ENEMY_KILL","is_prod":false,"is_daily":false,"chose_seed":false,"campfire_upgraded":4,"win_rate":0,"timestamp":1548225945,"path_taken":["M","?","M","?","?","R","E","R","T","M","?","?","M","E","R","BOSS","M","?","M","$","?","?","E","R","T","M","$","R","M","M","R","BOSS","M","M","?","$","?","E"],"build_version":"2019-01-22","purchased_purges":2,"victory":false,"max_hp_per_floor":[71,71,71,71,71,71,71,71,71,71,71,76,76,76,76,76,76,76,76,76,76,76,76,76,76,76,76,76,76,76,76,76,76,76,76,76,76,76,76,76],"card_choices":[{"not_picked":["Self Repair","Compile Driver"],"picked":"Ball Lightning","floor":1.0},{"not_picked":["Redo","Barrage"],"picked":"Ball Lightning","floor":3.0},{"not_picked":["Ball Lightning","Tempest"],"picked":"Consume","floor":4.0},{"not_picked":["BootSequence","Compile Driver"],"picked":"Conserve Battery","floor":7.0},{"not_picked":["Barrage","Rebound"],"picked":"Recycle","floor":10.0},{"not_picked":["Hyperbeam","Gash"],"picked":"Capacitor","floor":11.0},{"not_picked":["Darkness","Doom and Gloom"],"picked":"Compile Driver","floor":13.0},{"not_picked":["Melter","Rebound","Compile Driver"],"picked":"SKIP","floor":14.0},{"not_picked":["Melter","Rebound","Compile Driver"],"picked":"SKIP","floor":14.0},{"not_picked":["All For One","Seek"],"picked":"Biased Cognition","floor":16.0},{"not_picked":["Stack","Rebound"],"picked":"Leap+1","floor":18.0},{"not_picked":["Redo+1","Turbo","Stack+1"],"picked":"SKIP","floor":20.0},{"not_picked":["Gash","Beam Cell+1"],"picked":"Hologram","floor":22.0},{"not_picked":["Heatsinks","Barrage"],"picked":"Coolheaded","floor":24.0},{"not_picked":["Stack","Melter"],"picked":"Auto Shields+1","floor":25.0},{"not_picked":["Sweeping Beam","Reprogram","Double Energy"],"picked":"SKIP","floor":27.0},{"not_picked":["Compile Driver","Go for the Eyes","Amplify"],"picked":"SKIP","floor":30.0},{"not_picked":["Go for the Eyes","Conserve Battery"],"picked":"Coolheaded","floor":31.0},{"not_picked":["Steam","Rebound+1"],"picked":"Turbo+1","floor":32.0},{"not_picked":["Amplify","Meteor Strike"],"picked":"Electrodynamics","floor":33.0},{"not_picked":["Stack+1","Fusion"],"picked":"Go for the Eyes+1","floor":35.0},{"not_picked":["Capacitor+1","Steam"],"picked":"Defragment","floor":36.0}],"player_experience":1014714,"relics_obtained":[{"floor":7.0,"key":"Pen Nib"},{"floor":9.0,"key":"Oddly Smooth Stone"},{"floor":14.0,"key":"Centennial Puzzle"},{"floor":24.0,"key":"Dream Catcher"},{"floor":26.0,"key":"Matryoshka"}],"event_choices":[{"cards_removed":["Strike_B"],"damage_healed":0.0,"max_hp_gain":0.0,"max_hp_loss":0.0,"gold_gain":0.0,"event_name":"Bonfire Elementals","player_choice":"Offered Basic","floor":2.0,"gold_loss":0.0,"damage_taken":0.0},{"damage_healed":0.0,"max_hp_gain":0.0,"max_hp_loss":0.0,"gold_gain":0.0,"event_name":"Upgrade Shrine","player_choice":"Upgraded","floor":5.0,"gold_loss":0.0,"damage_taken":0.0,"cards_upgraded":["Consume"]},{"damage_healed":0.0,"max_hp_gain":5.0,"max_hp_loss":0.0,"gold_gain":0.0,"event_name":"Big Fish","player_choice":"Donut","floor":12.0,"gold_loss":0.0,"damage_taken":0.0},{"damage_healed":0.0,"max_hp_gain":0.0,"max_hp_loss":0.0,"gold_gain":275.0,"event_name":"Golden Shrine","player_choice":"Desecrate","floor":19.0,"gold_loss":0.0,"damage_taken":0.0,"cards_obtained":["Regret"]},{"damage_healed":0.0,"max_hp_gain":0.0,"max_hp_loss":0.0,"gold_gain":50.0,"event_name":"Nest","player_choice":"Stole From Cult","floor":23.0,"gold_loss":0.0,"damage_taken":0.0},{"damage_healed":0,"gold_gain":0,"player_choice":"Upgrade","damage_taken":0,"relics_obtained":["Mark of the Bloom"],"max_hp_gain":0,"max_hp_loss":0,"event_name":"MindBloom","floor":37,"gold_loss":0,"cards_upgraded":["Dualcast","Ball Lightning","Ball Lightning","Recycle","Compile Driver","Biased Cognition","Cold Snap","Hologram","Coolheaded","Coolheaded","Electrodynamics","Double Energy","White Noise","Defragment","Hyperbeam","All For One","Creative AI","Conserve Battery","Defragment"]},{"cards_removed":["Cold Snap"],"damage_healed":0,"gold_gain":0,"player_choice":"Removed Attack","damage_taken":0,"max_hp_gain":0,"max_hp_loss":0,"event_name":"Falling","floor":39,"gold_loss":0}],"is_beta":true,"boss_relics":[{"not_picked":["Coffee Dripper","Fusion Hammer"],"picked":"Philosopher\u0027s Stone"},{"not_picked":["Eternal Feather","Empty Cage"],"picked":"Pandora\u0027s Box"}],"items_purged_floors":[21,38],"is_endless":false,"potions_floor_spawned":[1,4,13,14,18,22,27,36],"killed_by":"Reptomancer","ascension_level":20}