{"gold_per_floor":[118,118,193,211,211,236,255,283,283,302,302],"floor_reached":11,"playtime":298,"items_purged":[],"score":216,"play_id":"d6186865-fbd0-40ff-a9e0-307bd5e7758c","local_time":"20190422004710","is_ascension_mode":true,"campfire_choices":[],"neow_cost":"NONE","seed_source_timestamp":19272118182566,"circlet_count":0,"master_deck":["AscendersBane","Defend_G","Defend_G","Defend_G","Defend_G","Defend_G","Strike_G","Strike_G","Strike_G","Strike_G","Strike_G","Survivor","Neutralize+1","Infinite Blades","Acrobatics","Backstab","Escape Plan"],"relics":["Ring of the Snake","NeowsBlessing","Kunai","Bottled Flame","The Courier"],"potions_floor_usage":[8],"damage_taken":[{"damage":0,"enemies":"2 Louse","floor":1,"turns":1},{"damage":0,"enemies":"Small Slimes","floor":4,"turns":1},{"damage":0,"enemies":"3 Sentries","floor":6,"turns":1},{"damage":5,"enemies":"Cultist","floor":7,"turns":5},{"damage":26,"enemies":"Gremlin Nob","floor":8,"turns":5},{"damage":13,"enemies":"Exordium Thugs","floor":10,"turns":10},{"damage":0,"enemies":"Lagavulin","floor":11,"turns":4}],"seed_played":"-480704440301121746","potions_obtained":[{"floor":1,"key":"GhostInAJar"},{"floor":5,"key":"Swift Potion"},{"floor":8,"key":"SpeedPotion"}],"is_trial":false,"path_per_floor":["M","?","?","M","?","E","M","E","T","M","E"],"character_chosen":"THE_SILENT","items_purchased":[],"campfire_rested":0,"item_purchase_floors":[],"current_hp_per_floor":[59,59,48,48,48,48,43,17,17,4,4],"gold":302,"neow_bonus":"THREE_ENEMY_KILL","is_prod":false,"is_daily":false,"chose_seed":false,"campfire_upgraded":0,"win_rate":0,"timestamp":1555919230,"path_taken":["M","?","?","M","?","E","M","E","T","?","E"],"build_version":"2019-04-21","purchased_purges":0,"victory":false,"max_hp_per_floor":[66,66,66,66,66,66,66,66,66,66,66],"card_choices":[{"not_picked":["Distraction","Reflex","Underhanded Strike"],"picked":"SKIP","floor":1},{"not_picked":["Flechettes","Bane","Infinite Blades"],"picked":"SKIP","floor":4},{"not_picked":["Flechettes","Bane"],"picked":"Infinite Blades","floor":4},{"not_picked":["Concentrate","Expertise"],"picked":"Acrobatics","floor":6},{"not_picked":["Outmaneuver","Deadly Poison"],"picked":"Backstab","floor":7},{"not_picked":["All Out Attack","Calculated Gamble"],"picked":"Escape Plan","floor":8},{"not_picked":["Expertise","Bane","Outmaneuver"],"picked":"SKIP","floor":10}],"player_experience":1424616,"relics_obtained":[{"floor":6,"key":"Kunai"},{"floor":8,"key":"Bottled Flame"},{"floor":9,"key":"The Courier"}],"event_choices":[{"damage_healed":0,"gold_gain":0,"player_choice":"Grow","damage_taken":0,"max_hp_gain":0,"max_hp_loss":0,"event_name":"Living Wall","floor":2,"gold_loss":0,"cards_upgraded":["Neutralize"]},{"damage_healed":0,"gold_gain":75,"player_choice":"Gather Gold","damage_taken":11,"max_hp_gain":0,"max_hp_loss":0,"event_name":"World of Goop","floor":3,"gold_loss":0},{"damage_healed":0,"gold_gain":0,"player_choice":"Got Potions","damage_taken":0,"max_hp_gain":0,"max_hp_loss":0,"event_name":"Lab","floor":5,"gold_loss":0}],"is_beta":true,"boss_relics":[],"items_purged_floors":[],"is_endless":false,"potions_floor_spawned":[1,6,8],"killed_by":"Lagavulin","ascension_level":20}