{"gold_per_floor":[116,116,127,77,94,94,119,119,119,158,181,181,106,141,141,141],"floor_reached":16,"playtime":432,"items_purged":["Injury"],"score":172,"play_id":"f22a6e7a-080a-4d62-af6b-ec6e6b635942","local_time":"20190329131537","is_ascension_mode":true,"campfire_choices":[{"data":"Conserve Battery","floor":6,"key":"SMITH"},{"floor":15,"key":"REST"}],"neow_cost":"NONE","seed_source_timestamp":708331698671823,"circlet_count":0,"master_deck":["Strike_B","Strike_B","Strike_B","Defend_B","Defend_B","Defend_B","Zap","Dualcast","Go for the Eyes","Self Repair","Conserve Battery+1","Genetic Algorithm","Cold Snap","BootSequence","Gash"],"relics":["Cracked Core","Ornamental Fan","Golden Idol","Frozen Egg 2","Pen Nib","Matryoshka"],"potions_floor_usage":[10,14,14],"damage_taken":[{"damage":16,"enemies":"Small Slimes","floor":1,"turns":3},{"damage":0,"enemies":"Cultist","floor":3,"turns":3},{"damage":8,"enemies":"2 Louse","floor":5,"turns":4},{"damage":33,"enemies":"Gremlin Nob","floor":7,"turns":5},{"damage":30,"enemies":"Lagavulin","floor":10,"turns":8},{"damage":6,"enemies":"Blue Slaver","floor":11,"turns":5},{"damage":0,"enemies":"3 Sentries","floor":14,"turns":6},{"damage":63,"enemies":"Hexaghost","floor":16,"turns":11}],"seed_played":"8465615515588405146","potions_obtained":[{"floor":5,"key":"Explosive Potion"},{"floor":7,"key":"Regen Potion"},{"floor":10,"key":"Explosive Potion"}],"is_trial":false,"path_per_floor":["M","?","M","?","M","R","E","?","T","E","M","$","$","E","R","B"],"character_chosen":"DEFECT","items_purchased":[],"campfire_rested":1,"item_purchase_floors":[],"current_hp_per_floor":[66,66,66,66,65,65,39,39,39,31,32,32,32,39,63,0],"gold":141,"neow_bonus":"TEN_PERCENT_HP_BONUS","is_prod":false,"is_daily":false,"chose_seed":false,"campfire_upgraded":1,"win_rate":0,"timestamp":1553865337,"path_taken":["M","?","?","?","M","R","E","?","T","E","M","?","$","E","R","BOSS"],"build_version":"2019-01-23","purchased_purges":1,"victory":false,"max_hp_per_floor":[82,82,82,82,82,82,82,82,82,82,82,82,82,82,82,82],"card_choices":[{"not_picked":["Steam","Fusion"],"picked":"Go for the Eyes","floor":1},{"not_picked":["Redo","Beam Cell"],"picked":"Self Repair","floor":3},{"not_picked":["Go for the Eyes","Static Discharge"],"picked":"Conserve Battery","floor":5},{"not_picked":["Beam Cell","Compile Driver"],"picked":"Genetic Algorithm","floor":7},{"not_picked":["Gash","FTL"],"picked":"Cold Snap","floor":10},{"not_picked":["Turbo","Rip and Tear"],"picked":"BootSequence","floor":11},{"not_picked":["BootSequence","Turbo"],"picked":"Gash","floor":14}],"player_experience":329489,"relics_obtained":[{"floor":7,"key":"Ornamental Fan"},{"floor":9,"key":"Frozen Egg 2"},{"floor":10,"key":"Pen Nib"},{"floor":14,"key":"Matryoshka"}],"event_choices":[{"cards_removed":["Strike_B"],"damage_healed":0,"gold_gain":0,"player_choice":"Offered Basic","damage_taken":0,"max_hp_gain":0,"max_hp_loss":0,"event_name":"Bonfire Elementals","floor":2,"gold_loss":0},{"cards_removed":["Defend_B"],"damage_healed":0,"gold_gain":0,"player_choice":"Card Removal","damage_taken":0,"max_hp_gain":0,"max_hp_loss":0,"event_name":"The Cleric","floor":4,"gold_loss":50},{"damage_healed":0,"gold_gain":0,"player_choice":"Take Wound","damage_taken":0,"relics_obtained":["Golden Idol"],"max_hp_gain":0,"max_hp_loss":0,"event_name":"Golden Idol","floor":8,"gold_loss":0,"cards_obtained":["Injury"]}],"is_beta":false,"boss_relics":[],"items_purged_floors":[13],"is_endless":false,"potions_floor_spawned":[5,7,10],"killed_by":"Hexaghost","ascension_level":4}