{"gold_per_floor":[363,145,145,161,180,180,197,223,223,16,16,50,117,131,131,229,229,246,15,33,58,58,58,74,74,74,90,116,11,11,23,23,124,124,134,134,152,152,162,162,191,191,191,69,69,169,239,253,253,253],"floor_reached":51,"playtime":1747,"items_purged":["Clumsy"],"score":778,"play_id":"ac163dbe-3292-4607-ba4b-bc3d4dfa834c","local_time":"20190423141002","is_ascension_mode":false,"campfire_choices":[{"data":"Uppercut","floor":6,"key":"SMITH"},{"data":"Inflame","floor":15,"key":"SMITH"},{"data":"Demon Form","floor":23,"key":"SMITH"},{"data":"Perfected Strike","floor":25,"key":"SMITH"},{"data":"Dark Embrace","floor":30,"key":"SMITH"},{"data":"Flame Barrier","floor":32,"key":"SMITH"},{"data":"Offering","floor":40,"key":"SMITH"},{"floor":42,"key":"REST"},{"data":"Armaments","floor":49,"key":"SMITH"}],"neow_cost":"CURSE","seed_source_timestamp":961608438691200,"circlet_count":0,"master_deck":["Strike_R","Strike_R","Strike_R","Strike_R","Strike_R","Defend_R","Defend_R","Defend_R","Defend_R","Bash","Uppercut+1","Iron Wave","PanicButton","Inflame+1","Headbutt","Metallicize","Shockwave+1","Headbutt","Perfected Strike+1","Shockwave","Demon Form+1","Metallicize","Carnage+1","Headbutt","Flame Barrier+1","Dark Embrace+1","Inflame","True Grit","Offering+1","PanicButton","Violence","Spot Weakness+1","True Grit+1","Reaper","Armaments+1","Shrug It Off+1"],"relics":["Black Blood","Orichalcum","Sundial","Centennial Puzzle","Red Skull","Runic Dome","Happy Flower","Red Mask","Smiling Mask","Ancient Tea Set","Bag of Preparation","Pear","Ice Cream","Bottled Lightning"],"potions_floor_usage":[16,24,33,39,41,50],"damage_taken":[{"damage":5,"enemies":"Small Slimes","floor":1,"turns":3},{"damage":5,"enemies":"Jaw Worm","floor":4,"turns":3},{"damage":0,"enemies":"2 Louse","floor":5,"turns":3},{"damage":0,"enemies":"Looter","floor":7,"turns":2},{"damage":5,"enemies":"Gremlin Nob","floor":8,"turns":3},{"damage":5,"enemies":"Lagavulin","floor":12,"turns":6},{"damage":3,"enemies":"Blue Slaver","floor":14,"turns":3},{"damage":4,"enemies":"Slime Boss","floor":16,"turns":9},{"damage":4,"enemies":"Shell Parasite","floor":18,"turns":5},{"damage":6,"enemies":"Chosen","floor":20,"turns":5},{"damage":7,"enemies":"Masked Bandits","floor":21,"turns":4},{"damage":0,"enemies":"3 Cultists","floor":24,"turns":4},{"damage":0,"enemies":"Snecko","floor":27,"turns":4},{"damage":0,"enemies":"Book of Stabbing","floor":28,"turns":4},{"damage":4,"enemies":"Chosen and Byrds","floor":31,"turns":5},{"damage":51,"enemies":"Collector","floor":33,"turns":8},{"damage":6,"enemies":"3 Shapes","floor":35,"turns":6},{"damage":8,"enemies":"Orb Walker","floor":37,"turns":4},{"damage":6,"enemies":"Transient","floor":39,"turns":5},{"damage":57,"enemies":"Reptomancer","floor":41,"turns":6},{"damage":8,"enemies":"Mind Bloom Boss Battle","floor":46,"turns":5},{"damage":20,"enemies":"4 Shapes","floor":48,"turns":4},{"damage":93,"enemies":"Awakened One","floor":50,"turns":11}],"seed_played":"91463384315562255","potions_obtained":[{"floor":1,"key":"Strength Potion"},{"floor":8,"key":"SpeedPotion"},{"floor":14,"key":"Swift Potion"},{"floor":16,"key":"BloodPotion"},{"floor":27,"key":"Strength Potion"},{"floor":31,"key":"Swift Potion"},{"floor":33,"key":"PowerPotion"},{"floor":41,"key":"Poison Potion"},{"floor":48,"key":"Fire Potion"}],"is_trial":false,"path_per_floor":["M","$","?","M","M","R","M","E","T","$","?","E","?","M","R","B",null,"M","$","M","?","?","R","M","R","T","M","E","$","R","M","R","B",null,"M","?","M","?","M","R","E","R","T","$","?","?","T","M","R","B",null],"character_chosen":"IRONCLAD","items_purchased":["Iron Wave","PanicButton","Metallicize","Shockwave","Headbutt","Metallicize","Happy Flower","Inflame","True Grit","Reaper","SteroidPotion"],"campfire_rested":1,"item_purchase_floors":[2,2,10,10,10,19,19,29,29,44,44],"current_hp_per_floor":[80,80,77,78,80,80,80,80,80,80,80,80,80,80,80,80,80,80,80,80,79,79,79,80,80,80,80,80,80,80,80,80,35,80,80,70,72,72,76,76,29,53,63,63,63,65,65,90,90,48],"gold":253,"neow_bonus":"TWO_FIFTY_GOLD","is_prod":false,"is_daily":false,"chose_seed":false,"campfire_upgraded":8,"win_rate":1,"timestamp":1556053802,"path_taken":["M","$","?","M","M","R","M","E","T","$","?","E","?","M","R","BOSS","M","$","M","?","?","R","M","R","T","M","E","$","R","M","R","BOSS","M","?","M","?","?","R","E","R","T","$","?","?","?","M","R","BOSS"],"build_version":"2019-01-23","purchased_purges":1,"victory":true,"max_hp_per_floor":[80,80,80,80,80,80,80,80,80,80,80,80,80,80,80,80,80,80,80,80,80,80,80,80,80,80,80,80,80,80,80,80,80,80,80,80,80,80,80,80,80,80,90,90,90,90,90,90,90,90],"card_choices":[{"not_picked":["Body Slam","Burning Pact"],"picked":"Uppercut","floor":1},{"not_picked":["Headbutt","Intimidate"],"picked":"Inflame","floor":4},{"not_picked":["Thunderclap","Havoc"],"picked":"Headbutt","floor":5},{"not_picked":["Second Wind","Wild Strike","Infernal Blade"],"picked":"SKIP","floor":7},{"not_picked":["Iron Wave","Brutality","Combust"],"picked":"SKIP","floor":8},{"not_picked":["Iron Wave","Thunderclap"],"picked":"Perfected Strike","floor":12},{"not_picked":["Sever Soul","Thunderclap"],"picked":"Shockwave","floor":14},{"not_picked":["Fiend Fire","Barricade"],"picked":"Demon Form","floor":16},{"not_picked":["Heavy Blade","Fire Breathing+1","Thunderclap+1"],"picked":"SKIP","floor":18},{"not_picked":["Body Slam","Wild Strike"],"picked":"Carnage+1","floor":20},{"not_picked":["Sentinel+1","Dual Wield"],"picked":"Headbutt","floor":21},{"not_picked":["Anger","Sword Boomerang"],"picked":"Flame Barrier","floor":24},{"not_picked":["Sword Boomerang","Pommel Strike"],"picked":"Dark Embrace","floor":27},{"not_picked":["Entrench","Thunderclap+1","Dual Wield"],"picked":"SKIP","floor":28},{"not_picked":["Body Slam+1","Havoc","Reckless Charge"],"picked":"SKIP","floor":31},{"not_picked":["Fiend Fire","Double Tap"],"picked":"Offering","floor":33},{"not_picked":["Clash","Anger+1","Rupture"],"picked":"SKIP","floor":35},{"not_picked":["Deep Breath","Secret Technique"],"picked":"PanicButton","floor":36},{"not_picked":["Forethought","Thinking Ahead"],"picked":"Violence","floor":36},{"not_picked":["Body Slam+1","Shrug It Off+1"],"picked":"Spot Weakness+1","floor":37},{"not_picked":["Power Through","Pummel"],"picked":"True Grit+1","floor":39},{"not_picked":["Heavy Blade","Twin Strike+1","Clothesline+1"],"picked":"SKIP","floor":41},{"not_picked":["Anger+1","Sentinel+1"],"picked":"Armaments","floor":46},{"not_picked":["Clash+1","Intimidate+1"],"picked":"Shrug It Off+1","floor":48}],"player_experience":537949,"relics_obtained":[{"floor":8,"key":"Sundial"},{"floor":9,"key":"Centennial Puzzle"},{"floor":12,"key":"Red Skull"},{"floor":21,"key":"Red Mask"},{"floor":26,"key":"Smiling Mask"},{"floor":28,"key":"Ancient Tea Set"},{"floor":41,"key":"Bag of Preparation"},{"floor":43,"key":"Pear"},{"floor":46,"key":"Ice Cream"},{"floor":47,"key":"Bottled Lightning"}],"event_choices":[{"damage_healed":0,"gold_gain":0,"player_choice":"Success","damage_taken":3,"relics_obtained":["Orichalcum"],"max_hp_gain":0,"max_hp_loss":0,"event_name":"Scrap Ooze","floor":3,"gold_loss":0},{"damage_healed":0,"gold_gain":0,"player_choice":"Grow","damage_taken":0,"max_hp_gain":0,"max_hp_loss":0,"event_name":"Living Wall","floor":11,"gold_loss":0,"cards_upgraded":["Shockwave"]},{"damage_healed":0,"gold_gain":67,"player_choice":"Gained Gold","damage_taken":0,"max_hp_gain":0,"max_hp_loss":0,"event_name":"Golden Wing","floor":13,"gold_loss":0},{"damage_healed":0,"gold_gain":0,"player_choice":"Fought Bandits","damage_taken":0,"max_hp_gain":0,"max_hp_loss":0,"event_name":"Masked Bandits","floor":21,"gold_loss":0},{"damage_healed":0,"gold_gain":0,"player_choice":"Ignored","damage_taken":0,"max_hp_gain":0,"max_hp_loss":0,"event_name":"Vampires","floor":22,"gold_loss":0},{"damage_healed":0,"gold_gain":0,"player_choice":"Memory 3","damage_taken":10,"max_hp_gain":0,"max_hp_loss":0,"event_name":"SensoryStone","floor":36,"gold_loss":0},{"damage_healed":0,"gold_gain":0,"player_choice":"0 cards matched","damage_taken":0,"max_hp_gain":0,"max_hp_loss":0,"event_name":"Match and Keep!","floor":38,"gold_loss":0,"cards_obtained":[]},{"damage_healed":0,"gold_gain":0,"player_choice":"Ignored","damage_taken":0,"max_hp_gain":0,"max_hp_loss":0,"event_name":"Mysterious Sphere","floor":45,"gold_loss":0},{"damage_healed":0,"gold_gain":0,"player_choice":"Fight","damage_taken":0,"max_hp_gain":0,"max_hp_loss":0,"event_name":"MindBloom","floor":46,"gold_loss":0}],"is_beta":false,"boss_relics":[{"not_picked":["Runic Pyramid","Philosopher\u0027s Stone"],"picked":"Runic Dome"},{"not_picked":["Runic Cube","Black Star"],"picked":"Black Blood"}],"items_purged_floors":[2],"is_endless":false,"potions_floor_spawned":[1,8,14,16,27,31,33,37,41,46,48],"ascension_level":0}