{"gold_per_floor":[110,110,126,126,51,82,102,138,138,138,0,0,44,18,18,117,117,133,183,198,198,60,60,96,96,146,146,165,190,231,255,255,351,351,375,106,125,150,100,140,165,179,202,202,243,267,267,267,267,267,267,267,267,49,85,85],"floor_reached":57,"playtime":3994,"items_purged":["Pain","Strike_B","Strike_B","Strike_B"],"score":2861,"play_id":"0ddd8692-4954-45b9-9b02-f9f8c9660c32","local_time":"20190417042349","is_ascension_mode":true,"campfire_choices":[{"data":"Zap","floor":10.0,"key":"SMITH"},{"data":"Skim","floor":15.0,"key":"SMITH"},{"data":"Hologram","floor":23.0,"key":"SMITH"},{"floor":25.0,"key":"REST"},{"data":"Skim","floor":27.0,"key":"SMITH"},{"floor":32.0,"key":"REST"},{"floor":44.0,"key":"REST"},{"floor":47.0,"key":"RECALL"},{"floor":49.0,"key":"REST"},{"floor":53.0,"key":"REST"}],"neow_cost":"NONE","seed_source_timestamp":62631872687680,"circlet_count":0,"master_deck":["AscendersBane","Strike_B","Defend_B","Defend_B+1","Defend_B+1","Defend_B","Zap+1","Dualcast","Glacier","Compile Driver","Gash","Skim+1","Gash","Capacitor","Conserve Battery","All For One","Hologram+1","Compile Driver","Skim+1","Go for the Eyes","Steam","Echo Form","Gash","Creative AI","Gash","Go for the Eyes+1","Coolheaded+1","Gash+1","Reinforced Body"],"special_seed":0,"relics":["Cracked Core","WarpedTongs","Golden Idol","Orichalcum","Kunai","Smiling Mask","Omamori","Nuclear Battery","Gremlin Horn","War Paint","Bottled Flame","Fusion Hammer","DataDisk","Meat on the Bone","Darkstone Periapt","OrangePellets","Pen Nib"],"potions_floor_usage":[56,56],"damage_taken":[{"damage":2.0,"enemies":"Jaw Worm","floor":1.0,"turns":3.0},{"damage":4.0,"enemies":"Cultist","floor":3.0,"turns":3.0},{"damage":11.0,"enemies":"Lagavulin","floor":6.0,"turns":10.0},{"damage":3.0,"enemies":"2 Louse","floor":7.0,"turns":3.0},{"damage":0.0,"enemies":"3 Sentries","floor":8.0,"turns":10.0},{"damage":3.0,"enemies":"Lagavulin","floor":13.0,"turns":5.0},{"damage":35.0,"enemies":"Slime Boss","floor":16.0,"turns":11.0},{"damage":7.0,"enemies":"Chosen","floor":18.0,"turns":6.0},{"damage":0.0,"enemies":"Shell Parasite","floor":20.0,"turns":4.0},{"damage":58.0,"enemies":"Slavers","floor":24.0,"turns":9.0},{"damage":5.0,"enemies":"3 Cultists","floor":28.0,"turns":6.0},{"damage":13.0,"enemies":"Centurion and Healer","floor":29.0,"turns":5.0},{"damage":0.0,"enemies":"Gremlin Leader","floor":30.0,"turns":6.0},{"damage":2.0,"enemies":"Snake Plant","floor":31.0,"turns":5.0},{"damage":17.0,"enemies":"Automaton","floor":33.0,"turns":12.0},{"damage":1.0,"enemies":"3 Shapes","floor":35.0,"turns":9.0},{"damage":0.0,"enemies":"Orb Walker","floor":37.0,"turns":3.0},{"damage":9.0,"enemies":"Spire Growth","floor":38.0,"turns":6.0},{"damage":0.0,"enemies":"Giant Head","floor":40.0,"turns":7.0},{"damage":0.0,"enemies":"3 Darklings","floor":41.0,"turns":3.0},{"damage":11.0,"enemies":"Writhing Mass","floor":42.0,"turns":7.0},{"damage":0.0,"enemies":"Nemesis","floor":45.0,"turns":3.0},{"damage":7.0,"enemies":"Jaw Worm Horde","floor":46.0,"turns":4.0},{"damage":17.0,"enemies":"Awakened One","floor":50.0,"turns":16.0},{"damage":39.0,"enemies":"Time Eater","floor":51.0,"turns":17.0},{"damage":42.0,"enemies":"Shield and Spear","floor":55.0,"turns":6.0},{"damage":47,"enemies":"The Heart","floor":56,"turns":13}],"seed_played":"-835467865120349285","potions_obtained":[{"floor":0.0,"key":"AttackPotion"},{"floor":0.0,"key":"EssenceOfSteel"},{"floor":8.0,"key":"Ancient Potion"},{"floor":13.0,"key":"SpeedPotion"},{"floor":55.0,"key":"SpeedPotion"}],"is_trial":false,"path_per_floor":["M","?","M","?","$","E","M","E","T","R","$","?","E","$","R","B",null,"M","?","M","?","$","R","E","R","T","R","M","M","E","M","R","B",null,"M","$","M","M","$","E","M","M","T","R","E","M","R","?","R","B","B",null,"R","$","E","B",null],"character_chosen":"DEFECT","items_purchased":["Skim","Gash","Conserve Battery","Skim","DataDisk","Gash","OrangePellets"],"campfire_rested":5,"item_purchase_floors":[11,11,14,22,36,36,54],"current_hp_per_floor":[62,62,58,58,58,47,44,44,44,44,44,49,46,46,46,11,55,48,48,48,79,79,79,21,44,44,44,39,26,26,24,47,30,67,66,66,66,57,57,57,57,46,46,69,69,62,62,62,79,62,35,68,79,79,49,14],"gold":85,"neow_bonus":"THREE_SMALL_POTIONS","is_prod":false,"is_daily":false,"chose_seed":false,"campfire_upgraded":4,"win_rate":0,"timestamp":1555500229,"path_taken":["M","?","?","?","$","E","M","E","T","R","$","?","E","$","R","BOSS","M","?","M","?","$","R","E","R","T","R","M","M","E","M","R","BOSS","M","$","M","M","$","E","M","?","T","R","E","M","R","?","R","BOSS","BOSS","R","$","E","BOSS"],"build_version":"2019-04-04","purchased_purges":4,"victory":true,"max_hp_per_floor":[71,71,71,64,64,64,64,64,64,64,64,69,69,69,69,69,69,69,69,69,79,79,79,79,79,79,79,79,79,79,79,79,79,79,79,79,79,79,79,79,79,79,79,79,79,79,79,79,79,79,79,79,79,79,79,79],"card_choices":[{"not_picked":["Leap","Go for the Eyes","Gash"],"picked":"SKIP","floor":1.0},{"not_picked":["FTL","Leap"],"picked":"Glacier","floor":3.0},{"not_picked":["Chill","Meteor Strike"],"picked":"Rainbow","floor":6.0},{"not_picked":["Leap","Tempest"],"picked":"Compile Driver","floor":7.0},{"not_picked":["Double Energy","Rip and Tear"],"picked":"Gash","floor":8.0},{"not_picked":["Tempest","BootSequence"],"picked":"Capacitor","floor":13.0},{"not_picked":["Thunder Strike","Biased Cognition"],"picked":"All For One","floor":16.0},{"not_picked":["Aggregate","Coolheaded"],"picked":"Hologram","floor":18.0},{"not_picked":["Hello World","Reinforced Body"],"picked":"Compile Driver","floor":20.0},{"not_picked":["Beam Cell","Compile Driver"],"picked":"Go for the Eyes","floor":24.0},{"not_picked":["Scrape","Rip and Tear+1","Compile Driver"],"picked":"SKIP","floor":28.0},{"not_picked":["Cold Snap","Multi-Cast","Hello World"],"picked":"SKIP","floor":29.0},{"not_picked":["Sweeping Beam","Streamline"],"picked":"Steam","floor":30.0},{"not_picked":["Turbo","Steam Power","Undo"],"picked":"SKIP","floor":31.0},{"not_picked":["Meteor Strike","Machine Learning"],"picked":"Echo Form","floor":33.0},{"not_picked":["Sweeping Beam","Barrage","Compile Driver"],"picked":"SKIP","floor":35.0},{"not_picked":["Gash","Sweeping Beam+1"],"picked":"Creative AI","floor":37.0},{"not_picked":["Double Energy","Rebound","Fusion"],"picked":"SKIP","floor":38.0},{"not_picked":["Reprogram","Sweeping Beam+1"],"picked":"Gash","floor":40.0},{"not_picked":["Chill","Sweeping Beam","Consume"],"picked":"SKIP","floor":41.0},{"not_picked":["Stack","Compile Driver"],"picked":"Go for the Eyes+1","floor":42.0},{"not_picked":["Reboot","Ball Lightning"],"picked":"Coolheaded+1","floor":45.0},{"not_picked":["Coolheaded","Aggregate+1"],"picked":"Gash+1","floor":46.0},{"not_picked":["Stack","Machine Learning"],"picked":"Reinforced Body","floor":55.0}],"player_experience":1411770,"relics_obtained":[{"floor":6.0,"key":"Orichalcum"},{"floor":8.0,"key":"Kunai"},{"floor":9.0,"key":"Smiling Mask"},{"floor":13.0,"key":"Omamori"},{"floor":24.0,"key":"Gremlin Horn"},{"floor":26.0,"key":"War Paint"},{"floor":30.0,"key":"Bottled Flame"},{"floor":40.0,"key":"Meat on the Bone"},{"floor":45.0,"key":"Darkstone Periapt"},{"floor":55.0,"key":"Pen Nib"}],"event_choices":[{"damage_healed":0.0,"max_hp_gain":0.0,"max_hp_loss":0.0,"gold_gain":0.0,"event_name":"Accursed Blacksmith","player_choice":"Rummage","floor":2.0,"gold_loss":0.0,"damage_taken":0.0,"relics_obtained":["WarpedTongs"],"cards_obtained":["Pain"]},{"damage_healed":0.0,"max_hp_gain":0.0,"max_hp_loss":7.0,"gold_gain":0.0,"event_name":"Golden Idol","player_choice":"Lose Max HP","floor":4.0,"gold_loss":0.0,"damage_taken":0.0,"relics_obtained":["Golden Idol"]},{"damage_healed":0.0,"max_hp_gain":5.0,"max_hp_loss":0.0,"gold_gain":0.0,"event_name":"Big Fish","player_choice":"Donut","floor":12.0,"gold_loss":0.0,"damage_taken":0.0},{"damage_healed":0.0,"max_hp_gain":0.0,"max_hp_loss":0.0,"gold_gain":50.0,"event_name":"Nest","player_choice":"Stole From Cult","floor":19.0,"gold_loss":0.0,"damage_taken":0.0},{"cards_removed":["Rainbow"],"damage_healed":21.0,"max_hp_gain":10.0,"max_hp_loss":0.0,"gold_gain":0.0,"event_name":"Bonfire Elementals","player_choice":"Offered Rare","floor":21.0,"gold_loss":0.0,"damage_taken":0.0},{"damage_healed":0.0,"max_hp_gain":0.0,"max_hp_loss":0.0,"gold_gain":0.0,"event_name":"Tomb of Lord Red Mask","player_choice":"Ignored","floor":48.0,"gold_loss":0.0,"damage_taken":0.0}],"is_beta":true,"boss_relics":[{"not_picked":["Calling Bell","Sozu"],"picked":"Nuclear Battery"},{"not_picked":["Velvet Choker","Empty Cage"],"picked":"Fusion Hammer"}],"items_purged_floors":[5,22,36,39],"is_endless":false,"potions_floor_spawned":[6,8,13,16,18,20,30,35,40,41,55],"ascension_level":20}