{"gold_per_floor":[113,113,126,141,141,141,184,184,207,68,84,105,119,134,134,265,265,279,279,32,32,45,86,86,106,106,205,205,225,248,39,39,39],"floor_reached":33,"playtime":4362,"items_purged":["Defend_B"],"score":269,"play_id":"d1a2890f-5bd6-4f63-acea-8e695117543b","local_time":"20190420195426","is_ascension_mode":false,"campfire_choices":[{"data":"Zap","floor":6,"key":"SMITH"},{"data":"White Noise","floor":8,"key":"SMITH"},{"floor":15,"key":"REST"},{"floor":24,"key":"REST"},{"data":"Rainbow","floor":28,"key":"SMITH"},{"data":"Blind","floor":32,"key":"SMITH"}],"neow_cost":"NONE","seed_source_timestamp":944927960295569,"circlet_count":0,"master_deck":["Strike_B","Strike_B","Defend_B","Defend_B","Zap+1","Dualcast","Tempest+1","Barrage+1","Go for the Eyes+1","Redo","Conserve Battery","White Noise+1","Reboot","Self Repair","Glacier","Conserve Battery","Rainbow+1","FTL","Ball Lightning","Purity","Compile Driver+1","Genetic Algorithm","Reinforced Body+1","Chill","Blind+1"],"relics":["Astrolabe","Golden Idol","Pen Nib","Centennial Puzzle","White Beast Statue","Happy Flower","Oddly Smooth Stone","WingedGreaves"],"potions_floor_usage":[7,13,13,18,22,23,23,29,29,30,33],"damage_taken":[{"damage":8,"enemies":"Jaw Worm","floor":1,"turns":2},{"damage":1,"enemies":"Cultist","floor":3,"turns":3},{"damage":3,"enemies":"Small Slimes","floor":4,"turns":2},{"damage":6,"enemies":"Lagavulin","floor":7,"turns":3},{"damage":11,"enemies":"2 Fungi Beasts","floor":11,"turns":3},{"damage":23,"enemies":"Gremlin Gang","floor":12,"turns":5},{"damage":2,"enemies":"3 Louse","floor":13,"turns":2},{"damage":6,"enemies":"Exordium Wildlife","floor":14,"turns":2},{"damage":40,"enemies":"Slime Boss","floor":16,"turns":16},{"damage":24,"enemies":"2 Thieves","floor":18,"turns":5},{"damage":3,"enemies":"Chosen","floor":22,"turns":3},{"damage":17,"enemies":"Slavers","floor":23,"turns":6},{"damage":6,"enemies":"Centurion and Healer","floor":25,"turns":6},{"damage":15,"enemies":"Snake Plant","floor":29,"turns":3},{"damage":9,"enemies":"Snecko","floor":30,"turns":4},{"damage":58,"enemies":"Automaton","floor":33,"turns":6}],"seed_played":"2977257137260395383","potions_obtained":[{"floor":3,"key":"Dexterity Potion"},{"floor":4,"key":"FocusPotion"},{"floor":12,"key":"Explosive Potion"},{"floor":13,"key":"Dexterity Potion"},{"floor":16,"key":"Explosive Potion"},{"floor":18,"key":"Weak Potion"},{"floor":22,"key":"Weak Potion"},{"floor":23,"key":"LiquidBronze"},{"floor":25,"key":"Fire Potion"},{"floor":29,"key":"SteroidPotion"},{"floor":30,"key":"SpeedPotion"}],"is_trial":false,"path_per_floor":["M","?","M","M","?","R","E","R","T","$","M","M","M","M","R","B",null,"M","?","$","?","M","E","R","M","T","?","R","M","M","$","R","B"],"character_chosen":"DEFECT","items_purchased":["Reboot","Happy Flower","Ball Lightning","Poison Potion","Blind","Swift Potion"],"campfire_rested":2,"item_purchase_floors":[10,20,20,20,31,31],"current_hp_per_floor":[67,67,66,63,63,63,57,57,57,57,46,30,28,22,42,9,69,52,52,52,40,44,34,54,55,55,55,55,47,45,45,45,0],"gold":39,"neow_bonus":"BOSS_RELIC","is_prod":false,"is_daily":false,"chose_seed":false,"campfire_upgraded":4,"win_rate":0.0,"timestamp":1555804466,"path_taken":["M","?","M","M","?","R","E","R","T","?","M","M","M","?","R","BOSS","M","?","$","?","M","E","R","?","T","?","R","M","M","?","R","BOSS"],"build_version":"2019-01-23","purchased_purges":1,"victory":false,"max_hp_per_floor":[75,75,75,75,69,69,69,69,69,69,69,69,69,69,69,69,69,69,69,69,69,69,69,69,69,69,69,69,69,69,69,69,69],"card_choices":[{"not_picked":["Hologram","Streamline","Double Energy"],"picked":"SKIP","floor":1},{"not_picked":["Gash","Streamline"],"picked":"Redo","floor":3},{"not_picked":["Melter","Buffer"],"picked":"Conserve Battery","floor":4},{"not_picked":["Go for the Eyes","Barrage"],"picked":"White Noise","floor":7},{"not_picked":["Conserve Battery","Double Energy"],"picked":"Self Repair","floor":11},{"not_picked":["Compile Driver","Blizzard","Reprogram"],"picked":"SKIP","floor":12},{"not_picked":["Go for the Eyes","Streamline"],"picked":"Glacier","floor":13},{"not_picked":["Gash","Glacier"],"picked":"Conserve Battery","floor":14},{"not_picked":["Amplify","Reboot"],"picked":"Rainbow","floor":16},{"not_picked":["Barrage","Beam Cell"],"picked":"FTL","floor":18},{"not_picked":["Ball Lightning","Gash","Redo"],"picked":"SKIP","floor":22},{"not_picked":["Rip and Tear","Static Discharge+1"],"picked":"Compile Driver+1","floor":23},{"not_picked":["Static Discharge","Beam Cell"],"picked":"Genetic Algorithm","floor":25},{"not_picked":["Doom and Gloom","Coolheaded"],"picked":"Reinforced Body+1","floor":29},{"not_picked":["Barrage","Conserve Battery"],"picked":"Chill","floor":30}],"player_experience":30063,"relics_obtained":[{"floor":7,"key":"Pen Nib"},{"floor":9,"key":"Centennial Puzzle"},{"floor":23,"key":"Oddly Smooth Stone"},{"floor":26,"key":"WingedGreaves"}],"event_choices":[{"damage_healed":0,"gold_gain":0,"player_choice":"Ignored","damage_taken":0,"max_hp_gain":0,"max_hp_loss":0,"event_name":"Liars Game","floor":2,"gold_loss":0},{"damage_healed":0,"gold_gain":0,"player_choice":"Lose Max HP","damage_taken":0,"relics_obtained":["Golden Idol"],"max_hp_gain":0,"max_hp_loss":6,"event_name":"Golden Idol","floor":5,"gold_loss":0},{"damage_healed":0,"gold_gain":0,"player_choice":"Ignored","damage_taken":0,"max_hp_gain":0,"max_hp_loss":0,"event_name":"Beggar","floor":19,"gold_loss":0},{"damage_healed":0,"gold_gain":0,"player_choice":"CARD ","damage_taken":12,"max_hp_gain":0,"max_hp_loss":0,"event_name":"Knowing Skull","floor":21,"potions_obtained":[],"gold_loss":0,"cards_obtained":["Purity"]},{"damage_healed":0,"gold_gain":99,"player_choice":"Stole From Cult","damage_taken":0,"max_hp_gain":0,"max_hp_loss":0,"event_name":"Nest","floor":27,"gold_loss":0}],"is_beta":false,"boss_relics":[{"not_picked":["Busted Crown","Velvet Choker"],"picked":"White Beast Statue"}],"items_purged_floors":[31],"is_endless":false,"potions_floor_spawned":[3,4,12,13,16,18,22,23,25,29,30],"killed_by":"Automaton","ascension_level":0}