{"gold_per_floor":[117,392,407,422,439,473,473,488,488,488,488,516,530,225,225,325,325,340,58,58,58,58,58,92,92,92,109,128,156,176,176,176,275,275,285,185,197,217,92,124,124,137,191,221,221],"floor_reached":45,"playtime":3081,"items_purged":["Strike_R","Shame","Regret"],"score":600,"play_id":"c69f8b9f-349a-43cf-81ff-6e482259b7cf","local_time":"20190421134852","is_ascension_mode":true,"campfire_choices":[{"data":"Bash","floor":7,"key":"SMITH"},{"data":"Disarm","floor":10,"key":"SMITH"},{"data":"Armaments","floor":15,"key":"SMITH"},{"data":"True Grit","floor":23,"key":"SMITH"},{"data":"Limit Break","floor":25,"key":"SMITH"},{"data":"Ghostly Armor","floor":32,"key":"SMITH"},{"data":"Feed","floor":41,"key":"SMITH"}],"neow_cost":"NONE","seed_source_timestamp":433740289858667,"circlet_count":0,"master_deck":["Strike_R+1","Defend_R","Defend_R","Defend_R","Defend_R","Bash+1","Limit Break+1","Shrug It Off","Iron Wave","Cleave","Warcry","Disarm+1","Headbutt+1","True Grit+1","Shockwave","Armaments+1","Cleave","Fiend Fire+1","Twin Strike+1","Feel No Pain","Disarm+1","Shrug It Off+1","Whirlwind+1","Ghostly Armor+1","Feed+1","Pommel Strike+1","Sever Soul+1","Seeing Red+1","Battle Trance+1","Warcry+1","Pummel"],"relics":["Burning Blood","Red Skull","Pantograph","Pen Nib","Incense Burner","Whetstone","Velvet Choker","Brimstone","Ancient Tea Set","Bronze Scales","Bag of Marbles","Anchor","Astrolabe","Charon\u0027s Ashes","Potion Belt"],"potions_floor_usage":[13],"damage_taken":[{"damage":6,"enemies":"Jaw Worm","floor":1,"turns":3},{"damage":11,"enemies":"Cultist","floor":3,"turns":4},{"damage":2,"enemies":"Small Slimes","floor":4,"turns":4},{"damage":4,"enemies":"2 Fungi Beasts","floor":5,"turns":3},{"damage":42,"enemies":"3 Sentries","floor":6,"turns":10},{"damage":12,"enemies":"Large Slime","floor":8,"turns":4},{"damage":13,"enemies":"Gremlin Nob","floor":12,"turns":3},{"damage":5,"enemies":"Lots of Slimes","floor":13,"turns":3},{"damage":13,"enemies":"Slime Boss","floor":16,"turns":8},{"damage":9,"enemies":"2 Thieves","floor":18,"turns":4},{"damage":16,"enemies":"Book of Stabbing","floor":24,"turns":5},{"damage":0,"enemies":"3 Byrds","floor":27,"turns":2},{"damage":2,"enemies":"Shelled Parasite and Fungi","floor":28,"turns":5},{"damage":19,"enemies":"Slavers","floor":29,"turns":4},{"damage":3,"enemies":"Centurion and Healer","floor":30,"turns":4},{"damage":46,"enemies":"Automaton","floor":33,"turns":8},{"damage":22,"enemies":"3 Darklings","floor":35,"turns":3},{"damage":0,"enemies":"Orb Walker","floor":37,"turns":2},{"damage":8,"enemies":"Maw","floor":38,"turns":5},{"damage":1,"enemies":"Nemesis","floor":40,"turns":5},{"damage":0,"enemies":"Sphere and 2 Shapes","floor":42,"turns":3},{"damage":29,"enemies":"Reptomancer","floor":44,"turns":4},{"damage":71,"enemies":"Writhing Mass","floor":45,"turns":4}],"seed_played":"-823863199776692238","potions_obtained":[{"floor":1,"key":"Poison Potion"},{"floor":4,"key":"EssenceOfSteel"},{"floor":8,"key":"EntropicBrew"},{"floor":16,"key":"FearPotion"},{"floor":29,"key":"Ancient Potion"}],"is_trial":false,"path_per_floor":["M","?","M","M","M","E","R","M","T","R","?","E","M","$","R","B",null,"M","$","?","$","?","R","E","R","T","M","M","E","M","?","R","B",null,"M","$","M","M","$","E","R","M","T","E","M"],"character_chosen":"IRONCLAD","items_purchased":["Whetstone","Armaments","Cleave","Brimstone","Feel No Pain"],"campfire_rested":0,"item_purchase_floors":[14,14,14,19,19],"current_hp_per_floor":[80,80,75,79,80,44,44,38,38,38,31,24,25,25,25,43,80,77,77,77,77,77,77,67,67,67,73,77,64,67,67,67,40,80,64,64,70,68,68,73,73,83,83,60,0],"gold":221,"neow_bonus":"ONE_RANDOM_RARE_CARD","is_prod":false,"is_daily":false,"chose_seed":false,"campfire_upgraded":7,"win_rate":0,"timestamp":1555834732,"path_taken":["M","?","?","M","M","E","R","M","T","R","?","E","M","$","R","BOSS","M","$","?","$","?","R","E","R","T","M","M","E","?","?","R","BOSS","M","$","M","M","?","E","R","M","T","E","M"],"build_version":"2019-01-23","purchased_purges":3,"victory":false,"max_hp_per_floor":[80,80,80,80,80,80,80,80,80,80,80,80,80,80,80,80,80,80,80,80,80,80,80,80,80,80,80,80,80,80,80,80,80,80,80,80,80,80,80,80,80,84,84,84,84],"card_choices":[{"not_picked":["Sever Soul","Reckless Charge"],"picked":"Shrug It Off","floor":1},{"not_picked":["Wild Strike","Cleave"],"picked":"Iron Wave","floor":3},{"not_picked":["Havoc","Warcry"],"picked":"Cleave","floor":4},{"not_picked":["Second Wind","Dropkick"],"picked":"Warcry","floor":5},{"not_picked":["Clothesline","Clash"],"picked":"Disarm","floor":6},{"not_picked":["Clothesline","Clash"],"picked":"Headbutt","floor":8},{"not_picked":["Twin Strike","Armaments"],"picked":"True Grit","floor":12},{"not_picked":["Perfected Strike","Offering"],"picked":"Shockwave","floor":13},{"not_picked":["Exhume","Immolate"],"picked":"Fiend Fire","floor":16},{"not_picked":["Rage","Armaments"],"picked":"Twin Strike+1","floor":18},{"not_picked":["Fiend Fire","Dropkick"],"picked":"Shrug It Off+1","floor":24},{"not_picked":["Havoc","Metallicize","Twin Strike"],"picked":"SKIP","floor":27},{"not_picked":["Heavy Blade","Evolve+1"],"picked":"Whirlwind+1","floor":28},{"not_picked":["Searing Blow","Anger"],"picked":"Ghostly Armor","floor":29},{"not_picked":["Shockwave","Cleave","Armaments+1"],"picked":"SKIP","floor":30},{"not_picked":["Brutality","Exhume"],"picked":"Feed","floor":33},{"not_picked":["Corruption","Clash"],"picked":"Battle Trance+1","floor":35},{"not_picked":["Second Wind","Intimidate","Headbutt"],"picked":"SKIP","floor":37},{"not_picked":["Cleave","Havoc+1","Metallicize+1"],"picked":"SKIP","floor":38},{"not_picked":["Power Through+1","Twin Strike+1","Second Wind"],"picked":"SKIP","floor":40},{"not_picked":["Clash","Fiend Fire"],"picked":"Warcry+1","floor":42},{"not_picked":["Flex+1","Armaments"],"picked":"Pummel","floor":44}],"player_experience":96593,"relics_obtained":[{"floor":6,"key":"Red Skull"},{"floor":9,"key":"Pantograph"},{"floor":12,"key":"Incense Burner"},{"floor":24,"key":"Bronze Scales"},{"floor":26,"key":"Bag of Marbles"},{"floor":29,"key":"Anchor"},{"floor":40,"key":"Charon\u0027s Ashes"},{"floor":44,"key":"Potion Belt"}],"event_choices":[{"damage_healed":0,"gold_gain":275,"player_choice":"Desecrate","damage_taken":0,"max_hp_gain":0,"max_hp_loss":0,"event_name":"Golden Shrine","floor":2,"gold_loss":0,"cards_obtained":["Regret"]},{"damage_healed":0,"gold_gain":0,"player_choice":"Success","damage_taken":7,"relics_obtained":["Pen Nib"],"max_hp_gain":0,"max_hp_loss":0,"event_name":"Scrap Ooze","floor":11,"gold_loss":0},{"damage_healed":0,"gold_gain":0,"player_choice":"Stole Relic","damage_taken":0,"relics_obtained":["Ancient Tea Set"],"max_hp_gain":0,"max_hp_loss":0,"event_name":"Addict","floor":20,"gold_loss":0,"cards_obtained":["Shame"]},{"damage_healed":0,"gold_gain":0,"player_choice":"Copied","damage_taken":0,"max_hp_gain":0,"max_hp_loss":0,"event_name":"Duplicator","floor":22,"gold_loss":0,"cards_obtained":["Disarm"]},{"damage_healed":0,"gold_gain":0,"player_choice":"Upgraded","damage_taken":0,"max_hp_gain":0,"max_hp_loss":0,"event_name":"Upgrade Shrine","floor":31,"gold_loss":0,"cards_upgraded":["Fiend Fire"]}],"is_beta":false,"boss_relics":[{"not_picked":["Runic Pyramid","Sozu"],"picked":"Velvet Choker"},{"not_picked":["Black Star","Pandora\u0027s Box"],"picked":"Astrolabe"}],"items_purged_floors":[14,36,39],"is_endless":false,"potions_floor_spawned":[1,4,8,16,18,29,30,40],"killed_by":"Writhing Mass","ascension_level":1}