{"gold_per_floor":[111,124,124,124,71,100,117,42,98,126,136,154,174,89,89,163,163,175,175,193,193],"floor_reached":21,"playtime":633,"items_purged":["Strike_G"],"score":432,"play_id":"607cdcf3-aa38-4db6-9f3f-c2a20ede4d34","local_time":"20190211045711","is_ascension_mode":true,"campfire_choices":[{"floor":15.0,"key":"REST"}],"neow_cost":"NONE","seed_source_timestamp":1555199049340328,"circlet_count":0,"master_deck":["AscendersBane","Defend_G","Defend_G","Defend_G","Defend_G","Defend_G","Survivor","Neutralize","Deadly Poison","Crippling Poison","Endless Agony","Glass Knife","Poisoned Stab","Noxious Fumes","Noxious Fumes","Adrenaline","Unload+1","Night Terror+1","PiercingWail"],"special_seed":0,"relics":["Ring of the Snake","NeowsBlessing","Centennial Puzzle","Potion Belt","Tiny Chest","Snake Skull","Astrolabe"],"potions_floor_usage":[16,16,16],"damage_taken":[{"damage":0.0,"enemies":"Small Slimes","floor":1.0,"turns":1.0},{"damage":0.0,"enemies":"Jaw Worm","floor":2.0,"turns":1.0},{"damage":0.0,"enemies":"3 Sentries","floor":6.0,"turns":2.0},{"damage":0.0,"enemies":"2 Louse","floor":7.0,"turns":2.0},{"damage":37.0,"enemies":"Lagavulin","floor":10.0,"turns":10.0},{"damage":1.0,"enemies":"Red Slaver","floor":11.0,"turns":2.0},{"damage":1.0,"enemies":"Looter","floor":12.0,"turns":3.0},{"damage":0.0,"enemies":"2 Fungi Beasts","floor":13.0,"turns":2.0},{"damage":10,"enemies":"Slime Boss","floor":16,"turns":8},{"damage":7,"enemies":"Chosen","floor":18,"turns":4},{"damage":20,"enemies":"3 Byrds","floor":20,"turns":3},{"damage":5,"enemies":"Snecko","floor":21,"turns":3}],"seed_played":"-3181325342475638878","potions_obtained":[{"floor":6.0,"key":"SteroidPotion"},{"floor":7.0,"key":"Ancient Potion"},{"floor":12.0,"key":"SkillPotion"},{"floor":13.0,"key":"PowerPotion"},{"floor":18,"key":"Poison Potion"},{"floor":20,"key":"SpeedPotion"}],"is_trial":false,"path_per_floor":["M","M","?","?","$","E","M","$","T","E","M","M","M","$","R","B",null,"M","?","M","M"],"character_chosen":"THE_SILENT","items_purchased":["Explosive Potion","Noxious Fumes"],"campfire_rested":1,"item_purchase_floors":[5,14],"current_hp_per_floor":[59,59,48,41,41,41,41,41,41,4,3,2,2,2,21,11,52,45,45,25,20],"gold":193,"neow_bonus":"THREE_ENEMY_KILL","is_prod":false,"is_daily":false,"chose_seed":false,"campfire_upgraded":0,"win_rate":0,"timestamp":1549889831,"path_taken":["M","M","?","?","?","E","M","$","T","E","?","M","M","$","R","BOSS","M","?","?","M"],"build_version":"2019-02-06","purchased_purges":1,"victory":false,"max_hp_per_floor":[66,66,66,66,66,66,66,66,66,66,66,66,66,66,66,66,66,66,66,66,66],"card_choices":[{"not_picked":["Deflect","Blur","Flechettes"],"picked":"SKIP","floor":1.0},{"not_picked":["Setup","Choke"],"picked":"Deadly Poison","floor":2.0},{"not_picked":["Bouncing Flask","Slice"],"picked":"Crippling Poison","floor":6.0},{"not_picked":["Acrobatics","Blade Dance"],"picked":"Endless Agony","floor":7.0},{"not_picked":["Skewer","Dagger Throw"],"picked":"Glass Knife","floor":10.0},{"not_picked":["Choke","Flechettes"],"picked":"Poisoned Stab","floor":11.0},{"not_picked":["Flechettes","Eviscerate"],"picked":"Noxious Fumes","floor":12.0},{"not_picked":["Slice","Sucker Punch","Underhanded Strike"],"picked":"SKIP","floor":13.0},{"not_picked":["Tools of the Trade","Unload"],"picked":"Adrenaline","floor":16},{"not_picked":["Cloak And Dagger","Blade Dance","Reflex"],"picked":"SKIP","floor":18},{"not_picked":["Dagger Spray","Deflect"],"picked":"PiercingWail","floor":20}],"player_experience":1134731,"relics_obtained":[{"floor":6.0,"key":"Potion Belt"},{"floor":9.0,"key":"Tiny Chest"},{"floor":10.0,"key":"Snake Skull"}],"event_choices":[{"damage_healed":0.0,"max_hp_gain":0.0,"max_hp_loss":0.0,"gold_gain":0.0,"event_name":"Scrap Ooze","player_choice":"Success","floor":3.0,"gold_loss":0.0,"damage_taken":11.0,"relics_obtained":["Centennial Puzzle"]},{"cards_removed":["Strike_G"],"damage_healed":0.0,"max_hp_gain":0.0,"max_hp_loss":0.0,"gold_gain":0.0,"event_name":"Golden Wing","player_choice":"Card Removal","floor":4.0,"gold_loss":0.0,"damage_taken":7.0},{"cards_removed":["Storm of Steel"],"damage_healed":0,"gold_gain":0,"player_choice":"Purged","damage_taken":0,"max_hp_gain":0,"max_hp_loss":0,"event_name":"Purifier","floor":19,"gold_loss":0}],"is_beta":true,"boss_relics":[{"not_picked":["Black Star","Sozu"],"picked":"Astrolabe"}],"items_purged_floors":[8],"is_endless":false,"potions_floor_spawned":[6,7,12,13,18,20],"killed_by":"Snecko","ascension_level":20}