{"gold_per_floor":[219,230,230,246,396,396,423,56,107,117,117,117,147,166,166,241,241,260,279,179,193,203,203,229,229,229,260,271,299,299,317,317,317],"floor_reached":33,"playtime":1429,"items_purged":["Doubt","Strike_R"],"score":684,"play_id":"26d1cddc-b9f1-4fcb-8b5f-21a91eded34d","local_time":"20190315203409","is_ascension_mode":true,"campfire_choices":[{"data":"Bash","floor":6.0,"key":"SMITH"},{"data":"Immolate","floor":12.0,"key":"SMITH"},{"data":"Spot Weakness","floor":15.0,"key":"SMITH"},{"floor":23,"key":"REST"},{"data":"Armaments","floor":25,"key":"SMITH"},{"floor":32,"key":"REST"}],"neow_cost":"NONE","seed_source_timestamp":41432155163930,"circlet_count":0,"master_deck":["AscendersBane","Strike_R","Strike_R","Defend_R","Defend_R","Defend_R","Defend_R","Bash+1","Spot Weakness+1","Feed","Battle Trance","Shrug It Off","Whirlwind","Spot Weakness","Immolate+1","Armaments+1","Sword Boomerang","Fiend Fire","Feel No Pain","Ghostly","Ghostly","Ghostly"],"special_seed":0,"relics":["Burning Blood","Oddly Smooth Stone","Bag of Preparation","Blood Vial","Red Skull","White Beast Statue","Potion Belt","Ornamental Fan","Shuriken","Unceasing Top"],"potions_floor_usage":[19,21,22,24,29,33,33],"damage_taken":[{"damage":4.0,"enemies":"Jaw Worm","floor":1.0,"turns":4.0},{"damage":4.0,"enemies":"Small Slimes","floor":2.0,"turns":4.0},{"damage":7.0,"enemies":"Cultist","floor":4.0,"turns":4.0},{"damage":63.0,"enemies":"Lagavulin","floor":7.0,"turns":9.0},{"damage":0.0,"enemies":"Exordium Wildlife","floor":10.0,"turns":4.0},{"damage":8.0,"enemies":"Gremlin Nob","floor":13.0,"turns":3.0},{"damage":0.0,"enemies":"2 Fungi Beasts","floor":14.0,"turns":2.0},{"damage":26.0,"enemies":"The Guardian","floor":16.0,"turns":14.0},{"damage":27,"enemies":"3 Byrds","floor":18,"turns":3},{"damage":15,"enemies":"2 Thieves","floor":19,"turns":3},{"damage":16,"enemies":"Centurion and Healer","floor":21,"turns":9},{"damage":44,"enemies":"Shelled Parasite and Fungi","floor":22,"turns":9},{"damage":0,"enemies":"Gremlin Leader","floor":24,"turns":5},{"damage":39,"enemies":"Slavers","floor":27,"turns":4},{"damage":26,"enemies":"Chosen and Byrds","floor":28,"turns":5},{"damage":20,"enemies":"Book of Stabbing","floor":29,"turns":3},{"damage":12,"enemies":"Cultist and Chosen","floor":31,"turns":6},{"damage":3,"enemies":"Collector","floor":33,"turns":5}],"seed_played":"4040675994443939581","potions_obtained":[{"floor":4.0,"key":"SteroidPotion"},{"floor":7.0,"key":"SteroidPotion"},{"floor":14.0,"key":"GamblersBrew"},{"floor":16.0,"key":"FairyPotion"},{"floor":18,"key":"Block Potion"},{"floor":19,"key":"Weak Potion"},{"floor":21,"key":"Regen Potion"},{"floor":22,"key":"Poison Potion"},{"floor":24,"key":"SpeedPotion"},{"floor":27,"key":"Strength Potion"},{"floor":28,"key":"SteroidPotion"},{"floor":29,"key":"SkillPotion"},{"floor":31,"key":"SpeedPotion"}],"is_trial":false,"path_per_floor":["M","M","?","M","?","R","E","$","T","M","?","R","E","M","R","B",null,"M","M","$","M","M","R","E","R","T","E","M","E","?","M","R","B"],"character_chosen":"IRONCLAD","items_purchased":["Bag of Preparation","Shrug It Off","Whirlwind"],"campfire_rested":2,"item_purchase_floors":[8,8,8],"current_hp_per_floor":[70,72,65,64,64,64,7,7,7,18,18,18,18,26,26,11,64,48,44,44,40,19,46,57,57,57,30,15,16,16,12,27,26],"gold":317,"neow_bonus":"HUNDRED_GOLD","is_prod":false,"is_daily":false,"chose_seed":false,"campfire_upgraded":4,"win_rate":0,"timestamp":1552707249,"path_taken":["M","M","?","M","?","R","E","$","T","M","?","R","E","M","R","BOSS","M","M","$","?","M","R","E","R","T","E","M","E","?","M","R","BOSS"],"build_version":"2019-02-06","purchased_purges":2,"victory":false,"max_hp_per_floor":[75,75,75,75,75,75,75,75,75,78,78,78,78,78,78,81,81,84,87,87,91,91,91,94,94,94,98,101,101,50,50,50,50],"card_choices":[{"not_picked":["Thunderclap","True Grit"],"picked":"Spot Weakness","floor":1.0},{"not_picked":["True Grit","Intimidate","Wild Strike"],"picked":"SKIP","floor":2.0},{"not_picked":["Anger","True Grit"],"picked":"Feed","floor":4.0},{"not_picked":["Rupture","Perfected Strike"],"picked":"Battle Trance","floor":7.0},{"not_picked":["Cleave","Twin Strike"],"picked":"Spot Weakness","floor":10.0},{"not_picked":["Anger","Headbutt","Bludgeon"],"picked":"SKIP","floor":13.0},{"not_picked":["Clash","Havoc","Sever Soul"],"picked":"SKIP","floor":14.0},{"not_picked":["Armaments","Wild Strike","Dual Wield"],"picked":"SKIP","floor":18},{"not_picked":["Flex","Heavy Blade"],"picked":"Armaments","floor":19},{"not_picked":["Cleave","Second Wind"],"picked":"Sword Boomerang","floor":21},{"not_picked":["Rage","Heavy Blade"],"picked":"Fiend Fire","floor":22},{"not_picked":["Bludgeon","Warcry","Rampage"],"picked":"SKIP","floor":24},{"not_picked":["Rupture","Carnage","Dropkick"],"picked":"SKIP","floor":27},{"not_picked":["Clash","Infernal Blade","Sever Soul"],"picked":"SKIP","floor":28},{"not_picked":["Feed","Infernal Blade"],"picked":"Feel No Pain","floor":29},{"not_picked":["Warcry","Headbutt","Sever Soul"],"picked":"SKIP","floor":31}],"player_experience":1363228,"relics_obtained":[{"floor":7.0,"key":"Oddly Smooth Stone"},{"floor":9.0,"key":"Blood Vial"},{"floor":13.0,"key":"Red Skull"},{"floor":24,"key":"Potion Belt"},{"floor":26,"key":"Ornamental Fan"},{"floor":27,"key":"Shuriken"},{"floor":29,"key":"Unceasing Top"}],"event_choices":[{"cards_removed":["Strike_R"],"damage_healed":0.0,"max_hp_gain":0.0,"max_hp_loss":0.0,"gold_gain":0.0,"event_name":"Golden Wing","player_choice":"Card Removal","floor":3.0,"gold_loss":0.0,"damage_taken":7.0},{"damage_healed":0.0,"max_hp_gain":0.0,"max_hp_loss":0.0,"gold_gain":150.0,"event_name":"Liars Game","player_choice":"AGREE","floor":5.0,"gold_loss":0.0,"damage_taken":0.0,"cards_obtained":["Doubt"]},{"damage_healed":0.0,"max_hp_gain":0.0,"max_hp_loss":0.0,"gold_gain":0.0,"cards_transformed":["Strike_R"],"event_name":"Transmorgrifier","player_choice":"Transformed","floor":11.0,"gold_loss":0.0,"damage_taken":0.0,"cards_obtained":["Immolate"]},{"damage_healed":0,"gold_gain":0,"player_choice":"Became a Ghost","damage_taken":0,"max_hp_gain":0,"max_hp_loss":51,"event_name":"Ghosts","floor":30,"gold_loss":0,"cards_obtained":["Ghostly","Ghostly","Ghostly"]}],"is_beta":true,"boss_relics":[{"not_picked":["Black Blood","Calling Bell"],"picked":"White Beast Statue"}],"items_purged_floors":[8,20],"is_endless":false,"potions_floor_spawned":[4,7,14,16,18,19,21,22,24,27,28,29,31],"killed_by":"Collector","ascension_level":20}