{"gold_per_floor":[111,111,111,131,151,151,169,199,199,227,227,377,6,81,81,153,153,169,169,184,184,197,197,230,243,294,294,314,342,362,362,362,441,441,459,139,139,152,170,188,188,188,270,299,317,342,342,369,369,369,369,369,369,31,63,63],"floor_reached":57,"playtime":3204,"items_purged":["Strike_B"],"score":3230,"play_id":"d0e56636-df03-4b87-b493-6aeed5386092","local_time":"20190223233708","is_ascension_mode":true,"campfire_choices":[{"data":"Zap","floor":6.0,"key":"SMITH"},{"data":"Self Repair","floor":11.0,"key":"SMITH"},{"floor":15.0,"key":"REST"},{"data":"Coolheaded","floor":23.0,"key":"SMITH"},{"data":"Coolheaded","floor":27.0,"key":"SMITH"},{"data":"Seek","floor":32.0,"key":"SMITH"},{"data":"Consume","floor":41.0,"key":"SMITH"},{"floor":49.0,"key":"RECALL"},{"floor":53.0,"key":"REST"}],"neow_cost":"NONE","seed_source_timestamp":2338618913182375,"circlet_count":0,"master_deck":["AscendersBane","Defend_B","Defend_B","Defend_B","Zap+1","Dualcast","Defragment+1","Coolheaded+1","Self Repair+1","Cold Snap","Ball Lightning","Capacitor+1","Biased Cognition+1","BootSequence","Steam+1","Coolheaded+1","Buffer+1","Storm+1","Cold Snap","Seek+1","Darkness","White Noise+1","Core Surge","Consume+1","Hologram+1","Core Surge","Coolheaded","Blind"],"special_seed":0,"relics":["Cracked Core","NeowsBlessing","Happy Flower","Frozen Egg 2","Omamori","Ginger","Runic Capacitor","Empty Cage","Ancient Tea Set","The Courier","Lantern","Bag of Preparation","Runic Pyramid","Incense Burner","Art of War","Pantograph","Bottled Flame","Mummified Hand","Bronze Scales","Bag of Marbles"],"potions_floor_usage":[56,56],"damage_taken":[{"damage":0.0,"enemies":"2 Louse","floor":1.0,"turns":1.0},{"damage":0.0,"enemies":"Jaw Worm","floor":4.0,"turns":1.0},{"damage":0.0,"enemies":"Cultist","floor":5.0,"turns":1.0},{"damage":12.0,"enemies":"Looter","floor":7.0,"turns":3.0},{"damage":13.0,"enemies":"3 Sentries","floor":8.0,"turns":10.0},{"damage":48.0,"enemies":"Gremlin Nob","floor":10.0,"turns":5.0},{"damage":6.0,"enemies":"Hexaghost","floor":16.0,"turns":9.0},{"damage":17.0,"enemies":"3 Byrds","floor":18.0,"turns":5.0},{"damage":5.0,"enemies":"Spheric Guardian","floor":20.0,"turns":4.0},{"damage":7.0,"enemies":"Snecko","floor":22.0,"turns":5.0},{"damage":0.0,"enemies":"Book of Stabbing","floor":24.0,"turns":5.0},{"damage":9.0,"enemies":"Centurion and Healer","floor":25.0,"turns":8.0},{"damage":13.0,"enemies":"Snake Plant","floor":28.0,"turns":4.0},{"damage":0.0,"enemies":"Gremlin Leader","floor":29.0,"turns":7.0},{"damage":0.0,"enemies":"Shelled Parasite and Fungi","floor":30.0,"turns":3.0},{"damage":0.0,"enemies":"Champ","floor":33.0,"turns":22.0},{"damage":16.0,"enemies":"3 Darklings","floor":35.0,"turns":5.0},{"damage":0.0,"enemies":"3 Shapes","floor":38.0,"turns":3.0},{"damage":0.0,"enemies":"Writhing Mass","floor":39.0,"turns":4.0},{"damage":0.0,"enemies":"Spire Growth","floor":40.0,"turns":4.0},{"damage":0.0,"enemies":"Nemesis","floor":44.0,"turns":3.0},{"damage":0.0,"enemies":"Sphere and 2 Shapes","floor":45.0,"turns":5.0},{"damage":0.0,"enemies":"Reptomancer","floor":46.0,"turns":6.0},{"damage":0.0,"enemies":"Giant Head","floor":48.0,"turns":7.0},{"damage":0.0,"enemies":"Time Eater","floor":50.0,"turns":21.0},{"damage":33.0,"enemies":"Awakened One","floor":51.0,"turns":23.0},{"damage":19.0,"enemies":"Shield and Spear","floor":55.0,"turns":6.0},{"damage":45,"enemies":"The Heart","floor":56,"turns":11}],"seed_played":"8966854131086988275","potions_obtained":[{"floor":1.0,"key":"EssenceOfSteel"},{"floor":4.0,"key":"FocusPotion"},{"floor":7.0,"key":"Dexterity Potion"},{"floor":10.0,"key":"Weak Potion"},{"floor":16.0,"key":"FocusPotion"},{"floor":28.0,"key":"Fire Potion"},{"floor":29.0,"key":"Block Potion"},{"floor":44.0,"key":"Ancient Potion"}],"is_trial":false,"path_per_floor":["M","?","?","M","M","R","M","E","T","E","R","?","$","?","R","B",null,"M","?","M","?","M","R","E","M","T","R","M","E","M","?","R","B",null,"M","$","?","M","M","M","R","?","T","E","M","E","?","E","R","B","B",null,"R","$","E","B",null],"character_chosen":"DEFECT","items_purchased":["Capacitor+1","Runic Capacitor","Incense Burner","GamblersBrew","Mummified Hand","Bronze Scales"],"campfire_rested":2,"item_purchase_floors":[13,13,36,36,54,54],"current_hp_per_floor":[64,64,64,64,64,64,59,53,53,12,12,12,12,1,22,26,60,43,43,48,48,51,51,61,62,62,62,59,69,69,69,69,71,71,65,65,65,71,71,71,71,67,67,67,67,67,57,67,67,67,44,61,67,67,58,32],"gold":63,"neow_bonus":"THREE_ENEMY_KILL","is_prod":false,"is_daily":false,"chose_seed":false,"campfire_upgraded":6,"win_rate":0,"timestamp":1550993828,"path_taken":["M","?","?","?","M","R","M","E","T","E","R","?","$","?","R","BOSS","M","?","M","?","M","R","E","M","T","R","M","E","M","?","R","BOSS","M","$","?","M","M","M","R","?","T","E","M","E","?","E","R","BOSS","BOSS","R","$","E","BOSS"],"build_version":"2019-02-06","purchased_purges":1,"victory":true,"max_hp_per_floor":[71,71,71,71,71,71,71,71,71,71,71,71,71,71,71,71,71,71,71,71,71,71,71,71,71,71,71,71,71,71,71,71,71,71,71,71,71,71,71,71,71,67,67,67,67,67,67,67,67,67,67,67,67,67,67,67],"card_choices":[{"not_picked":["Fusion","Sweeping Beam"],"picked":"Defragment","floor":1.0},{"not_picked":["Stack","Go for the Eyes"],"picked":"Coolheaded","floor":4.0},{"not_picked":["Gash","Chaos"],"picked":"Self Repair","floor":5.0},{"not_picked":["Sweeping Beam","Undo","Self Repair"],"picked":"SKIP","floor":7.0},{"not_picked":["Double Energy","Hello World"],"picked":"Cold Snap","floor":8.0},{"not_picked":["White Noise","Sweeping Beam"],"picked":"Ball Lightning","floor":10.0},{"not_picked":["Core Surge","Hyperbeam"],"picked":"Biased Cognition+1","floor":16.0},{"not_picked":["Beam Cell","Sweeping Beam+1","Rebound"],"picked":"SKIP","floor":18.0},{"not_picked":["Steam Power","Leap"],"picked":"Steam+1","floor":20.0},{"not_picked":["White Noise+1","Barrage"],"picked":"Coolheaded","floor":22.0},{"not_picked":["Leap+1","Coolheaded"],"picked":"Buffer+1","floor":24.0},{"not_picked":["Scrape","Steam"],"picked":"Storm+1","floor":25.0},{"not_picked":["Go for the Eyes","Ball Lightning"],"picked":"Cold Snap","floor":28.0},{"not_picked":["Hologram","Sweeping Beam"],"picked":"Seek","floor":29.0},{"not_picked":["Sweeping Beam","Leap","Go for the Eyes"],"picked":"SKIP","floor":30.0},{"not_picked":["Rainbow","Creative AI+1"],"picked":"Core Surge","floor":33.0},{"not_picked":["Heatsinks+1","Skim","Leap"],"picked":"SKIP","floor":35.0},{"not_picked":["Defragment+1","Redo"],"picked":"Consume","floor":38.0},{"not_picked":["Cold Snap+1","Ball Lightning","Heatsinks+1"],"picked":"SKIP","floor":39.0},{"not_picked":["Heatsinks+1","Barrage"],"picked":"Hologram+1","floor":40.0},{"not_picked":["Sweeping Beam","Reprogram"],"picked":"Core Surge","floor":44.0},{"not_picked":["Leap","Compile Driver+1"],"picked":"Coolheaded","floor":45.0},{"not_picked":["Compile Driver","Streamline+1","Leap"],"picked":"SKIP","floor":46.0},{"not_picked":["Madness","Discovery"],"picked":"Blind","floor":47.0},{"not_picked":["Fusion+1","Double Energy+1","Storm+1"],"picked":"SKIP","floor":48.0},{"not_picked":["Double Energy","Cold Snap","Sweeping Beam"],"picked":"SKIP","floor":55.0}],"player_experience":1229298,"relics_obtained":[{"floor":3.0,"key":"Happy Flower"},{"floor":8.0,"key":"Frozen Egg 2"},{"floor":9.0,"key":"Omamori"},{"floor":10.0,"key":"Ginger"},{"floor":24.0,"key":"The Courier"},{"floor":26.0,"key":"Lantern"},{"floor":29.0,"key":"Bag of Preparation"},{"floor":44.0,"key":"Art of War"},{"floor":46.0,"key":"Pantograph"},{"floor":48.0,"key":"Bottled Flame"},{"floor":55.0,"key":"Bag of Marbles"}],"event_choices":[{"damage_healed":0.0,"max_hp_gain":0.0,"max_hp_loss":0.0,"gold_gain":0.0,"event_name":"Living Wall","player_choice":"Grow","floor":2.0,"gold_loss":0.0,"damage_taken":0.0,"cards_upgraded":["Defragment"]},{"damage_healed":0.0,"max_hp_gain":0.0,"max_hp_loss":0.0,"gold_gain":0.0,"event_name":"Wheel of Change","player_choice":"Relic","floor":3.0,"gold_loss":0.0,"damage_taken":0.0},{"damage_healed":0.0,"max_hp_gain":0.0,"max_hp_loss":0.0,"gold_gain":150.0,"event_name":"Liars Game","player_choice":"AGREE","floor":12.0,"gold_loss":0.0,"damage_taken":0.0,"cards_obtained":["Doubt"]},{"damage_healed":0.0,"max_hp_gain":0.0,"max_hp_loss":0.0,"gold_gain":75.0,"event_name":"World of Goop","player_choice":"Gather Gold","floor":14.0,"gold_loss":0.0,"damage_taken":11.0},{"damage_healed":0.0,"max_hp_gain":0.0,"max_hp_loss":0.0,"gold_gain":0.0,"event_name":"The Library","player_choice":"Read","floor":19.0,"gold_loss":0.0,"damage_taken":0.0,"cards_obtained":["BootSequence"]},{"damage_healed":0.0,"max_hp_gain":0.0,"max_hp_loss":0.0,"gold_gain":0.0,"event_name":"The Mausoleum","player_choice":"Opened","floor":21.0,"gold_loss":0.0,"damage_taken":0.0,"relics_obtained":["Ancient Tea Set"],"cards_obtained":["Writhe"]},{"damage_healed":0.0,"max_hp_gain":0.0,"max_hp_loss":0.0,"gold_gain":0.0,"cards_transformed":["Strike_B","Defend_B"],"event_name":"Drug Dealer","player_choice":"Became Test Subject","floor":31.0,"gold_loss":0.0,"damage_taken":0.0,"cards_obtained":["Darkness","White Noise"]},{"damage_healed":0.0,"max_hp_gain":0.0,"max_hp_loss":0.0,"gold_gain":0.0,"event_name":"Accursed Blacksmith","player_choice":"Forge","floor":37.0,"gold_loss":0.0,"damage_taken":0.0,"cards_upgraded":["White Noise"]},{"damage_healed":0.0,"max_hp_gain":0.0,"max_hp_loss":4.0,"gold_gain":0.0,"event_name":"Winding Halls","player_choice":"Max HP","floor":42.0,"gold_loss":0.0,"damage_taken":0.0},{"damage_healed":0.0,"max_hp_gain":0.0,"max_hp_loss":0.0,"gold_gain":0.0,"event_name":"SensoryStone","player_choice":"Memory 3","floor":47.0,"gold_loss":0.0,"damage_taken":10.0}],"is_beta":true,"boss_relics":[{"not_picked":["Lizard Tail","Busted Crown"],"picked":"Empty Cage"},{"not_picked":["Astrolabe","FrozenCore"],"picked":"Runic Pyramid"}],"items_purged_floors":[13],"is_endless":false,"potions_floor_spawned":[1,4,7,10,16,22,28,29,39,44,48,55],"ascension_level":20}