{"gold_per_floor":[109,259,309,36,47,77,95,106,129,139,150,150,58,88,88,159,159,173,173,190,201,213,27,27,27],"floor_reached":25,"playtime":942,"items_purged":["Doubt","Strike_R","Strike_R+1"],"score":480,"play_id":"8538f85b-bbca-4407-bf66-97751f8e2c3a","local_time":"20190226230117","is_ascension_mode":true,"campfire_choices":[{"data":"Bash","floor":12.0,"key":"SMITH"},{"data":"Inflame","floor":15.0,"key":"SMITH"}],"neow_cost":"NONE","seed_source_timestamp":2505131783870901,"circlet_count":0,"master_deck":["AscendersBane","Strike_R+1","Strike_R+1","Defend_R+1","Defend_R+1","Defend_R+1","Defend_R+1","Bash+1","Shrug It Off","Shockwave","Anger","Dropkick","Feel No Pain","Uppercut","Spot Weakness","Inflame+1","Feed","Disarm","Exhume","Spot Weakness","Dropkick+1","Exhume"],"special_seed":0,"relics":["Burning Blood","NeowsBlessing","Membership Card","Bag of Marbles","Strawberry","Blood Vial","Orrery","Orichalcum"],"potions_floor_usage":[25],"damage_taken":[{"damage":0.0,"enemies":"Small Slimes","floor":1.0,"turns":1.0},{"damage":0.0,"enemies":"Jaw Worm","floor":5.0,"turns":1.0},{"damage":0.0,"enemies":"3 Sentries","floor":6.0,"turns":2.0},{"damage":0.0,"enemies":"Cultist","floor":7.0,"turns":3.0},{"damage":3.0,"enemies":"2 Fungi Beasts","floor":8.0,"turns":4.0},{"damage":6.0,"enemies":"Lots of Slimes","floor":10.0,"turns":6.0},{"damage":9.0,"enemies":"3 Louse","floor":11.0,"turns":4.0},{"damage":20.0,"enemies":"Lagavulin","floor":14.0,"turns":6.0},{"damage":48.0,"enemies":"Slime Boss","floor":16.0,"turns":9.0},{"damage":24.0,"enemies":"2 Thieves","floor":18.0,"turns":4.0},{"damage":9.0,"enemies":"Chosen","floor":20.0,"turns":7.0},{"damage":48.0,"enemies":"Sentry and Sphere","floor":21.0,"turns":8.0},{"damage":18.0,"enemies":"Snake Plant","floor":22.0,"turns":6.0},{"damage":15,"enemies":"Cultist and Chosen","floor":25,"turns":7}],"seed_played":"3491870523383444709","potions_obtained":[{"floor":6.0,"key":"FearPotion"},{"floor":8.0,"key":"SkillPotion"},{"floor":10.0,"key":"AttackPotion"},{"floor":18.0,"key":"Dexterity Potion"}],"is_trial":false,"path_per_floor":["M","?","?","$","M","E","M","M","T","M","M","R","$","E","R","B",null,"M","?","M","M","M","$","?","M"],"character_chosen":"IRONCLAD","items_purchased":["Membership Card","Shrug It Off","Spot Weakness","Orichalcum","Exhume"],"campfire_rested":0,"item_purchase_floors":[4,4,13,23,23],"current_hp_per_floor":[74,74,67,67,73,75,75,75,82,82,79,79,79,65,65,25,68,55,55,54,17,7,7,7,0],"gold":27,"neow_bonus":"THREE_ENEMY_KILL","is_prod":false,"is_daily":false,"chose_seed":false,"campfire_upgraded":2,"win_rate":0,"timestamp":1551250877,"path_taken":["M","?","?","$","M","E","M","M","T","M","M","R","$","E","R","BOSS","M","?","M","M","M","$","?","?"],"build_version":"2019-02-06","purchased_purges":3,"victory":false,"max_hp_per_floor":[75,75,75,75,75,75,75,75,82,82,82,82,82,82,82,82,82,85,85,85,88,88,88,88,91],"card_choices":[{"not_picked":["Warcry","Body Slam","Rupture"],"picked":"SKIP","floor":1.0},{"not_picked":["Heavy Blade","Wild Strike"],"picked":"Shockwave","floor":5.0},{"not_picked":["Brutality","Flex"],"picked":"Anger","floor":6.0},{"not_picked":["True Grit","Clash"],"picked":"Dropkick","floor":7.0},{"not_picked":["Evolve","Pommel Strike"],"picked":"Feel No Pain","floor":8.0},{"not_picked":["Iron Wave","Sword Boomerang","Sever Soul"],"picked":"SKIP","floor":10.0},{"not_picked":["Perfected Strike","Clothesline"],"picked":"Uppercut","floor":11.0},{"not_picked":["Shrug It Off","Feel No Pain"],"picked":"Inflame","floor":14.0},{"not_picked":["Juggernaut","Bludgeon"],"picked":"Feed","floor":16.0},{"not_picked":["Seeing Red","Iron Wave"],"picked":"Disarm","floor":17.0},{"not_picked":["Sword Boomerang","Heavy Blade"],"picked":"Exhume","floor":17.0},{"not_picked":["Sword Boomerang","Thunderclap"],"picked":"Spot Weakness","floor":17.0},{"not_picked":["Shockwave","True Grit","Ghostly Armor"],"picked":"SKIP","floor":18.0},{"not_picked":["Thunderclap","Clothesline"],"picked":"Dropkick+1","floor":20.0},{"not_picked":["Wild Strike","Reckless Charge","Infernal Blade"],"picked":"SKIP","floor":21.0},{"not_picked":["Havoc","Wild Strike","Cleave"],"picked":"SKIP","floor":22.0}],"player_experience":1269464,"relics_obtained":[{"floor":6.0,"key":"Bag of Marbles"},{"floor":9.0,"key":"Strawberry"},{"floor":14.0,"key":"Blood Vial"}],"event_choices":[{"damage_healed":0.0,"max_hp_gain":0.0,"max_hp_loss":0.0,"gold_gain":150.0,"event_name":"Liars Game","player_choice":"AGREE","floor":2.0,"gold_loss":0.0,"damage_taken":0.0,"cards_obtained":["Doubt"]},{"damage_healed":0.0,"max_hp_gain":0.0,"max_hp_loss":0.0,"gold_gain":50.0,"event_name":"FaceTrader","player_choice":"Touch","floor":3.0,"gold_loss":0.0,"damage_taken":7.0},{"damage_healed":0.0,"max_hp_gain":0.0,"max_hp_loss":0.0,"gold_gain":0.0,"event_name":"Back to Basics","player_choice":"Simplicity","floor":19.0,"gold_loss":0.0,"damage_taken":0.0,"cards_upgraded":["Strike_R","Strike_R","Strike_R","Strike_R","Defend_R","Defend_R","Defend_R","Defend_R"]},{"cards_removed":["Strike_R"],"damage_healed":0.0,"max_hp_gain":0.0,"max_hp_loss":0.0,"gold_gain":0.0,"event_name":"Purifier","player_choice":"Purged","floor":24.0,"gold_loss":0.0,"damage_taken":0.0}],"is_beta":true,"boss_relics":[{"not_picked":["White Beast Statue","Eternal Feather"],"picked":"Orrery"}],"items_purged_floors":[4,13,23],"is_endless":false,"potions_floor_spawned":[6,8,10,11,18,22],"killed_by":"Cultist and Chosen","ascension_level":20}