{"gold_per_floor":[112,127,127,92,92,92,112,136,136,171,56,87,87,106,106,205,205,224,9,9,29,29,65,97,109,121,148,193,219,264,290,302,405,417,448,225,185,205,52,52,387,387,414,414,445,445,179,179,179,179,179],"floor_reached":52,"playtime":2970,"items_purged":["Strike_B","Blizzard"],"score":2107,"play_id":"888efb22-f243-4d8a-90e9-a55903d1c52a","local_time":"20190117005539","is_ascension_mode":true,"campfire_choices":[{"data":"Zap","floor":6.0,"key":"SMITH"},{"data":"Defragment","floor":13.0,"key":"SMITH"},{"floor":15.0,"key":"REST"},{"floor":25.0,"key":"REST"},{"floor":32.0,"key":"REST"},{"data":"Seek","floor":40.0,"key":"SMITH"},{"data":"Seek","floor":42.0,"key":"SMITH"},{"data":"Defragment","floor":44.0,"key":"SMITH"},{"data":"Turbo","floor":49.0,"key":"SMITH"}],"neow_cost":"PERCENT_DAMAGE","seed_source_timestamp":43689116500823,"circlet_count":0,"master_deck":["AscendersBane","Defend_B","Defend_B","Defend_B","Defend_B","Zap+1","Dualcast","Ball Lightning","Ball Lightning","Hologram","Cold Snap","Genetic Algorithm","Defragment+1","Ball Lightning","Glacier","Seek+1","Defragment+1","Echo Form","Coolheaded","Defragment+1","Amplify","Cold Snap","Hologram","Genetic Algorithm","Glacier","Turbo+1","Echo Form","Seek+1","Coolheaded"],"special_seed":0,"relics":["Cracked Core","Golden Idol","FossilizedHelix","Calipers","Odd Mushroom","Inserter","FaceOfCleric","MawBank","Pocketwatch","Art of War","Lizard Tail","Potion Belt","Old Coin","Regal Pillow","Happy Flower","Anchor","Dead Branch"],"potions_floor_usage":[],"damage_taken":[{"damage":7.0,"enemies":"Small Slimes","floor":1.0,"turns":4.0},{"damage":0.0,"enemies":"2 Louse","floor":2.0,"turns":2.0},{"damage":7.0,"enemies":"Jaw Worm","floor":7.0,"turns":2.0},{"damage":13.0,"enemies":"3 Louse","floor":8.0,"turns":3.0},{"damage":0.0,"enemies":"Lagavulin","floor":10.0,"turns":4.0},{"damage":0.0,"enemies":"The Mushroom Lair","floor":12.0,"turns":3.0},{"damage":0.0,"enemies":"Exordium Wildlife","floor":14.0,"turns":3.0},{"damage":11.0,"enemies":"Hexaghost","floor":16.0,"turns":11.0},{"damage":22.0,"enemies":"2 Thieves","floor":18.0,"turns":5.0},{"damage":0.0,"enemies":"Chosen","floor":21.0,"turns":5.0},{"damage":17.0,"enemies":"Book of Stabbing","floor":23.0,"turns":6.0},{"damage":6.0,"enemies":"Shelled Parasite and Fungi","floor":24.0,"turns":8.0},{"damage":0.0,"enemies":"Chosen and Byrds","floor":27.0,"turns":8.0},{"damage":8.0,"enemies":"Slavers","floor":28.0,"turns":6.0},{"damage":0.0,"enemies":"Snake Plant","floor":29.0,"turns":3.0},{"damage":18.0,"enemies":"Gremlin Leader","floor":30.0,"turns":7.0},{"damage":6.0,"enemies":"Shelled Parasite and Fungi","floor":31.0,"turns":5.0},{"damage":16.0,"enemies":"Automaton","floor":33.0,"turns":10.0},{"damage":0.0,"enemies":"3 Shapes","floor":35.0,"turns":8.0},{"damage":0.0,"enemies":"3 Darklings","floor":38.0,"turns":6.0},{"damage":14.0,"enemies":"Nemesis","floor":41.0,"turns":9.0},{"damage":0.0,"enemies":"Giant Head","floor":45.0,"turns":10.0},{"damage":10,"enemies":"Awakened One","floor":50,"turns":17},{"damage":0,"enemies":"Time Eater","floor":51,"turns":16}],"seed_played":"-8869624089043238332","potions_obtained":[{"floor":1.0,"key":"PowerPotion"},{"floor":10.0,"key":"FocusPotion"},{"floor":14.0,"key":"Fire Potion"},{"floor":16.0,"key":"EssenceOfSteel"},{"floor":18.0,"key":"Dexterity Potion"},{"floor":23.0,"key":"Strength Potion"},{"floor":27.0,"key":"SkillPotion"},{"floor":28.0,"key":"FocusPotion"},{"floor":37.0,"key":"Fruit Juice"},{"floor":37.0,"key":"SpeedPotion"},{"floor":37.0,"key":"SneckoOil"},{"floor":41.0,"key":"SpeedPotion"},{"floor":45.0,"key":"PowerPotion"}],"is_trial":false,"path_per_floor":["M","M","?","?","?","R","M","M","T","E","$","?","R","M","R","B",null,"M","$","?","M","?","E","M","R","T","M","E","M","E","M","R","B",null,"M","$","?","M","$","R","E","R","T","R","E","?","$","T","R","B","B",null],"character_chosen":"DEFECT","items_purchased":["Defragment","Echo Form","Coolheaded","Potion Belt","Ancient Potion","Seek","Anchor"],"campfire_rested":3,"item_purchase_floors":[11,19,19,36,36,39,47],"current_hp_per_floor":[39,39,15,32,25,25,18,5,5,5,5,5,5,5,26,15,57,35,35,35,35,35,19,14,35,35,36,29,30,13,8,31,16,63,64,64,64,65,65,65,52,52,52,52,58,58,58,58,58,49,50],"gold":179,"neow_bonus":"REMOVE_TWO","is_prod":false,"is_daily":false,"chose_seed":false,"campfire_upgraded":6,"win_rate":0,"timestamp":1547715339,"path_taken":["M","M","?","?","?","R","M","M","T","E","$","?","R","M","R","BOSS","M","$","?","?","?","E","M","R","T","M","E","M","E","M","R","BOSS","M","?","?","?","$","R","E","R","T","R","E","?","$","?","R","BOSS","BOSS"],"build_version":"2019-01-16","purchased_purges":2,"victory":true,"max_hp_per_floor":[71,71,71,71,71,71,71,71,71,71,71,71,71,71,71,71,71,71,71,71,71,71,72,73,73,73,74,75,76,77,78,78,79,79,80,80,80,81,81,81,82,82,82,82,88,88,88,88,88,89,90],"card_choices":[{"not_picked":["Melter","Reinforced Body"],"picked":"Ball Lightning","floor":1.0},{"not_picked":["Leap","Rip and Tear"],"picked":"Ball Lightning","floor":2.0},{"not_picked":["Steam","Rebound"],"picked":"Hologram","floor":7.0},{"not_picked":["Aggregate","Redo"],"picked":"Cold Snap","floor":8.0},{"not_picked":["Go for the Eyes","Rip and Tear"],"picked":"Genetic Algorithm","floor":10.0},{"not_picked":["Stack","Gash"],"picked":"Ball Lightning","floor":12.0},{"not_picked":["Conserve Battery","Coolheaded"],"picked":"Glacier","floor":14.0},{"not_picked":["Machine Learning","Amplify"],"picked":"Seek","floor":16.0},{"not_picked":["Genetic Algorithm","Steam"],"picked":"Defragment","floor":18.0},{"not_picked":["Go for the Eyes","Steam"],"picked":"Blizzard","floor":21.0},{"not_picked":["Redo","Undo"],"picked":"Amplify","floor":23.0},{"not_picked":["FTL","Barrage"],"picked":"Cold Snap","floor":24.0},{"not_picked":["Rebound+1","Barrage+1"],"picked":"Hologram","floor":27.0},{"not_picked":["Streamline","Rebound+1"],"picked":"Genetic Algorithm","floor":28.0},{"not_picked":["Beam Cell","Streamline+1"],"picked":"Glacier","floor":29.0},{"not_picked":["Force Field","Chaos","Stack"],"picked":"SKIP","floor":30.0},{"not_picked":["Hologram","Steam"],"picked":"Turbo","floor":31.0},{"not_picked":["Buffer","Reboot"],"picked":"Echo Form","floor":33.0},{"not_picked":["Barrage","Beam Cell","Gash"],"picked":"SKIP","floor":35.0},{"not_picked":["Streamline","Compile Driver","White Noise"],"picked":"SKIP","floor":38.0},{"not_picked":["Tempest","Sweeping Beam"],"picked":"Coolheaded","floor":41.0},{"not_picked":["Conserve Battery","Rainbow","Go for the Eyes"],"picked":"SKIP","floor":45.0}],"player_experience":970786,"relics_obtained":[{"floor":9.0,"key":"FossilizedHelix"},{"floor":10.0,"key":"Calipers"},{"floor":12.0,"key":"Odd Mushroom"},{"floor":23.0,"key":"MawBank"},{"floor":28.0,"key":"Pocketwatch"},{"floor":30.0,"key":"Art of War"},{"floor":41.0,"key":"Old Coin"},{"floor":43.0,"key":"Regal Pillow"},{"floor":45.0,"key":"Happy Flower"},{"floor":48.0,"key":"Dead Branch"}],"event_choices":[{"damage_healed":0.0,"max_hp_gain":0.0,"max_hp_loss":0.0,"gold_gain":0.0,"event_name":"Golden Idol","player_choice":"Take Damage","floor":3.0,"gold_loss":0.0,"damage_taken":24.0,"relics_obtained":["Golden Idol"]},{"damage_healed":17.0,"max_hp_gain":0.0,"max_hp_loss":0.0,"gold_gain":0.0,"event_name":"The Cleric","player_choice":"Healed","floor":4.0,"gold_loss":35.0,"damage_taken":0.0},{"cards_removed":["Strike_B"],"damage_healed":0.0,"max_hp_gain":0.0,"max_hp_loss":0.0,"gold_gain":0.0,"event_name":"Golden Wing","player_choice":"Card Removal","floor":5.0,"gold_loss":0.0,"damage_taken":7.0},{"damage_healed":0.0,"max_hp_gain":0.0,"max_hp_loss":0.0,"gold_gain":0.0,"event_name":"Mushrooms","player_choice":"Fought Mushrooms","floor":12.0,"gold_loss":0.0,"damage_taken":0.0},{"damage_healed":0.0,"max_hp_gain":0.0,"max_hp_loss":0.0,"gold_gain":0.0,"event_name":"Duplicator","player_choice":"Copied","floor":20.0,"gold_loss":0.0,"damage_taken":0.0,"cards_obtained":["Defragment"]},{"damage_healed":0.0,"max_hp_gain":0.0,"max_hp_loss":0.0,"gold_gain":0.0,"event_name":"FaceTrader","player_choice":"Trade","floor":22.0,"gold_loss":0.0,"damage_taken":0.0,"relics_obtained":["FaceOfCleric"]},{"damage_healed":0.0,"max_hp_gain":0.0,"max_hp_loss":0.0,"gold_gain":0.0,"event_name":"The Woman in Blue","player_choice":"Bought 3 Potions","floor":37.0,"gold_loss":0.0,"damage_taken":0.0},{"damage_healed":0.0,"max_hp_gain":0.0,"max_hp_loss":0.0,"gold_gain":0.0,"event_name":"SecretPortal","player_choice":"Ignored","floor":46.0,"gold_loss":0.0,"damage_taken":0.0}],"is_beta":true,"boss_relics":[{"not_picked":["Pandora\u0027s Box","Snecko Eye"],"picked":"Inserter"},{"not_picked":["Eternal Feather","Calling Bell"],"picked":"Lizard Tail"}],"items_purged_floors":[11,47],"is_endless":false,"potions_floor_spawned":[1,10,14,16,18,23,27,28,41,45],"ascension_level":20}