{"gold_per_floor":[119,139,149,149,160,160,192,207,286,304,304,320,320,347,347,443,443,443,128,53,53,53,53,53,53,53,53,53,53,53,53,53,53,53,53,53,53,53,53,53,53,53,53,0,0,0,0,0,0,0],"floor_reached":51,"playtime":4716,"items_purged":[],"score":1026,"play_id":"0eab2c6f-e4a4-4df9-bad2-372ab13e030c","local_time":"20190405000811","is_ascension_mode":true,"campfire_choices":[{"floor":6.0,"key":"REST"},{"floor":11.0,"key":"REST"},{"floor":13.0,"key":"REST"},{"data":"Dodge and Roll","floor":15.0,"key":"SMITH"},{"floor":25.0,"key":"REST"},{"floor":27.0,"key":"REST"},{"floor":32.0,"key":"REST"},{"data":"Dash","floor":40.0,"key":"SMITH"},{"floor":46.0,"key":"REST"},{"floor":49.0,"key":"REST"}],"neow_cost":"NONE","seed_source_timestamp":945877420161400,"circlet_count":0,"master_deck":["AscendersBane","Defend_G","Defend_G","Defend_G","Defend_G","Defend_G","Strike_G","Strike_G","Strike_G","Strike_G","Strike_G","Survivor","Neutralize","Quick Slash","Poisoned Stab","Noxious Fumes+1","Dodge and Roll+1","Sucker Punch","Bouncing Flask","Backflip","Cloak And Dagger+1","Escape Plan+1","Deflect+1","Blur+1","Dodge and Roll+1","Die Die Die","Leg Sweep+1","Terror+1","Skewer","Well Laid Plans","Prepared+1","Escape Plan+1","Acrobatics+1","Malaise+1","Quick Slash+1","Venomology+1","Leg Sweep+1","Sucker Punch+1","Slice+1","Corpse Explosion+1","Tactician+1","Dagger Throw+1","Bane+1","Dash+1","Flying Knee+1","Burst+1"],"special_seed":0,"relics":["Ring of the Snake","Dream Catcher","Mummified Hand","Toxic Egg 2","Prayer Wheel","Ectoplasm","Ginger","Bag of Marbles","Art of War","White Beast Statue","Boot","Shuriken","Red Mask"],"potions_floor_usage":[50,50,50],"damage_taken":[{"damage":0.0,"enemies":"2 Louse","floor":1.0,"turns":4.0},{"damage":0.0,"enemies":"Cultist","floor":2.0,"turns":3.0},{"damage":13.0,"enemies":"Small Slimes","floor":3.0,"turns":4.0},{"damage":25.0,"enemies":"Exordium Thugs","floor":5.0,"turns":6.0},{"damage":25.0,"enemies":"3 Sentries","floor":7.0,"turns":9.0},{"damage":17.0,"enemies":"Lots of Slimes","floor":8.0,"turns":5.0},{"damage":3.0,"enemies":"Exordium Wildlife","floor":10.0,"turns":6.0},{"damage":3.0,"enemies":"Large Slime","floor":12.0,"turns":6.0},{"damage":5.0,"enemies":"Lagavulin","floor":14.0,"turns":6.0},{"damage":4.0,"enemies":"The Guardian","floor":16.0,"turns":11.0},{"damage":2.0,"enemies":"Chosen","floor":18.0,"turns":7.0},{"damage":10.0,"enemies":"2 Thieves","floor":20.0,"turns":5.0},{"damage":6.0,"enemies":"Centurion and Healer","floor":21.0,"turns":8.0},{"damage":5.0,"enemies":"Chosen and Byrds","floor":22.0,"turns":5.0},{"damage":18.0,"enemies":"Slavers","floor":23.0,"turns":5.0},{"damage":8.0,"enemies":"Snecko","floor":24.0,"turns":5.0},{"damage":5.0,"enemies":"Sentry and Sphere","floor":28.0,"turns":5.0},{"damage":4.0,"enemies":"Centurion and Healer","floor":30.0,"turns":4.0},{"damage":35.0,"enemies":"Collector","floor":33.0,"turns":15.0},{"damage":0.0,"enemies":"3 Shapes","floor":35.0,"turns":5.0},{"damage":3.0,"enemies":"Orb Walker","floor":36.0,"turns":4.0},{"damage":4.0,"enemies":"Writhing Mass","floor":38.0,"turns":8.0},{"damage":47.0,"enemies":"Giant Head","floor":41.0,"turns":9.0},{"damage":1.0,"enemies":"Maw","floor":42.0,"turns":7.0},{"damage":0.0,"enemies":"3 Darklings","floor":45.0,"turns":2.0},{"damage":0.0,"enemies":"Writhing Mass","floor":47.0,"turns":2.0},{"damage":4.0,"enemies":"4 Shapes","floor":48.0,"turns":5.0},{"damage":35,"enemies":"Awakened One","floor":50,"turns":19}],"seed_played":"5835178288700250134","potions_obtained":[{"floor":1.0,"key":"FearPotion"},{"floor":8.0,"key":"Weak Potion"},{"floor":12.0,"key":"Dexterity Potion"},{"floor":14.0,"key":"LiquidBronze"},{"floor":16.0,"key":"AttackPotion"},{"floor":20.0,"key":"Strength Potion"},{"floor":21.0,"key":"LiquidBronze"},{"floor":24.0,"key":"FearPotion"},{"floor":28.0,"key":"FearPotion"},{"floor":30.0,"key":"SpeedPotion"},{"floor":35.0,"key":"Poison Potion"},{"floor":36.0,"key":"SneckoOil"},{"floor":41.0,"key":"PowerPotion"},{"floor":42.0,"key":"SmokeBomb"},{"floor":45.0,"key":"GamblersBrew"},{"floor":48.0,"key":"SpeedPotion"}],"is_trial":false,"path_per_floor":["M","M","M","?","M","R","E","M","T","M","R","M","R","E","R","B",null,"M","$","M","M","M","E","M","R","T","R","M","?","M","$","R","B",null,"M","M","$","M","?","R","E","M","T","?","M","R","M","M","R","B",null],"character_chosen":"THE_SILENT","items_purchased":["Ginger"],"campfire_rested":8,"item_purchase_floors":[19],"current_hp_per_floor":[63,63,50,50,25,46,21,4,4,1,22,19,40,35,35,31,60,58,58,48,42,37,19,11,32,32,53,48,48,44,44,65,30,60,60,57,57,53,53,53,6,5,5,5,5,24,24,20,39,4],"gold":0,"neow_bonus":"RANDOM_COMMON_RELIC","is_prod":false,"is_daily":false,"chose_seed":false,"campfire_upgraded":2,"win_rate":0,"timestamp":1554415691,"path_taken":["M","M","M","?","?","R","E","M","T","M","R","?","R","E","R","BOSS","M","$","M","M","M","E","M","R","T","R","M","?","M","?","R","BOSS","M","M","?","M","?","R","E","M","T","?","M","R","M","M","R","BOSS"],"build_version":"2019-01-23","purchased_purges":0,"victory":true,"max_hp_per_floor":[70,70,70,70,70,70,70,70,70,70,70,70,70,70,70,70,70,70,70,70,70,70,70,70,70,70,70,70,70,70,70,70,70,70,70,70,70,70,66,66,66,66,66,66,66,66,66,66,66,66],"card_choices":[{"not_picked":["Eviscerate","Flying Knee"],"picked":"Quick Slash","floor":1.0},{"not_picked":["Quick Slash","Deadly Poison"],"picked":"Poisoned Stab","floor":2.0},{"not_picked":["Skewer","Deflect"],"picked":"Noxious Fumes","floor":3.0},{"not_picked":["Accuracy","Grand Finale"],"picked":"Dodge and Roll","floor":5.0},{"not_picked":["Choke","Heel Hook"],"picked":"Sucker Punch","floor":6.0},{"not_picked":["Expertise","Deadly Poison"],"picked":"Bouncing Flask","floor":7.0},{"not_picked":["Deflect","Sucker Punch"],"picked":"Backflip","floor":8.0},{"not_picked":["Dagger Spray","Tools of the Trade"],"picked":"Cloak And Dagger+1","floor":10.0},{"not_picked":["Riddle With Holes","Flying Knee"],"picked":"Escape Plan+1","floor":11.0},{"not_picked":["Caltrops","Bane"],"picked":"Deflect+1","floor":12.0},{"not_picked":["Bane","Sucker Punch"],"picked":"Blur+1","floor":13.0},{"not_picked":["Expertise+1","Finisher"],"picked":"Dodge and Roll+1","floor":14.0},{"not_picked":["After Image","Unload"],"picked":"Die Die Die","floor":16.0},{"not_picked":["Flying Knee","Poisoned Stab"],"picked":"Leg Sweep+1","floor":18.0},{"not_picked":["Outmaneuver+1","Dagger Spray"],"picked":"Terror+1","floor":18.0},{"not_picked":["Setup+1","Dagger Throw"],"picked":"Skewer","floor":20.0},{"not_picked":["Flying Knee","PiercingWail+1","Outmaneuver+1"],"picked":"SKIP","floor":20.0},{"not_picked":["Bane","Dagger Throw"],"picked":"Well Laid Plans","floor":21.0},{"not_picked":["Catalyst+1","Prepared+1","Terror+1"],"picked":"SKIP","floor":21.0},{"not_picked":["Catalyst+1","Terror+1"],"picked":"Prepared+1","floor":21.0},{"not_picked":["Cloak And Dagger+1","Outmaneuver+1"],"picked":"Escape Plan+1","floor":22.0},{"not_picked":["Terror+1","Slice"],"picked":"Acrobatics+1","floor":22.0},{"not_picked":["Choke","Masterful Stab"],"picked":"Malaise+1","floor":23.0},{"not_picked":["All Out Attack","Deadly Poison+1","Flying Knee"],"picked":"SKIP","floor":24.0},{"not_picked":["Flying Knee","Bane","Deflect+1"],"picked":"SKIP","floor":24.0},{"not_picked":["Escape Plan+1","Deadly Poison+1"],"picked":"Quick Slash+1","floor":25.0},{"not_picked":["Outmaneuver+1","Bane+1"],"picked":"Venomology+1","floor":28.0},{"not_picked":["Deflect+1","Dodge and Roll+1","Noxious Fumes"],"picked":"SKIP","floor":28.0},{"not_picked":["Cloak And Dagger+1","Storm of Steel+1"],"picked":"Sucker Punch+1","floor":30.0},{"not_picked":["Concentrate+1","Backstab","Skewer"],"picked":"SKIP","floor":30.0},{"not_picked":["Terror+1","Sucker Punch"],"picked":"Slice+1","floor":32.0},{"not_picked":["Glass Knife","Storm of Steel+1"],"picked":"Corpse Explosion+1","floor":33.0},{"not_picked":["Reflex+1","Well Laid Plans+1"],"picked":"Tactician+1","floor":35.0},{"not_picked":["PiercingWail+1","Sucker Punch","Outmaneuver+1"],"picked":"SKIP","floor":35.0},{"not_picked":["Crippling Poison+1","Blade Dance+1"],"picked":"Dagger Throw+1","floor":36.0},{"not_picked":["All Out Attack","Outmaneuver+1"],"picked":"Bane+1","floor":36.0},{"not_picked":["Adrenaline+1","Blur+1"],"picked":"Dash","floor":38.0},{"not_picked":["PiercingWail+1","Tactician+1","Quick Slash"],"picked":"SKIP","floor":38.0},{"not_picked":["Flying Knee","Leg Sweep+1","Predator"],"picked":"SKIP","floor":41.0},{"not_picked":["Backflip+1","Dagger Throw+1","Calculated Gamble+1"],"picked":"SKIP","floor":42.0},{"not_picked":["Dodge and Roll+1","Doppelganger+1","Bane"],"picked":"SKIP","floor":42.0},{"not_picked":["Blade Dance+1","Slice"],"picked":"Flying Knee+1","floor":45.0},{"not_picked":["Blade Dance+1","Deflect+1","Flying Knee+1"],"picked":"SKIP","floor":45.0},{"not_picked":["Terror+1","PiercingWail+1"],"picked":"Burst+1","floor":48.0},{"not_picked":["Acrobatics+1","Expertise+1","Outmaneuver+1"],"picked":"SKIP","floor":48.0}],"player_experience":629939,"relics_obtained":[{"floor":7.0,"key":"Mummified Hand"},{"floor":9.0,"key":"Toxic Egg 2"},{"floor":14.0,"key":"Prayer Wheel"},{"floor":23.0,"key":"Bag of Marbles"},{"floor":26.0,"key":"Art of War"},{"floor":41.0,"key":"Boot"},{"floor":43.0,"key":"Shuriken"}],"event_choices":[{"damage_healed":0.0,"max_hp_gain":0.0,"max_hp_loss":0.0,"gold_gain":0.0,"event_name":"Accursed Blacksmith","player_choice":"Forge","floor":4.0,"gold_loss":0.0,"damage_taken":0.0,"cards_upgraded":["Noxious Fumes"]},{"damage_healed":0.0,"max_hp_gain":0.0,"max_hp_loss":0.0,"gold_gain":0.0,"event_name":"Duplicator","player_choice":"Copied","floor":29.0,"gold_loss":0.0,"damage_taken":0.0,"cards_obtained":["Leg Sweep"]},{"damage_healed":0.0,"max_hp_gain":0.0,"max_hp_loss":4.0,"gold_gain":0.0,"event_name":"Winding Halls","player_choice":"Max HP","floor":39.0,"gold_loss":0.0,"damage_taken":0.0},{"damage_healed":0.0,"max_hp_gain":0.0,"max_hp_loss":0.0,"gold_gain":0.0,"event_name":"Tomb of Lord Red Mask","player_choice":"Paid","floor":44.0,"gold_loss":53.0,"damage_taken":0.0,"relics_obtained":["Red Mask"]}],"is_beta":false,"boss_relics":[{"not_picked":["HoveringKite","Busted Crown"],"picked":"Ectoplasm"},{"not_picked":["Pandora\u0027s Box","Astrolabe"],"picked":"White Beast Statue"}],"items_purged_floors":[],"is_endless":false,"potions_floor_spawned":[1,8,12,14,16,20,21,24,28,30,35,36,38,41,42,45,47,48],"ascension_level":10}