{"gold_per_floor":[17,36,49,49,49,49,84,99,123,155,155,189,189,189,189,279,279,304,304,319,343,361,361,361],"floor_reached":24,"playtime":682,"items_purged":[],"score":478,"play_id":"32210a66-7888-4bca-9080-0163343c0875","local_time":"20190207224911","is_ascension_mode":true,"campfire_choices":[{"floor":6.0,"key":"REST"},{"data":"Echo Form","floor":11.0,"key":"SMITH"},{"data":"Conserve Battery","floor":13.0,"key":"SMITH"},{"data":"Hologram","floor":15.0,"key":"SMITH"},{"floor":23,"key":"REST"}],"neow_cost":"NO_GOLD","seed_source_timestamp":1317117715786847,"circlet_count":0,"master_deck":["AscendersBane","Strike_B","Strike_B","Strike_B","Defend_B","Defend_B","Defend_B+1","Defend_B","Zap+1","Dualcast+1","Ball Lightning+1","Conserve Battery+1","Echo Form+1","Hologram+1","Biased Cognition","Normality","Decay","Doubt","Ball Lightning"],"special_seed":0,"relics":["Cracked Core","Emotion Chip","Vajra","War Paint","Orichalcum","Smiling Mask","Golden Idol","Calling Bell","Strawberry","Mummified Hand","Calipers","Peace Pipe","Regal Pillow"],"potions_floor_usage":[16,22,22],"damage_taken":[{"damage":1.0,"enemies":"Cultist","floor":1.0,"turns":3.0},{"damage":7.0,"enemies":"Jaw Worm","floor":2.0,"turns":2.0},{"damage":2.0,"enemies":"Small Slimes","floor":3.0,"turns":3.0},{"damage":0.0,"enemies":"3 Sentries","floor":7.0,"turns":3.0},{"damage":3.0,"enemies":"Blue Slaver","floor":8.0,"turns":2.0},{"damage":8.0,"enemies":"Gremlin Nob","floor":10.0,"turns":3.0},{"damage":5.0,"enemies":"Lagavulin","floor":12.0,"turns":6.0},{"damage":12,"enemies":"Hexaghost","floor":16,"turns":8},{"damage":7,"enemies":"Spheric Guardian","floor":18,"turns":3},{"damage":30,"enemies":"Shell Parasite","floor":20,"turns":5},{"damage":19,"enemies":"Snake Plant","floor":22,"turns":3},{"damage":18,"enemies":"Gremlin Leader","floor":24,"turns":5}],"seed_played":"-1487308334450378088","potions_obtained":[{"floor":2.0,"key":"PowerPotion"},{"floor":7.0,"key":"Strength Potion"},{"floor":16,"key":"PowerPotion"},{"floor":18,"key":"Explosive Potion"}],"is_trial":false,"path_per_floor":["M","M","M","?","?","R","E","M","T","E","R","E","R","?","R","B",null,"M","?","M","T","M","R","E"],"character_chosen":"DEFECT","items_purchased":[],"campfire_rested":2,"item_purchase_floors":[],"current_hp_per_floor":[63,56,54,47,26,47,47,44,44,36,36,31,31,31,31,19,60,53,53,23,23,4,40,22],"gold":361,"neow_bonus":"ONE_RARE_RELIC","is_prod":false,"is_daily":false,"chose_seed":false,"campfire_upgraded":3,"win_rate":0,"timestamp":1549608551,"path_taken":["M","M","M","?","?","R","E","M","T","E","R","E","R","?","R","BOSS","M","?","?","?","M","R","E"],"build_version":"2019-02-06","purchased_purges":0,"victory":false,"max_hp_per_floor":[71,71,71,71,71,71,71,71,71,71,71,71,71,64,64,64,71,71,71,71,71,71,71,71],"card_choices":[{"not_picked":["Hologram","Gash"],"picked":"Ball Lightning","floor":1.0},{"not_picked":["Chaos","Redo"],"picked":"Conserve Battery","floor":2.0},{"not_picked":["Rebound","Streamline","Sunder"],"picked":"SKIP","floor":3.0},{"not_picked":["Rebound","Streamline","Sunder"],"picked":"SKIP","floor":3.0},{"not_picked":["Sweeping Beam","Hologram"],"picked":"Echo Form","floor":7.0},{"not_picked":["Reprogram","Redo","Go for the Eyes"],"picked":"SKIP","floor":8.0},{"not_picked":["Rebound","Sweeping Beam"],"picked":"Hologram","floor":10.0},{"not_picked":["FTL","Redo","Force Field"],"picked":"SKIP","floor":12.0},{"not_picked":["Core Surge","Creative AI"],"picked":"Biased Cognition","floor":16},{"not_picked":["Steam","Go for the Eyes","Redo+1"],"picked":"SKIP","floor":18},{"not_picked":["Steam","Go for the Eyes","Redo+1"],"picked":"SKIP","floor":18},{"not_picked":["Steam","Barrage","Static Discharge"],"picked":"SKIP","floor":20},{"not_picked":["Skim","Storm"],"picked":"Ball Lightning","floor":22}],"player_experience":1104672,"relics_obtained":[{"floor":7.0,"key":"Vajra"},{"floor":9.0,"key":"War Paint"},{"floor":10.0,"key":"Orichalcum"},{"floor":12.0,"key":"Smiling Mask"},{"floor":17,"key":"Strawberry"},{"floor":17,"key":"Mummified Hand"},{"floor":17,"key":"Calipers"},{"floor":19,"key":"Peace Pipe"},{"floor":21,"key":"Regal Pillow"}],"event_choices":[{"cards_removed":["Strike_B"],"damage_healed":0.0,"max_hp_gain":0.0,"max_hp_loss":0.0,"gold_gain":0.0,"event_name":"Golden Wing","player_choice":"Card Removal","floor":4.0,"gold_loss":0.0,"damage_taken":7.0},{"damage_healed":0.0,"max_hp_gain":0.0,"max_hp_loss":0.0,"gold_gain":0.0,"event_name":"Shining Light","player_choice":"Entered Light","floor":5.0,"gold_loss":0.0,"damage_taken":21.0,"cards_upgraded":["Ball Lightning","Dualcast"]},{"damage_healed":0.0,"max_hp_gain":0.0,"max_hp_loss":7.0,"gold_gain":0.0,"event_name":"Golden Idol","player_choice":"Lose Max HP","floor":14.0,"gold_loss":0.0,"damage_taken":0.0,"relics_obtained":["Golden Idol"]},{"damage_healed":0,"gold_gain":0,"player_choice":"Relic","damage_taken":0,"max_hp_gain":0,"max_hp_loss":0,"event_name":"Wheel of Change","floor":19,"gold_loss":0}],"is_beta":true,"boss_relics":[{"not_picked":["Inserter","Black Star"],"picked":"Calling Bell"}],"items_purged_floors":[],"is_endless":false,"potions_floor_spawned":[2,7,16,18],"killed_by":"Gremlin Leader","ascension_level":20}