{"gold_per_floor":[115,134,147,147,147,147,147,147,147,160,192,209,227,240,240,312,312,330,330,330,380,84,84,115,115,145,160,176,8,24,24,24,102,102,112,131,145,245,263,293,293,293],"floor_reached":42,"playtime":1916,"items_purged":["Rupture","Strike_R"],"score":950,"play_id":"02979e33-51a0-4a11-8569-d8daa6a28ba2","local_time":"20190405020056","is_ascension_mode":true,"campfire_choices":[{"data":"Perfected Strike","floor":6.0,"key":"SMITH"},{"data":"Bash","floor":8.0,"key":"SMITH"},{"data":"Armaments","floor":15.0,"key":"SMITH"},{"data":"Demon Form","floor":23.0,"key":"SMITH"},{"data":"Offering","floor":25.0,"key":"SMITH"},{"data":"Perfected Strike","floor":32.0,"key":"SMITH"},{"data":"Heavy Blade","floor":41.0,"key":"SMITH"}],"neow_cost":"NONE","seed_source_timestamp":16171703330099,"circlet_count":0,"master_deck":["AscendersBane","Bash+1","Iron Wave","Perfected Strike+1","Offering+1","Armaments+1","Offering","Demon Form+1","Perfected Strike+1","Necronomicurse","Flame Barrier","Flame Barrier+1","Disarm","Perfected Strike+1","Clothesline","Writhe","Barricade","Havoc","Juggernaut","Reckless Charge","Impervious","Spot Weakness","Demon Form","Bludgeon","True Grit+1","Limit Break","Heavy Blade+1"],"special_seed":0,"relics":["Burning Blood","The Courier","Meat on the Bone","Turnip","Snecko Eye","Necronomicon","Lee\u0027s Waffle","Matryoshka","Tiny Chest","Gambling Chip","Pandora\u0027s Box","Magic Flower","Smiling Mask"],"potions_floor_usage":[42],"damage_taken":[{"damage":6.0,"enemies":"Cultist","floor":1.0,"turns":4.0},{"damage":1.0,"enemies":"2 Louse","floor":2.0,"turns":4.0},{"damage":11.0,"enemies":"Jaw Worm","floor":3.0,"turns":6.0},{"damage":12.0,"enemies":"Looter","floor":10.0,"turns":3.0},{"damage":35.0,"enemies":"3 Sentries","floor":11.0,"turns":8.0},{"damage":14.0,"enemies":"Red Slaver","floor":12.0,"turns":3.0},{"damage":8.0,"enemies":"3 Louse","floor":13.0,"turns":3.0},{"damage":7.0,"enemies":"Looter","floor":14.0,"turns":3.0},{"damage":56.0,"enemies":"Hexaghost","floor":16.0,"turns":9.0},{"damage":36.0,"enemies":"Shell Parasite","floor":18.0,"turns":5.0},{"damage":28.0,"enemies":"Gremlin Leader","floor":24.0,"turns":4.0},{"damage":21.0,"enemies":"3 Byrds","floor":27.0,"turns":5.0},{"damage":12.0,"enemies":"3 Cultists","floor":28.0,"turns":3.0},{"damage":24.0,"enemies":"Centurion and Healer","floor":30.0,"turns":5.0},{"damage":49.0,"enemies":"Champ","floor":33.0,"turns":8.0},{"damage":0.0,"enemies":"3 Darklings","floor":35.0,"turns":4.0},{"damage":0.0,"enemies":"Orb Walker","floor":36.0,"turns":2.0},{"damage":26.0,"enemies":"Jaw Worm Horde","floor":37.0,"turns":4.0},{"damage":8.0,"enemies":"Mind Bloom Boss Battle","floor":38.0,"turns":6.0},{"damage":11.0,"enemies":"Sphere and 2 Shapes","floor":39.0,"turns":4.0},{"damage":10.0,"enemies":"Nemesis","floor":40.0,"turns":5.0},{"damage":39,"enemies":"Reptomancer","floor":42,"turns":4}],"seed_played":"-3072152974284425544","potions_obtained":[{"floor":1.0,"key":"Swift Potion"},{"floor":7.0,"key":"Fire Potion"},{"floor":12.0,"key":"Poison Potion"},{"floor":13.0,"key":"LiquidBronze"},{"floor":16.0,"key":"Fire Potion"},{"floor":18.0,"key":"EssenceOfSteel"},{"floor":24.0,"key":"PowerPotion"}],"is_trial":false,"path_per_floor":["M","M","M","?","T","R","?","R","T","M","E","M","M","M","R","B",null,"M","?","?","?","$","R","E","R","T","M","M","$","M","?","R","B",null,"M","M","M","?","M","E","R","E"],"character_chosen":"IRONCLAD","items_purchased":["Flame Barrier","Lee\u0027s Waffle","Perfected Strike","Clothesline"],"campfire_rested":0,"item_purchase_floors":[22,22,29,29],"current_hp_per_floor":[75,80,75,68,68,68,68,68,68,62,45,49,59,58,58,20,67,49,49,28,28,89,89,67,67,67,52,58,58,52,52,52,21,72,78,84,64,62,60,59,59,20],"gold":293,"neow_bonus":"TEN_PERCENT_HP_BONUS","is_prod":false,"is_daily":false,"chose_seed":false,"campfire_upgraded":7,"win_rate":0,"timestamp":1554454856,"path_taken":["M","?","M","?","?","R","?","R","T","M","E","M","M","M","R","BOSS","M","?","?","?","$","R","E","R","T","M","?","?","M","?","R","BOSS","M","M","M","?","M","E","R","E"],"build_version":"2019-04-04","purchased_purges":2,"victory":false,"max_hp_per_floor":[82,82,82,82,82,82,82,82,82,82,82,82,82,82,82,82,82,82,82,82,82,89,89,89,89,89,89,89,89,89,89,89,89,89,89,89,89,89,89,89,89,89],"card_choices":[{"not_picked":["Intimidate","Dual Wield","Armaments"],"picked":"SKIP","floor":1.0},{"not_picked":["Heavy Blade","Warcry"],"picked":"Iron Wave","floor":2.0},{"not_picked":["Intimidate","Sword Boomerang"],"picked":"Perfected Strike","floor":3.0},{"not_picked":["Entrench","Heavy Blade","Infernal Blade"],"picked":"SKIP","floor":10.0},{"not_picked":["Entrench","Heavy Blade","Infernal Blade"],"picked":"SKIP","floor":10.0},{"not_picked":["Metallicize","Armaments"],"picked":"Offering","floor":11.0},{"not_picked":["Pommel Strike","Havoc"],"picked":"Armaments","floor":12.0},{"not_picked":["Power Through","Headbutt"],"picked":"Offering","floor":13.0},{"not_picked":["Cleave","Clash"],"picked":"Rupture","floor":14.0},{"not_picked":["Exhume","Offering"],"picked":"Demon Form","floor":16.0},{"not_picked":["Warcry","Rupture"],"picked":"Perfected Strike+1","floor":18.0},{"not_picked":["Double Tap","Sword Boomerang","Inflame"],"picked":"SKIP","floor":24.0},{"not_picked":["Double Tap","Sword Boomerang","Inflame"],"picked":"SKIP","floor":24.0},{"not_picked":["Headbutt","Perfected Strike"],"picked":"Flame Barrier+1","floor":27.0},{"not_picked":["Reckless Charge+1","Uppercut"],"picked":"Disarm","floor":28.0},{"not_picked":["Sever Soul+1","Blood for Blood","Carnage"],"picked":"SKIP","floor":30.0},{"not_picked":["Fiend Fire","Double Tap"],"picked":"Barricade","floor":33.0},{"not_picked":["Armaments","Flex"],"picked":"True Grit+1","floor":35.0},{"not_picked":["Havoc","Pommel Strike","Body Slam"],"picked":"SKIP","floor":36.0},{"not_picked":["Anger","Shrug It Off"],"picked":"Limit Break","floor":37.0},{"not_picked":["Havoc","Flex"],"picked":"Heavy Blade","floor":38.0},{"not_picked":["Clothesline","Blood for Blood","Evolve"],"picked":"SKIP","floor":39.0},{"not_picked":["Warcry+1","Flex","Reckless Charge"],"picked":"SKIP","floor":40.0},{"not_picked":["Warcry+1","Flex","Reckless Charge"],"picked":"SKIP","floor":40.0}],"player_experience":1387974,"relics_obtained":[{"floor":5.0,"key":"The Courier"},{"floor":9.0,"key":"Meat on the Bone"},{"floor":11.0,"key":"Turnip"},{"floor":20.0,"key":"Necronomicon"},{"floor":24.0,"key":"Matryoshka"},{"floor":26.0,"key":"Tiny Chest"},{"floor":38.0,"key":"Magic Flower"},{"floor":40.0,"key":"Smiling Mask"}],"event_choices":[{"cards_removed":["Strike_R"],"damage_healed":0.0,"max_hp_gain":0.0,"max_hp_loss":0.0,"gold_gain":0.0,"event_name":"Golden Wing","player_choice":"Card Removal","floor":4.0,"gold_loss":0.0,"damage_taken":7.0},{"damage_healed":0.0,"max_hp_gain":0.0,"max_hp_loss":0.0,"gold_gain":0.0,"event_name":"Lab","player_choice":"Got Potions","floor":7.0,"gold_loss":0.0,"damage_taken":0.0},{"damage_healed":0.0,"max_hp_gain":0.0,"max_hp_loss":0.0,"gold_gain":0.0,"event_name":"Ghosts","player_choice":"Ignored","floor":19.0,"gold_loss":0.0,"damage_taken":0.0},{"damage_healed":0.0,"max_hp_gain":0.0,"max_hp_loss":0.0,"gold_gain":0.0,"event_name":"Cursed Tome","player_choice":"Obtained Book","floor":20.0,"gold_loss":0.0,"damage_taken":21.0},{"damage_healed":0.0,"max_hp_gain":0.0,"max_hp_loss":0.0,"gold_gain":50.0,"event_name":"Nest","player_choice":"Stole From Cult","floor":21.0,"gold_loss":0.0,"damage_taken":0.0},{"damage_healed":0.0,"max_hp_gain":0.0,"max_hp_loss":0.0,"gold_gain":0.0,"event_name":"The Mausoleum","player_choice":"Opened","floor":31.0,"gold_loss":0.0,"damage_taken":0.0,"relics_obtained":["Gambling Chip"],"cards_obtained":["Writhe"]},{"damage_healed":0.0,"max_hp_gain":0.0,"max_hp_loss":0.0,"gold_gain":0.0,"event_name":"MindBloom","player_choice":"Fight","floor":38.0,"gold_loss":0.0,"damage_taken":0.0}],"is_beta":true,"boss_relics":[{"not_picked":["Calling Bell","Mark of Pain"],"picked":"Snecko Eye"},{"not_picked":["Lizard Tail","White Beast Statue"],"picked":"Pandora\u0027s Box"}],"items_purged_floors":[22,29],"is_endless":false,"potions_floor_spawned":[1,12,13,16,18,24,27,35,36],"killed_by":"Reptomancer","ascension_level":20}