{"gold_per_floor":[111,36,52,52,52,82,82,82,132,143,143,143,158,175,175,175],"floor_reached":16,"playtime":689,"items_purged":["Strike_G"],"score":131,"play_id":"4f1bb8ca-422f-429f-a1b0-98a08c32798d","local_time":"20190420112454","is_ascension_mode":true,"campfire_choices":[{"data":"Neutralize","floor":11,"key":"SMITH"},{"floor":15,"key":"REST"}],"neow_cost":"NONE","seed_source_timestamp":341096768306356,"circlet_count":0,"master_deck":["Defend_G","Defend_G","Defend_G","Defend_G","Defend_G","Strike_G+1","Survivor","Neutralize+1","Deadly Poison","A Thousand Cuts+1","Poisoned Stab","Caltrops","Pain","Predator","Blur"],"relics":["Ring of the Snake","NeowsBlessing","Bag of Preparation","Potion Belt","WarpedTongs"],"potions_floor_usage":[],"damage_taken":[{"damage":0,"enemies":"Small Slimes","floor":1,"turns":1},{"damage":0,"enemies":"Cultist","floor":3,"turns":1},{"damage":0,"enemies":"3 Sentries","floor":6,"turns":2},{"damage":0,"enemies":"2 Louse","floor":10,"turns":3},{"damage":7,"enemies":"Red Slaver","floor":13,"turns":3},{"damage":35,"enemies":"Gremlin Gang","floor":14,"turns":7},{"damage":32,"enemies":"Slime Boss","floor":16,"turns":3}],"seed_played":"-3651609874058388253","potions_obtained":[{"floor":1,"key":"GamblersBrew"},{"floor":6,"key":"Dexterity Potion"}],"is_trial":false,"path_per_floor":["M","$","M","?","?","E","?","?","T","M","R","?","M","M","R","B"],"character_chosen":"THE_SILENT","items_purchased":[],"campfire_rested":1,"item_purchase_floors":[],"current_hp_per_floor":[70,70,70,70,56,56,49,49,49,49,49,49,42,7,28,0],"gold":175,"neow_bonus":"THREE_ENEMY_KILL","is_prod":false,"is_daily":false,"chose_seed":false,"campfire_upgraded":1,"win_rate":0,"timestamp":1555739694,"path_taken":["M","$","M","?","?","E","?","?","T","?","R","?","M","?","R","BOSS"],"build_version":"2019-01-23","purchased_purges":1,"victory":false,"max_hp_per_floor":[70,70,70,70,70,70,70,70,70,70,70,70,70,70,70,70],"card_choices":[{"not_picked":["Accuracy","Expertise","Eviscerate"],"picked":"SKIP","floor":1},{"not_picked":["Sucker Punch","Expertise"],"picked":"Deadly Poison","floor":3},{"not_picked":["Quick Slash","Blade Dance"],"picked":"Poisoned Stab","floor":6},{"not_picked":["Dodge and Roll","Flechettes"],"picked":"Caltrops","floor":10},{"not_picked":["Finisher","Accuracy"],"picked":"Predator","floor":13},{"not_picked":["Backflip","Underhanded Strike"],"picked":"Blur","floor":14}],"player_experience":75180,"relics_obtained":[{"floor":6,"key":"Bag of Preparation"},{"floor":9,"key":"Potion Belt"}],"event_choices":[{"damage_healed":0,"gold_gain":0,"cards_transformed":["Strike_G"],"player_choice":"Change","damage_taken":0,"max_hp_gain":0,"max_hp_loss":0,"event_name":"Living Wall","floor":4,"gold_loss":0,"cards_obtained":["A Thousand Cuts"]},{"damage_healed":0,"gold_gain":0,"player_choice":"Entered Light","damage_taken":14,"max_hp_gain":0,"max_hp_loss":0,"event_name":"Shining Light","floor":5,"gold_loss":0,"cards_upgraded":["Strike_G","A Thousand Cuts"]},{"cards_removed":["Strike_G"],"damage_healed":0,"gold_gain":0,"player_choice":"Card Removal","damage_taken":7,"max_hp_gain":0,"max_hp_loss":0,"event_name":"Golden Wing","floor":7,"gold_loss":0},{"cards_removed":["Strike_G"],"damage_healed":0,"gold_gain":0,"player_choice":"Purged","damage_taken":0,"max_hp_gain":0,"max_hp_loss":0,"event_name":"Purifier","floor":8,"gold_loss":0},{"damage_healed":0,"gold_gain":0,"player_choice":"Rummage","damage_taken":0,"relics_obtained":["WarpedTongs"],"max_hp_gain":0,"max_hp_loss":0,"event_name":"Accursed Blacksmith","floor":12,"gold_loss":0,"cards_obtained":["Pain"]}],"is_beta":false,"boss_relics":[],"items_purged_floors":[2],"is_endless":false,"potions_floor_spawned":[1,6],"killed_by":"Slime Boss","ascension_level":1}