{"gold_per_floor":[112,262,282,292,108,108,140,140,170,187,187],"floor_reached":11,"playtime":531,"items_purged":["Doubt"],"score":146,"play_id":"b6450a3d-1a80-4097-9487-f217de3efa40","local_time":"20190223212129","is_ascension_mode":true,"campfire_choices":[{"data":"Bash","floor":6,"key":"SMITH"},{"data":"Hemokinesis","floor":8,"key":"SMITH"}],"neow_cost":"TEN_PERCENT_HP_LOSS","seed_source_timestamp":2333565206214130,"circlet_count":0,"master_deck":["AscendersBane","Strike_R","Strike_R","Strike_R","Strike_R","Strike_R","Defend_R","Defend_R","Defend_R","Defend_R","Bash+1","Shrug It Off","Anger","Armaments","Shrug It Off","Hemokinesis+1","Disarm"],"relics":["Burning Blood","Gambling Chip","Bottled Lightning","Tiny Chest"],"potions_floor_usage":[11,11],"damage_taken":[{"damage":1,"enemies":"Cultist","floor":1,"turns":3},{"damage":6,"enemies":"2 Louse","floor":3,"turns":5},{"damage":11,"enemies":"Jaw Worm","floor":4,"turns":5},{"damage":37,"enemies":"3 Sentries","floor":7,"turns":11},{"damage":6,"enemies":"Exordium Thugs","floor":10,"turns":4},{"damage":30,"enemies":"Gremlin Nob","floor":11,"turns":5}],"seed_played":"125991550522790186","potions_obtained":[{"floor":4,"key":"Block Potion"}],"is_trial":false,"path_per_floor":["M","?","M","M","$","R","E","R","T","M","E"],"character_chosen":"IRONCLAD","items_purchased":["Shrug It Off","Weak Potion"],"campfire_rested":0,"item_purchase_floors":[5,5],"current_hp_per_floor":[68,68,68,63,63,63,32,32,32,32,2],"gold":187,"neow_bonus":"ONE_RARE_RELIC","is_prod":false,"is_daily":false,"chose_seed":false,"campfire_upgraded":2,"win_rate":0,"timestamp":1550985689,"path_taken":["M","?","M","M","$","R","E","R","T","M","E"],"build_version":"2019-02-06","purchased_purges":1,"victory":false,"max_hp_per_floor":[68,68,68,68,68,68,68,68,68,68,68],"card_choices":[{"not_picked":["Sword Boomerang","Headbutt"],"picked":"Shrug It Off","floor":1},{"not_picked":["Cleave","Body Slam"],"picked":"Anger","floor":3},{"not_picked":["Entrench","Uppercut"],"picked":"Armaments","floor":4},{"not_picked":["Headbutt","Hemokinesis","Sever Soul"],"picked":"SKIP","floor":7},{"not_picked":["Headbutt","Sever Soul"],"picked":"Hemokinesis","floor":7},{"not_picked":["Uppercut","Armaments"],"picked":"Disarm","floor":10}],"player_experience":1225583,"relics_obtained":[{"floor":7,"key":"Bottled Lightning"},{"floor":9,"key":"Tiny Chest"}],"event_choices":[{"damage_healed":0,"gold_gain":150,"player_choice":"AGREE","damage_taken":0,"max_hp_gain":0,"max_hp_loss":0,"event_name":"Liars Game","floor":2,"gold_loss":0,"cards_obtained":["Doubt"]}],"is_beta":true,"boss_relics":[],"items_purged_floors":[5],"is_endless":false,"potions_floor_spawned":[4,10],"killed_by":"Gremlin Nob","ascension_level":20}