{"gold_per_floor":[109,109,122,197,197,231,250,250,250,277,34,34,52,79,79,156,156,169,169,185,101,114,144,155,155,206,206,226,226,253,253,253,328,328,340,1339,726,726,742,754,754,788,835,835,853,871,891,308,308,308],"floor_reached":50,"playtime":2452,"items_purged":["Strike_B","Normality","Normality"],"score":1285,"play_id":"586d698f-2511-49dc-b9b1-089406a24ecb","local_time":"20190221223904","is_ascension_mode":true,"campfire_choices":[{"data":"Biased Cognition","floor":8.0,"key":"SMITH"},{"data":"Zap","floor":15.0,"key":"SMITH"},{"data":"Seek","floor":25.0,"key":"SMITH"},{"data":"Coolheaded","floor":27.0,"key":"SMITH"},{"data":"Coolheaded","floor":29.0,"key":"SMITH"},{"floor":32.0,"key":"REST"},{"data":"Defragment","floor":41.0,"key":"SMITH"},{"floor":49,"key":"RECALL"}],"neow_cost":"NONE","seed_source_timestamp":2239520913664034,"circlet_count":0,"master_deck":["AscendersBane","Defend_B","Defend_B","Defend_B","Zap+1","Dualcast","Biased Cognition+1","Cold Snap","Electrodynamics+1","Echo Form","Ball Lightning","Seek+1","Coolheaded+1","Coolheaded+1","Echo Form","Recycle+1","Fission","Defragment+1","Dark Shackles","PanicButton","Loop+1","Force Field+1","Buffer","Coolheaded","BootSequence","Defragment+1","Chill","Capacitor"],"special_seed":0,"relics":["Cracked Core","NeowsBlessing","StoneCalendar","Centennial Puzzle","Bottled Tornado","Blue Candle","Runic Dome","Bottled Lightning","Lantern","Darkstone Periapt","Empty Cage","Runic Capacitor","Question Card","Bronze Scales","PreservedInsect","DollysMirror"],"potions_floor_usage":[],"damage_taken":[{"damage":0.0,"enemies":"Small Slimes","floor":1.0,"turns":1.0},{"damage":0.0,"enemies":"Cultist","floor":3.0,"turns":1.0},{"damage":0.0,"enemies":"Lagavulin","floor":6.0,"turns":1.0},{"damage":2.0,"enemies":"2 Louse","floor":7.0,"turns":2.0},{"damage":0.0,"enemies":"3 Sentries","floor":10.0,"turns":3.0},{"damage":0.0,"enemies":"Large Slime","floor":13.0,"turns":3.0},{"damage":0.0,"enemies":"Lagavulin","floor":14.0,"turns":6.0},{"damage":25.0,"enemies":"The Guardian","floor":16.0,"turns":10.0},{"damage":10.0,"enemies":"2 Thieves","floor":18.0,"turns":2.0},{"damage":0.0,"enemies":"3 Byrds","floor":20.0,"turns":1.0},{"damage":0.0,"enemies":"Sentry and Sphere","floor":22.0,"turns":2.0},{"damage":23.0,"enemies":"Book of Stabbing","floor":23.0,"turns":4.0},{"damage":0.0,"enemies":"Centurion and Healer","floor":24.0,"turns":4.0},{"damage":0.0,"enemies":"3 Cultists","floor":28.0,"turns":1.0},{"damage":0.0,"enemies":"Gremlin Leader","floor":30.0,"turns":3.0},{"damage":32.0,"enemies":"Collector","floor":33.0,"turns":6.0},{"damage":0.0,"enemies":"3 Shapes","floor":35.0,"turns":1.0},{"damage":8.0,"enemies":"Orb Walker","floor":39.0,"turns":4.0},{"damage":6.0,"enemies":"Writhing Mass","floor":40.0,"turns":6.0},{"damage":29.0,"enemies":"Nemesis","floor":42.0,"turns":7.0},{"damage":3.0,"enemies":"Spire Growth","floor":45.0,"turns":4.0},{"damage":0.0,"enemies":"3 Darklings","floor":46.0,"turns":2.0},{"damage":0,"enemies":"Maw","floor":47,"turns":8},{"damage":13,"enemies":"Time Eater","floor":50,"turns":12}],"seed_played":"7914912343248867827","potions_obtained":[{"floor":3.0,"key":"Strength Potion"},{"floor":6.0,"key":"EntropicBrew"},{"floor":16.0,"key":"SneckoOil"}],"is_trial":false,"path_per_floor":["M","?","M","?","?","E","M","R","T","E","$","?","M","E","R","B",null,"M","?","M","$","M","E","M","R","T","R","M","R","E","$","R","B",null,"M","?","$","?","M","M","R","E","T","?","M","M","M","$","R","B"],"character_chosen":"DEFECT","items_purchased":["Echo Form","Ancient Potion","Runic Capacitor","Question Card","DollysMirror","Chill","Ancient Potion","Capacitor"],"campfire_rested":1,"item_purchase_floors":[11,21,37,37,48,48,48,48],"current_hp_per_floor":[64,64,64,53,48,48,46,46,46,46,46,39,39,39,39,14,57,47,47,47,47,47,24,24,24,24,24,24,24,24,24,45,13,57,57,69,69,59,51,45,45,16,16,16,13,13,13,13,13,0],"gold":308,"neow_bonus":"THREE_ENEMY_KILL","is_prod":false,"is_daily":false,"chose_seed":false,"campfire_upgraded":6,"win_rate":0,"timestamp":1550817544,"path_taken":["M","?","?","?","?","E","M","R","T","E","$","?","M","E","R","BOSS","M","?","M","$","M","E","?","R","T","R","?","R","E","?","R","BOSS","M","?","$","?","M","M","R","E","T","?","M","M","?","$","R","BOSS"],"build_version":"2019-02-06","purchased_purges":3,"victory":false,"max_hp_per_floor":[71,71,71,71,71,71,71,71,71,71,71,71,71,71,71,71,71,71,71,71,71,71,71,71,71,71,71,71,71,71,71,71,71,71,71,83,83,83,83,83,83,83,83,83,83,83,83,83,83,83],"card_choices":[{"not_picked":["Beam Cell","Compile Driver","Rip and Tear"],"picked":"SKIP","floor":1.0},{"not_picked":["Beam Cell","Compile Driver","Rip and Tear"],"picked":"SKIP","floor":1.0},{"not_picked":["Reprogram","Fusion"],"picked":"Cold Snap","floor":3.0},{"not_picked":["Reprogram","Turbo"],"picked":"Electrodynamics","floor":6.0},{"not_picked":["Gash","Redo","Turbo"],"picked":"SKIP","floor":7.0},{"not_picked":["Thunder Strike","Streamline","Consume"],"picked":"SKIP","floor":10.0},{"not_picked":["Doom and Gloom","Compile Driver"],"picked":"Ball Lightning","floor":13.0},{"not_picked":["Meteor Strike","Sunder","Double Energy"],"picked":"SKIP","floor":14.0},{"not_picked":["Rainbow","Machine Learning"],"picked":"Seek","floor":16.0},{"not_picked":["Compile Driver","Steam Power"],"picked":"Coolheaded","floor":18.0},{"not_picked":["Turbo","Beam Cell","Ball Lightning"],"picked":"SKIP","floor":20.0},{"not_picked":["Sweeping Beam","Static Discharge"],"picked":"Coolheaded","floor":22.0},{"not_picked":["Cold Snap","Beam Cell","Stack"],"picked":"SKIP","floor":23.0},{"not_picked":["Conserve Battery","Cold Snap"],"picked":"Echo Form","floor":24.0},{"not_picked":["Doom and Gloom","Gash+1"],"picked":"Recycle+1","floor":28.0},{"not_picked":["Storm","Streamline","Sunder"],"picked":"SKIP","floor":30.0},{"not_picked":["Meteor Strike","Machine Learning"],"picked":"Fission","floor":33.0},{"not_picked":["Turbo","Beam Cell+1"],"picked":"Defragment","floor":35.0},{"not_picked":["Blind","Apotheosis","Trip"],"picked":"Thinking Ahead","floor":38.0},{"not_picked":["Transmutation","Enlightenment","Sadistic Nature"],"picked":"Dark Shackles","floor":38.0},{"not_picked":["Flash of Steel","Jack Of All Trades","Trip"],"picked":"PanicButton","floor":38.0},{"not_picked":["Turbo+1","Compile Driver","Conserve Battery"],"picked":"Loop+1","floor":39.0},{"not_picked":["Cold Snap","Conserve Battery","Leap"],"picked":"Force Field+1","floor":40.0},{"not_picked":["Sunder","Coolheaded","Conserve Battery","Lockon"],"picked":"SKIP","floor":42.0},{"not_picked":["Barrage","Rebound+1","Sweeping Beam"],"picked":"Buffer","floor":45.0},{"not_picked":["Barrage","Doom and Gloom","Streamline"],"picked":"Coolheaded","floor":46.0},{"not_picked":["Undo","Ball Lightning","Double Energy"],"picked":"BootSequence","floor":47}],"player_experience":1218741,"relics_obtained":[{"floor":6.0,"key":"Centennial Puzzle"},{"floor":10.0,"key":"Bottled Tornado"},{"floor":14.0,"key":"Blue Candle"},{"floor":23.0,"key":"Bottled Lightning"},{"floor":26.0,"key":"Lantern"},{"floor":30.0,"key":"Darkstone Periapt"},{"floor":42.0,"key":"Bronze Scales"},{"floor":43.0,"key":"PreservedInsect"}],"event_choices":[{"damage_healed":0.0,"max_hp_gain":0.0,"max_hp_loss":0.0,"gold_gain":0.0,"cards_transformed":["Strike_B"],"event_name":"Transmorgrifier","player_choice":"Transformed","floor":2.0,"gold_loss":0.0,"damage_taken":0.0,"cards_obtained":["Biased Cognition"]},{"damage_healed":0.0,"max_hp_gain":0.0,"max_hp_loss":0.0,"gold_gain":75.0,"event_name":"World of Goop","player_choice":"Gather Gold","floor":4.0,"gold_loss":0.0,"damage_taken":11.0},{"damage_healed":0.0,"max_hp_gain":0.0,"max_hp_loss":0.0,"gold_gain":0.0,"event_name":"Scrap Ooze","player_choice":"Success","floor":5.0,"gold_loss":0.0,"damage_taken":5.0,"relics_obtained":["StoneCalendar"]},{"cards_removed":["Strike_B"],"damage_healed":0.0,"max_hp_gain":0.0,"max_hp_loss":0.0,"gold_gain":0.0,"event_name":"Golden Wing","player_choice":"Card Removal","floor":12.0,"gold_loss":0.0,"damage_taken":7.0},{"damage_healed":0.0,"max_hp_gain":0.0,"max_hp_loss":0.0,"gold_gain":0.0,"event_name":"Upgrade Shrine","player_choice":"Upgraded","floor":19.0,"gold_loss":0.0,"damage_taken":0.0,"cards_upgraded":["Electrodynamics"]},{"damage_healed":0.0,"max_hp_gain":0.0,"max_hp_loss":0.0,"gold_gain":999.0,"event_name":"MindBloom","player_choice":"Gold","floor":36.0,"gold_loss":0.0,"damage_taken":0.0,"cards_obtained":["Normality","Normality"]},{"damage_healed":0.0,"max_hp_gain":0.0,"max_hp_loss":0.0,"gold_gain":0.0,"event_name":"SensoryStone","player_choice":"Memory 3","floor":38.0,"gold_loss":0.0,"damage_taken":10.0},{"cards_removed":["Thinking Ahead"],"damage_healed":0.0,"max_hp_gain":0.0,"max_hp_loss":0.0,"gold_gain":0.0,"event_name":"Falling","player_choice":"Removed Skill","floor":44.0,"gold_loss":0.0,"damage_taken":0.0}],"is_beta":true,"boss_relics":[{"not_picked":["Calling Bell","Cursed Key"],"picked":"Runic Dome"},{"not_picked":["White Beast Statue","Coffee Dripper"],"picked":"Empty Cage"}],"items_purged_floors":[11,37,48],"is_endless":false,"potions_floor_spawned":[3,6,13,16,23,28,30,33,40,46],"killed_by":"Time Eater","ascension_level":20}