{"gold_per_floor":[369,385,50,50,61,61,88,110,135,135,135,149,149,176,176,271,271,289,289,214,230,249,249,249,249,249,269,269,279,93,18,18,117,117,127,138,156,56,76,76,91,91,91,91,125,140,140,156,156,156],"floor_reached":51,"playtime":3059,"items_purged":["Defend_G","Defend_G"],"score":846,"play_id":"d07616dd-5a73-4ee8-8fab-b55452b58d3b","local_time":"20190422143714","is_ascension_mode":true,"campfire_choices":[{"floor":6.0,"key":"REST"},{"data":"Neutralize","floor":10.0,"key":"SMITH"},{"floor":13.0,"key":"REST"},{"data":"Crippling Poison","floor":15.0,"key":"SMITH"},{"data":"After Image","floor":23.0,"key":"SMITH"},{"data":"Crippling Poison","floor":25.0,"key":"SMITH"},{"data":"Cloak And Dagger","floor":28.0,"key":"SMITH"},{"data":"Footwork","floor":32.0,"key":"SMITH"},{"data":"Blade Dance","floor":40,"key":"SMITH"},{"data":"Discovery","floor":44,"key":"SMITH"},{"data":"Backflip","floor":49,"key":"SMITH"}],"neow_cost":"PERCENT_DAMAGE","seed_source_timestamp":0,"circlet_count":0,"master_deck":["Defend_G","Defend_G","Survivor+1","Neutralize+1","All Out Attack+1","Cloak And Dagger+1","Infinite Blades","Escape Plan","Crippling Poison+1","Crippling Poison+1","After Image+1","Deflect+1","Bite","Bite","Bite","Bite","Bite","Backflip+1","Terror+1","Venomology","Blade Dance+1","Footwork+1","Adrenaline","Backflip+1","PiercingWail+1","Discovery+1","PiercingWail+1","Parasite","Bouncing Flask+1"],"special_seed":0,"relics":["Ring of the Snake","Question Card","Potion Belt","Odd Mushroom","Boot","Bottled Lightning","Cursed Key","MutagenicStrength","Bronze Scales","Coffee Dripper","Mummified Hand"],"potions_floor_usage":[33,33,35,39,45,45,50,50,50,50],"damage_taken":[{"damage":1.0,"enemies":"2 Louse","floor":1.0,"turns":4.0},{"damage":0.0,"enemies":"Small Slimes","floor":2.0,"turns":4.0},{"damage":1.0,"enemies":"Jaw Worm","floor":5.0,"turns":4.0},{"damage":21.0,"enemies":"Gremlin Nob","floor":7.0,"turns":5.0},{"damage":1.0,"enemies":"The Mushroom Lair","floor":8.0,"turns":2.0},{"damage":5.0,"enemies":"Gremlin Gang","floor":12.0,"turns":3.0},{"damage":5.0,"enemies":"Lagavulin","floor":14.0,"turns":7.0},{"damage":18.0,"enemies":"Hexaghost","floor":16.0,"turns":12.0},{"damage":0.0,"enemies":"3 Byrds","floor":18.0,"turns":3.0},{"damage":0.0,"enemies":"Spheric Guardian","floor":21.0,"turns":6.0},{"damage":11.0,"enemies":"Snake Plant","floor":22.0,"turns":5.0},{"damage":5.0,"enemies":"Centurion and Healer","floor":27.0,"turns":7.0},{"damage":0.0,"enemies":"Cultist and Chosen","floor":29.0,"turns":4.0},{"damage":50,"enemies":"Champ","floor":33,"turns":18},{"damage":8,"enemies":"3 Shapes","floor":35,"turns":2},{"damage":0,"enemies":"Orb Walker","floor":36,"turns":3},{"damage":0,"enemies":"Transient","floor":37,"turns":5},{"damage":12,"enemies":"Sphere and 2 Shapes","floor":39,"turns":5},{"damage":0,"enemies":"4 Shapes","floor":41,"turns":4},{"damage":3,"enemies":"Giant Head","floor":45,"turns":6},{"damage":0,"enemies":"Writhing Mass","floor":46,"turns":6},{"damage":0,"enemies":"3 Darklings","floor":48,"turns":3},{"damage":31,"enemies":"Time Eater","floor":50,"turns":12}],"seed_played":"-2012830629111193159","potions_obtained":[{"floor":2.0,"key":"Explosive Potion"},{"floor":5.0,"key":"GhostInAJar"},{"floor":14.0,"key":"Swift Potion"},{"floor":22.0,"key":"Energy Potion"},{"floor":27.0,"key":"EssenceOfSteel"},{"floor":36,"key":"SteroidPotion"},{"floor":41,"key":"Poison Potion"},{"floor":46,"key":"Fire Potion"}],"is_trial":false,"path_per_floor":["?","?","?","?","?","?","$","M","M","?","T"],"character_chosen":"THE_SILENT","items_purchased":["Question Card","Infinite Blades","Footwork","Bronze Scales"],"campfire_rested":2,"item_purchase_floors":[3,3,30,30],"current_hp_per_floor":[48,48,48,34,33,54,33,32,32,32,25,20,41,36,36,18,57,57,49,49,49,44,44,44,44,44,48,48,49,49,49,49,7,39,33,43,49,49,43,43,49,44,44,44,49,49,49,49,49,36],"gold":156,"neow_bonus":"TWO_FIFTY_GOLD","is_prod":false,"is_daily":false,"chose_seed":false,"campfire_upgraded":9,"win_rate":0,"timestamp":1555961834,"path_taken":["M","M","$","?","M","R","E","?","T","R","?","M","R","E","R","BOSS","M","?","?","M","M","R","?","R","T","M","R","M","?","$","R","BOSS","M","M","?","$","M","R","?","?","T","R","E","M","?","M","R","BOSS"],"build_version":"2019-01-23","purchased_purges":2,"victory":true,"max_hp_per_floor":[70,70,70,70,70,70,70,70,70,70,70,70,70,70,70,70,70,70,49,49,49,49,49,49,49,49,49,49,49,49,49,49,49,49,49,49,49,49,49,49,49,49,49,49,49,49,49,49,49,49],"card_choices":[{"not_picked":["Acrobatics","Deflect"],"picked":"All Out Attack","floor":1.0},{"not_picked":["Dagger Throw","Poisoned Stab"],"picked":"Cloak And Dagger","floor":2.0},{"not_picked":["Sucker Punch","Flying Knee","Slice","Dodge and Roll"],"picked":"SKIP","floor":5.0},{"not_picked":["Dagger Throw","Phantasmal Killer","Concentrate"],"picked":"Escape Plan","floor":7.0},{"not_picked":["Dagger Throw","Backflip","Underhanded Strike"],"picked":"Crippling Poison","floor":12.0},{"not_picked":["PiercingWail","Quick Slash","Acrobatics"],"picked":"Crippling Poison","floor":14.0},{"not_picked":["Doppelganger","Corpse Explosion","Tools of the Trade"],"picked":"After Image","floor":16.0},{"not_picked":["Backflip","Well Laid Plans+1","Dodge and Roll"],"picked":"Deflect+1","floor":18.0},{"not_picked":["Deadly Poison","Expertise","Prepared"],"picked":"Backflip","floor":21.0},{"not_picked":["Deflect+1","Outmaneuver","Acrobatics+1"],"picked":"Terror+1","floor":22.0},{"not_picked":["Terror","Slice","Catalyst"],"picked":"Venomology","floor":27.0},{"not_picked":["Dagger Throw","Underhanded Strike","Dash"],"picked":"Blade Dance","floor":29.0},{"not_picked":["Malaise","Corpse Explosion","Venomology"],"picked":"Adrenaline","floor":33},{"not_picked":["Dagger Throw+1","Bane+1","Distraction+1","Sucker Punch"],"picked":"SKIP","floor":35},{"not_picked":["Catalyst","Dagger Throw","Backstab"],"picked":"Backflip+1","floor":36},{"not_picked":["Slice","Calculated Gamble+1","Quick Slash"],"picked":"PiercingWail+1","floor":37},{"not_picked":["Bouncing Flask","Blade Dance","Backflip+1","Flechettes"],"picked":"SKIP","floor":39},{"not_picked":["Prepared+1","Distraction+1","Blade Dance+1","Backflip+1"],"picked":"SKIP","floor":41},{"not_picked":["Thinking Ahead","Violence","PanicButton"],"picked":"Discovery","floor":42},{"not_picked":["Cloak And Dagger","Expertise","Bane+1"],"picked":"PiercingWail+1","floor":45},{"not_picked":["Sucker Punch+1","Choke+1","Escape Plan","Flying Knee"],"picked":"SKIP","floor":46},{"not_picked":["Backflip+1","Riddle With Holes+1","Deadly Poison+1"],"picked":"Bouncing Flask+1","floor":48}],"player_experience":501468,"relics_obtained":[{"floor":7.0,"key":"Potion Belt"},{"floor":8.0,"key":"Odd Mushroom"},{"floor":9.0,"key":"Boot"},{"floor":14.0,"key":"Bottled Lightning"},{"floor":45,"key":"Mummified Hand"}],"event_choices":[{"damage_healed":0.0,"max_hp_gain":0.0,"max_hp_loss":0.0,"gold_gain":0.0,"event_name":"Shining Light","player_choice":"Entered Light","floor":4.0,"gold_loss":0.0,"damage_taken":14.0,"cards_upgraded":["All Out Attack","Survivor"]},{"damage_healed":0.0,"max_hp_gain":0.0,"max_hp_loss":0.0,"gold_gain":0.0,"event_name":"Mushrooms","player_choice":"Fought Mushrooms","floor":8.0,"gold_loss":0.0,"damage_taken":0.0},{"cards_removed":["Strike_G"],"damage_healed":0.0,"max_hp_gain":0.0,"max_hp_loss":0.0,"gold_gain":0.0,"event_name":"Golden Wing","player_choice":"Card Removal","floor":11.0,"gold_loss":0.0,"damage_taken":7.0},{"damage_healed":0.0,"max_hp_gain":0.0,"max_hp_loss":21.0,"gold_gain":0.0,"event_name":"Vampires","player_choice":"Became a vampire","floor":19.0,"gold_loss":0.0,"damage_taken":0.0,"cards_obtained":["Bite","Bite","Bite","Bite","Bite"]},{"cards_removed":["Defend_G"],"damage_healed":0.0,"max_hp_gain":0.0,"max_hp_loss":0.0,"gold_gain":0.0,"event_name":"Beggar","player_choice":"Gave Gold","floor":20.0,"gold_loss":75.0,"damage_taken":0.0},{"damage_healed":0.0,"max_hp_gain":0.0,"max_hp_loss":0.0,"gold_gain":0.0,"event_name":"Drug Dealer","player_choice":"Inject Mutagens","floor":24.0,"gold_loss":0.0,"damage_taken":0.0,"relics_obtained":["MutagenicStrength"]},{"damage_healed":0,"gold_gain":0,"player_choice":"Memory 2","damage_taken":5,"max_hp_gain":0,"max_hp_loss":0,"event_name":"SensoryStone","floor":42,"gold_loss":0}],"is_beta":false,"boss_relics":[{"not_picked":["Ring of the Serpent","Philosopher\u0027s Stone"],"picked":"Cursed Key"},{"not_picked":["Tiny House","Sozu"],"picked":"Coffee Dripper"}],"items_purged_floors":[31,38],"is_endless":false,"potions_floor_spawned":[2,5,14,22,27,36,41,46],"ascension_level":5}