{"gold_per_floor":[363,29,29,48,223,223,248,248,248,260,260,273,3,16,16,117,117,99,1,17,17,34,34,60,60,86,10,29,45,45,73,73,170,170,185,3,16,16,32,64,64,79,79,106,106,135,135,235,235,235],"floor_reached":51,"playtime":2699,"items_purged":["Strike_G","Strike_G"],"score":1272,"play_id":"2c7561c2-4d4c-4693-b810-d20ef1801c37","local_time":"20190423130055","is_ascension_mode":true,"campfire_choices":[{"data":"Deadly Poison","floor":6.0,"key":"SMITH"},{"data":"Blade Dance","floor":8.0,"key":"SMITH"},{"data":"Blur","floor":11.0,"key":"SMITH"},{"data":"Catalyst","floor":15.0,"key":"SMITH"},{"data":"Acrobatics","floor":23.0,"key":"SMITH"},{"data":"Corpse Explosion","floor":25.0,"key":"SMITH"},{"data":"Footwork","floor":30.0,"key":"SMITH"},{"data":"Catalyst","floor":32.0,"key":"SMITH"},{"data":"Prepared","floor":41.0,"key":"SMITH"},{"data":"Apotheosis","floor":47,"key":"SMITH"},{"data":"Noxious Fumes","floor":49,"key":"SMITH"}],"neow_cost":"TEN_PERCENT_HP_LOSS","seed_source_timestamp":9455663435070,"circlet_count":0,"master_deck":["AscendersBane","Defend_G","Defend_G+1","Defend_G","Defend_G","Defend_G","Strike_G","Strike_G","Survivor","Neutralize","Backflip","Deadly Poison+1","Blur+1","Blade Dance+1","Backflip","Backstab","Catalyst+1","Footwork+1","Deadly Poison+1","Corpse Explosion+1","Panacea","Acrobatics+1","Prepared+1","Catalyst+1","Acrobatics+1","Calculated Gamble+1","Noxious Fumes+1","Footwork+1","Escape Plan+1","Reflex+1","Apotheosis+1","Deep Breath","Footwork+1"],"special_seed":0,"relics":["Ring of the Snake","Oddly Smooth Stone","Pantograph","Mercury Hourglass","Snake Skull","Coffee Dripper","FaceOfCleric","Happy Flower","Centennial Puzzle","Dream Catcher","Empty Cage","The Specimen","Bottled Tornado","Vajra","War Paint","Ginger"],"potions_floor_usage":[44],"damage_taken":[{"damage":7.0,"enemies":"Jaw Worm","floor":1.0,"turns":5.0},{"damage":0.0,"enemies":"2 Louse","floor":4.0,"turns":3.0},{"damage":15.0,"enemies":"Lagavulin","floor":7.0,"turns":8.0},{"damage":0.0,"enemies":"Cultist","floor":10.0,"turns":3.0},{"damage":0.0,"enemies":"Looter","floor":12.0,"turns":3.0},{"damage":9.0,"enemies":"Exordium Thugs","floor":14.0,"turns":5.0},{"damage":7.0,"enemies":"The Guardian","floor":16.0,"turns":7.0},{"damage":14.0,"enemies":"2 Thieves","floor":18.0,"turns":4.0},{"damage":0.0,"enemies":"3 Byrds","floor":20.0,"turns":2.0},{"damage":11.0,"enemies":"Snecko","floor":22.0,"turns":4.0},{"damage":0.0,"enemies":"Gremlin Leader","floor":24.0,"turns":6.0},{"damage":0.0,"enemies":"Snake Plant","floor":28.0,"turns":4.0},{"damage":0.0,"enemies":"Centurion and Healer","floor":29.0,"turns":5.0},{"damage":8.0,"enemies":"Book of Stabbing","floor":31.0,"turns":3.0},{"damage":31.0,"enemies":"Collector","floor":33.0,"turns":4.0},{"damage":0.0,"enemies":"3 Darklings","floor":35.0,"turns":1.0},{"damage":1.0,"enemies":"Orb Walker","floor":37.0,"turns":2.0},{"damage":0.0,"enemies":"3 Darklings","floor":39.0,"turns":2.0},{"damage":3.0,"enemies":"Nemesis","floor":40.0,"turns":7.0},{"damage":6.0,"enemies":"Writhing Mass","floor":42.0,"turns":3.0},{"damage":15,"enemies":"Reptomancer","floor":44,"turns":5},{"damage":0,"enemies":"Giant Head","floor":46,"turns":6},{"damage":0,"enemies":"Mind Bloom Boss Battle","floor":48,"turns":5},{"damage":3,"enemies":"Donu and Deca","floor":50,"turns":6}],"seed_played":"4125603073218189180","potions_obtained":[{"floor":4.0,"key":"SpeedPotion"},{"floor":10.0,"key":"Explosive Potion"},{"floor":12.0,"key":"Energy Potion"},{"floor":16.0,"key":"Dexterity Potion"},{"floor":24.0,"key":"Block Potion"},{"floor":29.0,"key":"AttackPotion"},{"floor":33.0,"key":"GamblersBrew"},{"floor":37.0,"key":"LiquidBronze"},{"floor":40.0,"key":"Swift Potion"},{"floor":46,"key":"FairyPotion"},{"floor":48,"key":"SkillPotion"}],"is_trial":false,"path_per_floor":["M","$","?","M","?","R","E","R","T","M","R","M","$","M","R","B",null,"M","$","M","?","M","R","E","R","T","$","M","M","R","E","R","B",null,"M","$","M","?","M","E","R","M","T","E","?","E","R","?","R","B",null],"character_chosen":"THE_SILENT","items_purchased":["Oddly Smooth Stone","Deadly Poison","Blur","Footwork","Snake Skull","Deadly Poison","Panacea","GhostInAJar","Noxious Fumes"],"campfire_rested":0,"item_purchase_floors":[2,2,2,13,13,13,19,27,36],"current_hp_per_floor":[56,56,61,61,61,61,46,46,46,46,46,46,46,37,37,55,65,51,51,51,51,41,41,42,42,42,42,43,44,44,37,37,32,64,65,65,65,65,66,64,64,59,59,45,40,41,41,67,67,80],"gold":235,"neow_bonus":"TWO_FIFTY_GOLD","is_prod":false,"is_daily":false,"chose_seed":false,"campfire_upgraded":11,"win_rate":0,"timestamp":1555992055,"path_taken":["M","$","?","M","?","R","E","R","T","M","R","M","$","?","R","BOSS","M","?","M","?","M","R","E","R","T","$","M","?","R","E","R","BOSS","M","$","M","?","?","E","R","?","T","E","?","E","R","?","R","BOSS"],"build_version":"2019-01-23","purchased_purges":2,"victory":true,"max_hp_per_floor":[63,63,68,68,68,68,68,68,68,68,68,68,68,68,68,68,68,68,68,68,68,69,69,70,70,70,70,71,72,72,73,73,74,74,75,75,76,76,77,78,78,79,79,80,80,81,81,82,82,83],"card_choices":[{"not_picked":["Poisoned Stab","Dagger Spray"],"picked":"Backflip","floor":1.0},{"not_picked":["Underhanded Strike","Predator"],"picked":"Blade Dance","floor":4.0},{"not_picked":["Wraith Form v2","Flying Knee"],"picked":"Backflip","floor":7.0},{"not_picked":["Infinite Blades","Backflip"],"picked":"Backstab","floor":10.0},{"not_picked":["Outmaneuver","Doppelganger"],"picked":"Catalyst","floor":12.0},{"not_picked":["Deflect","Cloak And Dagger","PiercingWail"],"picked":"SKIP","floor":14.0},{"not_picked":["Night Terror","Bullet Time"],"picked":"Corpse Explosion","floor":16.0},{"not_picked":["Blade Dance","Outmaneuver","Dagger Spray"],"picked":"SKIP","floor":18.0},{"not_picked":["Infinite Blades","Poisoned Stab+1"],"picked":"Acrobatics","floor":20.0},{"not_picked":["Dodge and Roll+1","Backstab"],"picked":"Prepared","floor":22.0},{"not_picked":["Bane+1","Doppelganger"],"picked":"Catalyst","floor":24.0},{"not_picked":["Quick Slash","Flying Knee+1"],"picked":"Acrobatics+1","floor":28.0},{"not_picked":["Dodge and Roll","Deadly Poison+1","Quick Slash"],"picked":"SKIP","floor":29.0},{"not_picked":["Wraith Form v2","Choke","Dodge and Roll+1"],"picked":"SKIP","floor":31.0},{"not_picked":["Blade Dance","All Out Attack"],"picked":"Calculated Gamble+1","floor":35.0},{"not_picked":["Underhanded Strike+1","Slice","Deadly Poison"],"picked":"SKIP","floor":37.0},{"not_picked":["Outmaneuver+1","Dodge and Roll+1","Cloak And Dagger"],"picked":"SKIP","floor":39.0},{"not_picked":["Blade Dance+1","Deflect+1"],"picked":"Escape Plan+1","floor":40.0},{"not_picked":["Backstab","Dodge and Roll"],"picked":"Reflex+1","floor":42.0},{"not_picked":["Underhanded Strike","Poisoned Stab+1","Backstab"],"picked":"SKIP","floor":44},{"not_picked":["HandOfGreed","Swift Strike"],"picked":"Apotheosis","floor":45},{"not_picked":["Secret Weapon","Bandage Up"],"picked":"Deep Breath","floor":45},{"not_picked":["Dagger Throw","Prepared","Outmaneuver"],"picked":"SKIP","floor":46},{"not_picked":["Dagger Throw","Prepared","Outmaneuver"],"picked":"SKIP","floor":46},{"not_picked":["Slice+1","Quick Slash"],"picked":"Footwork+1","floor":48}],"player_experience":676189,"relics_obtained":[{"floor":7.0,"key":"Pantograph"},{"floor":9.0,"key":"Mercury Hourglass"},{"floor":24.0,"key":"Happy Flower"},{"floor":26.0,"key":"Centennial Puzzle"},{"floor":31.0,"key":"Dream Catcher"},{"floor":40.0,"key":"The Specimen"},{"floor":43.0,"key":"Bottled Tornado"},{"floor":44,"key":"Vajra"},{"floor":46,"key":"War Paint"},{"floor":48,"key":"Ginger"}],"event_choices":[{"damage_healed":0.0,"max_hp_gain":5.0,"max_hp_loss":0.0,"gold_gain":0.0,"event_name":"Big Fish","player_choice":"Donut","floor":3.0,"gold_loss":0.0,"damage_taken":0.0},{"damage_healed":0.0,"max_hp_gain":0.0,"max_hp_loss":0.0,"gold_gain":175.0,"event_name":"Liars Game","player_choice":"AGREE","floor":5.0,"gold_loss":0.0,"damage_taken":0.0,"cards_obtained":["Doubt"]},{"damage_healed":0.0,"max_hp_gain":0.0,"max_hp_loss":0.0,"gold_gain":0.0,"event_name":"FaceTrader","player_choice":"Trade","floor":21.0,"gold_loss":0.0,"damage_taken":0.0,"relics_obtained":["FaceOfCleric"]},{"damage_healed":0.0,"max_hp_gain":0.0,"max_hp_loss":0.0,"gold_gain":0.0,"event_name":"Duplicator","player_choice":"Copied","floor":38.0,"gold_loss":0.0,"damage_taken":0.0,"cards_obtained":["Footwork"]},{"damage_healed":0,"gold_gain":0,"player_choice":"Memory 2","damage_taken":5,"max_hp_gain":0,"max_hp_loss":0,"event_name":"SensoryStone","floor":45,"gold_loss":0},{"damage_healed":0,"gold_gain":0,"player_choice":"Fight","damage_taken":0,"max_hp_gain":0,"max_hp_loss":0,"event_name":"MindBloom","floor":48,"gold_loss":0}],"is_beta":false,"boss_relics":[{"not_picked":["Ring of the Serpent","Tiny House"],"picked":"Coffee Dripper"},{"not_picked":["Calling Bell","Runic Dome"],"picked":"Empty Cage"}],"items_purged_floors":[2,36],"is_endless":false,"potions_floor_spawned":[4,10,12,16,20,24,29,33,37,40,42,46,48],"ascension_level":10}