{"gold_per_floor":[365,19,32,42,42,69,83,83,83,83],"floor_reached":10,"playtime":293,"items_purged":[],"score":136,"play_id":"a82237f3-2189-479a-ad0d-cc91ffd07466","local_time":"20190118223412","is_ascension_mode":true,"campfire_choices":[{"data":"Consume","floor":8,"key":"SMITH"}],"neow_cost":"PERCENT_DAMAGE","seed_source_timestamp":136150370284958,"circlet_count":0,"master_deck":["AscendersBane","Strike_B","Strike_B","Strike_B","Strike_B","Defend_B","Defend_B","Defend_B","Defend_B","Zap","Dualcast","Seek","Ball Lightning","Consume+1","Reinforced Body","Doom and Gloom"],"special_seed":0,"relics":["Cracked Core","Runic Capacitor","Shovel"],"potions_floor_usage":[10,10],"damage_taken":[{"damage":3.0,"enemies":"Small Slimes","floor":1.0,"turns":3.0},{"damage":0.0,"enemies":"Cultist","floor":3.0,"turns":3.0},{"damage":4.0,"enemies":"Jaw Worm","floor":4.0,"turns":3.0},{"damage":25.0,"enemies":"Lagavulin","floor":6.0,"turns":6.0},{"damage":6,"enemies":"Large Slime","floor":7,"turns":8},{"damage":0,"enemies":"Exordium Wildlife","floor":10,"turns":1}],"seed_played":"7986859764512707405","potions_obtained":[{"floor":4.0,"key":"Explosive Potion"},{"floor":7,"key":"Energy Potion"}],"is_trial":false,"path_per_floor":["M","$","M","M","?","E","M","R","T","M"],"character_chosen":"DEFECT","items_purchased":["Seek","Ball Lightning","Runic Capacitor"],"campfire_rested":0,"item_purchase_floors":[2,2,2],"current_hp_per_floor":[43,43,43,39,39,14,8,8,8,8],"gold":83,"neow_bonus":"TWO_FIFTY_GOLD","is_prod":false,"is_daily":false,"chose_seed":false,"campfire_upgraded":1,"win_rate":0,"timestamp":1547879652,"path_taken":["M","$","M","M","?","E","M","R","T","?"],"build_version":"2019-01-17","purchased_purges":0,"victory":false,"max_hp_per_floor":[71,71,71,71,71,71,71,71,71,71],"card_choices":[{"not_picked":["Force Field","Tempest","Go for the Eyes"],"picked":"SKIP","floor":3.0},{"not_picked":["Ball Lightning","Self Repair"],"picked":"Consume","floor":4.0},{"not_picked":["Darkness","All For One"],"picked":"Reinforced Body","floor":6.0},{"not_picked":["Beam Cell","Doom and Gloom","Rebound"],"picked":"SKIP","floor":7},{"not_picked":["Beam Cell","Rebound"],"picked":"Doom and Gloom","floor":7}],"player_experience":981131,"relics_obtained":[{"floor":6.0,"key":"Shovel"}],"event_choices":[{"damage_healed":0.0,"max_hp_gain":0.0,"max_hp_loss":0.0,"gold_gain":0.0,"event_name":"Match and Keep!","player_choice":"0 cards matched","floor":5.0,"gold_loss":0.0,"damage_taken":0.0,"cards_obtained":[]},{"damage_healed":0.0,"max_hp_gain":0.0,"max_hp_loss":0.0,"gold_gain":0.0,"event_name":"Match and Keep!","player_choice":"0 cards matched","floor":5.0,"gold_loss":0.0,"damage_taken":0.0,"cards_obtained":[]}],"is_beta":true,"boss_relics":[],"items_purged_floors":[],"is_endless":false,"potions_floor_spawned":[4,7],"killed_by":"Exordium Wildlife","ascension_level":20}