{"gold_per_floor":[111,111,71,94,114,114,57,57,84,84,115,115,190,205,205,304,304,324,340,340,11,38,38],"floor_reached":23,"playtime":1638,"items_purged":[],"score":337,"play_id":"1fa1e715-9ef7-4cbc-9c52-98915d9a0251","local_time":"20190422134222","is_ascension_mode":true,"campfire_choices":[{"data":"Bash","floor":6,"key":"SMITH"},{"data":"Flame Barrier","floor":8,"key":"SMITH"},{"data":"True Grit","floor":12,"key":"SMITH"},{"floor":15,"key":"REST"}],"neow_cost":"NONE","seed_source_timestamp":837290775723400,"circlet_count":0,"master_deck":["AscendersBane","Strike_R","Strike_R","Strike_R","Strike_R","Defend_R","Defend_R","Defend_R","Defend_R","Bash+1","Shrug It Off","Headbutt","Flame Barrier+1","True Grit+1","Limit Break","Shrug It Off+1","Reaper","Iron Wave+1"],"relics":["Burning Blood","Potion Belt","Golden Idol","Pen Nib","Self Forming Clay","Sozu","Ancient Tea Set","PreservedInsect","Regal Pillow"],"potions_floor_usage":[4,11,16,16,18,23],"damage_taken":[{"damage":5,"enemies":"2 Louse","floor":1,"turns":3},{"damage":0,"enemies":"Cultist","floor":4,"turns":4},{"damage":0,"enemies":"Small Slimes","floor":5,"turns":3},{"damage":12,"enemies":"Lagavulin","floor":11,"turns":9},{"damage":4,"enemies":"Exordium Thugs","floor":14,"turns":5},{"damage":21,"enemies":"The Guardian","floor":16,"turns":16},{"damage":13,"enemies":"3 Byrds","floor":18,"turns":3},{"damage":6,"enemies":"Chosen","floor":19,"turns":6},{"damage":82,"enemies":"Centurion and Healer","floor":23,"turns":39}],"seed_played":"-4432483475237099899","potions_obtained":[{"floor":1,"key":"Weak Potion"},{"floor":3,"key":"SkillPotion"},{"floor":3,"key":"EssenceOfSteel"},{"floor":3,"key":"Ancient Potion"},{"floor":11,"key":"LiquidBronze"},{"floor":16,"key":"Explosive Potion"}],"is_trial":false,"path_per_floor":["M","?","?","M","M","R","$","R","T","?","E","R","?","M","R","B",null,"M","M","?","$","T","M"],"character_chosen":"IRONCLAD","items_purchased":["True Grit","Ancient Tea Set","PreservedInsect"],"campfire_rested":1,"item_purchase_floors":[7,21,21],"current_hp_per_floor":[69,43,43,49,55,55,55,55,55,48,42,42,31,33,55,40,66,65,71,71,71,71,0],"gold":38,"neow_bonus":"RANDOM_COMMON_RELIC","is_prod":false,"is_daily":false,"chose_seed":false,"campfire_upgraded":3,"win_rate":0,"timestamp":1555933342,"path_taken":["M","?","?","M","?","R","$","R","T","?","E","R","?","M","R","BOSS","M","M","?","$","?","M"],"build_version":"2019-01-23","purchased_purges":0,"victory":false,"max_hp_per_floor":[75,75,75,75,75,75,75,75,75,75,75,75,75,75,75,75,75,75,75,75,75,75,75],"card_choices":[{"not_picked":["Searing Blow","Sever Soul"],"picked":"Shrug It Off","floor":1},{"not_picked":["Carnage","Warcry"],"picked":"Headbutt","floor":4},{"not_picked":["Sentinel","Rampage"],"picked":"Flame Barrier","floor":5},{"not_picked":["Perfected Strike","True Grit"],"picked":"Limit Break","floor":11},{"not_picked":["Flex","Sword Boomerang"],"picked":"Shrug It Off","floor":14},{"not_picked":["Brutality","Double Tap"],"picked":"Reaper","floor":16},{"not_picked":["Shrug It Off","Anger"],"picked":"Iron Wave+1","floor":18},{"not_picked":["Headbutt","Entrench","Wild Strike"],"picked":"SKIP","floor":19}],"player_experience":273992,"relics_obtained":[{"floor":9,"key":"Pen Nib"},{"floor":11,"key":"Self Forming Clay"},{"floor":22,"key":"Regal Pillow"}],"event_choices":[{"damage_healed":0,"gold_gain":0,"player_choice":"Take Damage","damage_taken":26,"relics_obtained":["Golden Idol"],"max_hp_gain":0,"max_hp_loss":0,"event_name":"Golden Idol","floor":2,"gold_loss":0},{"damage_healed":0,"gold_gain":0,"player_choice":"Bought 3 Potions","damage_taken":0,"max_hp_gain":0,"max_hp_loss":0,"event_name":"The Woman in Blue","floor":3,"gold_loss":0},{"cards_removed":["Strike_R"],"damage_healed":0,"gold_gain":0,"player_choice":"Card Removal","damage_taken":7,"max_hp_gain":0,"max_hp_loss":0,"event_name":"Golden Wing","floor":10,"gold_loss":0},{"damage_healed":0,"gold_gain":75,"player_choice":"Gather Gold","damage_taken":11,"max_hp_gain":0,"max_hp_loss":0,"event_name":"World of Goop","floor":13,"gold_loss":0},{"damage_healed":0,"gold_gain":0,"player_choice":"Forge","damage_taken":0,"max_hp_gain":0,"max_hp_loss":0,"event_name":"Accursed Blacksmith","floor":20,"gold_loss":0,"cards_upgraded":["Shrug It Off"]}],"is_beta":false,"boss_relics":[{"not_picked":["Orrery","Velvet Choker"],"picked":"Sozu"}],"items_purged_floors":[],"is_endless":false,"potions_floor_spawned":[1,11,16],"killed_by":"Centurion and Healer","ascension_level":16}