{"gold_per_floor":[114,130,130,141,157,157,488,448,527,561,49,49,65,140,140,140],"floor_reached":16,"playtime":512,"items_purged":["Strike_R"],"score":220,"play_id":"d8d74a24-e8a2-4657-9ace-1d357cd3e95b","local_time":"20190330025702","is_ascension_mode":true,"campfire_choices":[{"data":"Bash","floor":6.0,"key":"SMITH"},{"floor":15,"key":"REST"}],"neow_cost":"NONE","seed_source_timestamp":7645772988718,"circlet_count":0,"master_deck":["AscendersBane","Strike_R","Strike_R","Strike_R","Strike_R","Defend_R","Defend_R","Defend_R","Bash+1","Shrug It Off","Flame Barrier","Cleave","Spot Weakness","Reaper","Anger","Offering"],"special_seed":0,"relics":["Burning Blood","Boot","Old Coin","Shuriken","Oddly Smooth Stone","Blood Vial","Centennial Puzzle"],"potions_floor_usage":[10,10,16,16],"damage_taken":[{"damage":4.0,"enemies":"Jaw Worm","floor":1.0,"turns":5.0},{"damage":1.0,"enemies":"Cultist","floor":2.0,"turns":3.0},{"damage":9.0,"enemies":"Small Slimes","floor":4.0,"turns":5.0},{"damage":16.0,"enemies":"3 Louse","floor":5.0,"turns":3.0},{"damage":42.0,"enemies":"Lagavulin","floor":7.0,"turns":9.0},{"damage":6.0,"enemies":"Looter","floor":8.0,"turns":4.0},{"damage":35,"enemies":"Gremlin Nob","floor":10,"turns":4},{"damage":12,"enemies":"Exordium Wildlife","floor":13,"turns":5},{"damage":39,"enemies":"Slime Boss","floor":16,"turns":6}],"seed_played":"-7102526206790823138","potions_obtained":[{"floor":1.0,"key":"Ancient Potion"},{"floor":2.0,"key":"LiquidBronze"},{"floor":7.0,"key":"SneckoOil"}],"is_trial":false,"path_per_floor":["M","M","?","M","M","R","E","M","T","E","$","?","M","?","R","B"],"character_chosen":"IRONCLAD","items_purchased":["SkillPotion","Blood Vial","Energy Potion","Centennial Puzzle"],"campfire_rested":1,"item_purchase_floors":[11,11,11,11],"current_hp_per_floor":[70,75,75,72,62,62,26,31,31,14,14,14,25,14,36,0],"gold":140,"neow_bonus":"RANDOM_COMMON_RELIC","is_prod":false,"is_daily":false,"chose_seed":false,"campfire_upgraded":1,"win_rate":0,"timestamp":1553939822,"path_taken":["M","M","?","M","?","R","E","M","T","E","$","?","M","?","R","BOSS"],"build_version":"2019-03-15","purchased_purges":1,"victory":false,"max_hp_per_floor":[75,75,75,75,75,75,75,75,75,75,75,75,75,75,75,75],"card_choices":[{"not_picked":["Burning Pact","Body Slam"],"picked":"Shrug It Off","floor":1.0},{"not_picked":["Sword Boomerang","Wild Strike"],"picked":"Flame Barrier","floor":2.0},{"not_picked":["Fire Breathing","Heavy Blade"],"picked":"Cleave","floor":4.0},{"not_picked":["Sword Boomerang","Cleave"],"picked":"Spot Weakness","floor":5.0},{"not_picked":["Armaments","Iron Wave"],"picked":"Reaper","floor":7.0},{"not_picked":["Wild Strike","Armaments"],"picked":"Anger","floor":8.0},{"not_picked":["Flex","Fire Breathing"],"picked":"Offering","floor":10},{"not_picked":["Clash","Carnage","Entrench"],"picked":"SKIP","floor":13}],"player_experience":1381780,"relics_obtained":[{"floor":7.0,"key":"Old Coin"},{"floor":9.0,"key":"Shuriken"},{"floor":10,"key":"Oddly Smooth Stone"}],"event_choices":[{"cards_removed":["Defend_R"],"damage_healed":0.0,"max_hp_gain":0.0,"max_hp_loss":0.0,"gold_gain":0.0,"event_name":"Purifier","player_choice":"Purged","floor":3.0,"gold_loss":0.0,"damage_taken":0.0},{"damage_healed":0,"gold_gain":0,"player_choice":"Ignored","damage_taken":0,"max_hp_gain":0,"max_hp_loss":0,"event_name":"Liars Game","floor":12,"gold_loss":0},{"damage_healed":0,"gold_gain":75,"player_choice":"Gather Gold","damage_taken":11,"max_hp_gain":0,"max_hp_loss":0,"event_name":"World of Goop","floor":14,"gold_loss":0}],"is_beta":true,"boss_relics":[],"items_purged_floors":[11],"is_endless":false,"potions_floor_spawned":[1,2,7],"killed_by":"Slime Boss","ascension_level":20}