{"gold_per_floor":[111,128,128,143,218,236,236,236,261,261,272,242,259,269,269,364,364,377,405,405],"floor_reached":20,"playtime":1840,"items_purged":[],"score":166,"play_id":"9852e026-519f-4d77-b024-642d29d8c307","local_time":"20190417210501","is_ascension_mode":false,"campfire_choices":[{"floor":7,"key":"REST"},{"data":"Footwork","floor":10,"key":"SMITH"},{"data":"Noxious Fumes","floor":15,"key":"SMITH"}],"neow_cost":"NONE","seed_source_timestamp":115540872592956,"circlet_count":0,"master_deck":["Defend_G","Defend_G","Defend_G","Defend_G","Defend_G","Strike_G","Strike_G","Strike_G","Strike_G","Strike_G","Survivor","Neutralize+1","Sucker Punch","Quick Slash","Footwork+1","Dodge and Roll","Noxious Fumes+1","Deadly Poison","Deflect","Unload","Dagger Spray+1","Flying Knee+1"],"relics":["Ring of the Snake","Oddly Smooth Stone","Orichalcum","Philosopher\u0027s Stone","Red Mask"],"potions_floor_usage":[13],"damage_taken":[{"damage":1,"enemies":"Cultist","floor":1,"turns":5},{"damage":3,"enemies":"Jaw Worm","floor":2,"turns":4},{"damage":1,"enemies":"2 Louse","floor":4,"turns":4},{"damage":8,"enemies":"2 Fungi Beasts","floor":6,"turns":4},{"damage":1,"enemies":"Blue Slaver","floor":11,"turns":5},{"damage":0,"enemies":"Looter","floor":12,"turns":4},{"damage":8,"enemies":"Gremlin Gang","floor":13,"turns":4},{"damage":14,"enemies":"Lots of Slimes","floor":14,"turns":4},{"damage":3,"enemies":"Hexaghost","floor":16,"turns":11},{"damage":12,"enemies":"3 Byrds","floor":18,"turns":6},{"damage":45,"enemies":"Masked Bandits","floor":19,"turns":6},{"damage":13,"enemies":"Spheric Guardian","floor":20,"turns":3}],"seed_played":"-8594264602031790112","potions_obtained":[{"floor":1,"key":"AttackPotion"},{"floor":4,"key":"EntropicBrew"},{"floor":11,"key":"Energy Potion"},{"floor":13,"key":"Ancient Potion"},{"floor":18,"key":"Energy Potion"}],"is_trial":false,"path_per_floor":["M","M","?","M","?","M","R","?","T","R","M","M","M","M","R","B",null,"M","?","M"],"character_chosen":"THE_SILENT","items_purchased":[],"campfire_rested":1,"item_purchase_floors":[],"current_hp_per_floor":[69,66,66,65,54,46,67,55,55,55,54,54,46,32,32,29,70,58,13,0],"gold":405,"neow_bonus":"UPGRADE_CARD","is_prod":false,"is_daily":false,"chose_seed":false,"campfire_upgraded":2,"win_rate":0.0,"timestamp":1555515301,"path_taken":["M","?","?","?","?","M","R","?","T","R","M","M","M","M","R","BOSS","M","?","M"],"build_version":"2019-01-23","purchased_purges":0,"victory":false,"max_hp_per_floor":[70,70,70,70,70,70,70,70,70,70,70,70,70,70,70,70,70,70,70,70],"card_choices":[{"not_picked":["Riddle With Holes","All Out Attack"],"picked":"Sucker Punch","floor":1},{"not_picked":["Dodge and Roll","Flying Knee"],"picked":"Quick Slash","floor":2},{"not_picked":["Dodge and Roll","Outmaneuver"],"picked":"Footwork","floor":4},{"not_picked":["Caltrops","Underhanded Strike"],"picked":"Dodge and Roll","floor":6},{"not_picked":["Burst","Sucker Punch"],"picked":"Noxious Fumes","floor":11},{"not_picked":["Underhanded Strike","Dagger Spray"],"picked":"Deadly Poison","floor":12},{"not_picked":["Footwork","Quick Slash","Terror"],"picked":"SKIP","floor":13},{"not_picked":["Quick Slash","Blade Dance"],"picked":"Deflect","floor":14},{"not_picked":["Doppelganger","Bullet Time"],"picked":"Unload","floor":16},{"not_picked":["Underhanded Strike","Backflip"],"picked":"Dagger Spray+1","floor":18},{"not_picked":["Sucker Punch","Prepared"],"picked":"Flying Knee+1","floor":19}],"player_experience":17960,"relics_obtained":[{"floor":9,"key":"Orichalcum"},{"floor":19,"key":"Red Mask"}],"event_choices":[{"damage_healed":0,"gold_gain":0,"player_choice":"Bought 0 Potions","damage_taken":0,"max_hp_gain":0,"max_hp_loss":0,"event_name":"The Woman in Blue","floor":3,"gold_loss":0},{"damage_healed":0,"gold_gain":75,"player_choice":"Gather Gold","damage_taken":11,"max_hp_gain":0,"max_hp_loss":0,"event_name":"World of Goop","floor":5,"gold_loss":0},{"damage_healed":0,"gold_gain":0,"player_choice":"Success","damage_taken":12,"relics_obtained":["Oddly Smooth Stone"],"max_hp_gain":0,"max_hp_loss":0,"event_name":"Scrap Ooze","floor":8,"gold_loss":0},{"damage_healed":0,"gold_gain":0,"player_choice":"Fought Bandits","damage_taken":0,"max_hp_gain":0,"max_hp_loss":0,"event_name":"Masked Bandits","floor":19,"gold_loss":0}],"is_beta":false,"boss_relics":[{"not_picked":["Coffee Dripper","Orrery"],"picked":"Philosopher\u0027s Stone"}],"items_purged_floors":[],"is_endless":false,"potions_floor_spawned":[1,4,11,13,18],"killed_by":"Spheric Guardian","ascension_level":0}