{"gold_per_floor":[13,32,132,145,70,70,87,121,121,131,131,131],"floor_reached":12,"playtime":741,"items_purged":["Defend_G"],"score":80,"play_id":"41359a56-78ef-417e-8c7e-d8445151d6cc","local_time":"20190406104503","is_ascension_mode":false,"campfire_choices":[{"floor":11,"key":"REST"}],"neow_cost":"NO_GOLD","seed_source_timestamp":129493174149069,"circlet_count":0,"master_deck":["Defend_G","Defend_G","Defend_G","Defend_G","Strike_G","Strike_G","Strike_G","Strike_G","Strike_G","Survivor","Neutralize","Dark Shackles","Panacea","Catalyst","Prepared","Deadly Poison","Accuracy","Catalyst"],"relics":["Ring of the Snake","Ninja Scroll","Kunai"],"potions_floor_usage":[10,10],"damage_taken":[{"damage":0,"enemies":"2 Louse","floor":1,"turns":3},{"damage":2,"enemies":"Cultist","floor":2,"turns":6},{"damage":0,"enemies":"Jaw Worm","floor":4,"turns":6},{"damage":10,"enemies":"3 Louse","floor":7,"turns":4},{"damage":62,"enemies":"Gremlin Nob","floor":8,"turns":6},{"damage":0,"enemies":"Looter","floor":10,"turns":2},{"damage":24,"enemies":"Lagavulin","floor":12,"turns":3}],"seed_played":"3183460262666223579","potions_obtained":[{"floor":2,"key":"PowerPotion"},{"floor":8,"key":"GamblersBrew"},{"floor":10,"key":"LiquidBronze"}],"is_trial":false,"path_per_floor":["M","M","?","M","$","?","M","E","T","M","R","E"],"character_chosen":"THE_SILENT","items_purchased":[],"campfire_rested":1,"item_purchase_floors":[],"current_hp_per_floor":[70,68,68,68,68,73,63,1,1,1,23,0],"gold":131,"neow_bonus":"RANDOM_COLORLESS_2","is_prod":false,"is_daily":false,"chose_seed":false,"campfire_upgraded":0,"win_rate":0,"timestamp":1554561903,"path_taken":["M","M","?","M","?","?","M","E","T","M","R","E"],"build_version":"2019-01-23","purchased_purges":1,"victory":false,"max_hp_per_floor":[70,70,70,70,70,75,75,75,75,75,75,75],"card_choices":[{"not_picked":["Poisoned Stab","Dagger Throw"],"picked":"Catalyst","floor":1},{"not_picked":["Riddle With Holes","Distraction","Deflect"],"picked":"SKIP","floor":2},{"not_picked":["PiercingWail","Heel Hook"],"picked":"Prepared","floor":4},{"not_picked":["PiercingWail","Finisher"],"picked":"Deadly Poison","floor":7},{"not_picked":["Blur","Endless Agony"],"picked":"Accuracy","floor":8},{"not_picked":["Footwork","Dagger Spray"],"picked":"Catalyst","floor":10}],"player_experience":94861,"relics_obtained":[{"floor":8,"key":"Ninja Scroll"},{"floor":9,"key":"Kunai"}],"event_choices":[{"damage_healed":0,"gold_gain":100,"player_choice":"Pray","damage_taken":0,"max_hp_gain":0,"max_hp_loss":0,"event_name":"Golden Shrine","floor":3,"gold_loss":0},{"damage_healed":0,"gold_gain":0,"player_choice":"Donut","damage_taken":0,"max_hp_gain":5,"max_hp_loss":0,"event_name":"Big Fish","floor":6,"gold_loss":0}],"is_beta":false,"boss_relics":[],"items_purged_floors":[5],"is_endless":false,"potions_floor_spawned":[2,8,10],"killed_by":"Lagavulin","ascension_level":0}