{"gold_per_floor":[110,64,139,150,75,75,93,125,125,140,140,165,165,185,185,280,280,293,293,312,332,332,332,346,346,346,346,261,292,292,303,303,408,408,426,426,426,444,444],"floor_reached":39,"playtime":2646,"items_purged":["Strike_R"],"score":456,"play_id":"7a2f1b80-9614-4464-86fe-80028b681281","local_time":"20190419171044","is_ascension_mode":true,"campfire_choices":[{"data":"Bash","floor":6,"key":"SMITH"},{"data":"Armaments","floor":11,"key":"SMITH"},{"data":"Disarm","floor":13,"key":"SMITH"},{"data":"Fiend Fire","floor":15,"key":"SMITH"},{"data":"RitualDagger","floor":23,"key":"SMITH"},{"floor":25,"key":"REST"},{"data":"Limit Break","floor":27,"key":"SMITH"},{"floor":30,"key":"REST"},{"floor":32,"key":"RECALL"}],"neow_cost":"NONE","seed_source_timestamp":273489755552609,"circlet_count":0,"master_deck":["Strike_R","Strike_R","Strike_R","Strike_R","Defend_R","Defend_R","Defend_R","Defend_R","Bash+1","Headbutt","Iron Wave","Power Through","Disarm+1","Armaments+1","Fiend Fire+1","Limit Break+1","RitualDagger+1","Inflame","Necronomicurse","Whirlwind","Exhume+1","Madness+1","Madness+1","Power Through+1"],"relics":["Burning Blood","Bag of Marbles","Pear","Mercury Hourglass","Bottled Lightning","Busted Crown","Necronomicon","Toxic Egg 2","Red Skull","Cursed Key"],"potions_floor_usage":[8,39],"damage_taken":[{"damage":0,"enemies":"Cultist","floor":1,"turns":4},{"damage":2,"enemies":"2 Louse","floor":4,"turns":2},{"damage":6,"enemies":"Jaw Worm","floor":7,"turns":2},{"damage":12,"enemies":"3 Sentries","floor":8,"turns":9},{"damage":0,"enemies":"Exordium Wildlife","floor":10,"turns":3},{"damage":8,"enemies":"Lagavulin","floor":12,"turns":7},{"damage":8,"enemies":"Large Slime","floor":14,"turns":3},{"damage":38,"enemies":"Hexaghost","floor":16,"turns":10},{"damage":10,"enemies":"Spheric Guardian","floor":18,"turns":3},{"damage":7,"enemies":"Chosen","floor":20,"turns":6},{"damage":13,"enemies":"3 Cultists","floor":21,"turns":4},{"damage":34,"enemies":"Sentry and Sphere","floor":24,"turns":7},{"damage":0,"enemies":"Slavers","floor":29,"turns":1},{"damage":11,"enemies":"Centurion and Healer","floor":31,"turns":4},{"damage":76,"enemies":"Automaton","floor":33,"turns":10},{"damage":13,"enemies":"Orb Walker","floor":35,"turns":3},{"damage":0,"enemies":"3 Darklings","floor":38,"turns":1},{"damage":88,"enemies":"2 Orb Walkers","floor":39,"turns":4}],"seed_played":"7454879210525577465","potions_obtained":[{"floor":4,"key":"Explosive Potion"},{"floor":8,"key":"BloodPotion"},{"floor":10,"key":"AttackPotion"},{"floor":21,"key":"GamblersBrew"},{"floor":24,"key":"SteroidPotion"}],"is_trial":false,"path_per_floor":["M","$","?","M","$","R","M","E","T","M","R","E","R","M","R","B",null,"M","?","M","M","?","R","M","R","T","R","?","E","R","M","R","B",null,"M","?","?","M","?"],"character_chosen":"IRONCLAD","items_purchased":["Headbutt"],"campfire_rested":2,"item_purchase_floors":[2],"current_hp_per_floor":[80,80,69,73,73,73,73,77,77,83,83,81,81,79,79,47,90,86,80,79,72,56,56,28,55,55,55,55,61,88,83,83,13,90,83,72,72,78,0],"gold":444,"neow_bonus":"RANDOM_COMMON_RELIC","is_prod":false,"is_daily":false,"chose_seed":false,"campfire_upgraded":6,"win_rate":0,"timestamp":1555674044,"path_taken":["M","?","?","M","?","R","M","E","T","M","R","E","R","M","R","BOSS","M","?","M","M","?","R","M","R","T","R","?","E","R","M","R","BOSS","M","?","?","M","?"],"build_version":"2019-01-23","purchased_purges":1,"victory":false,"max_hp_per_floor":[80,80,80,80,80,80,80,90,90,90,90,90,90,90,90,90,90,90,90,90,90,90,90,90,90,90,90,90,90,90,90,90,90,90,90,90,90,90,90],"card_choices":[{"not_picked":["Wild Strike","Shrug It Off"],"picked":"Pommel Strike","floor":1},{"not_picked":["Twin Strike","Clothesline"],"picked":"Iron Wave","floor":4},{"not_picked":["Perfected Strike","Pummel"],"picked":"Power Through","floor":7},{"not_picked":["Power Through","Warcry"],"picked":"Disarm","floor":8},{"not_picked":["Flex","Whirlwind"],"picked":"Armaments","floor":10},{"not_picked":["Disarm","Searing Blow"],"picked":"Fiend Fire","floor":12},{"not_picked":["Anger","Body Slam","Pommel Strike"],"picked":"SKIP","floor":14},{"not_picked":["Immolate","Double Tap"],"picked":"Limit Break","floor":16},{"not_picked":["Twin Strike+1"],"picked":"SKIP","floor":18},{"not_picked":[],"picked":"Inflame","floor":20},{"not_picked":["Headbutt"],"picked":"SKIP","floor":21},{"not_picked":[],"picked":"Whirlwind","floor":24},{"not_picked":["Barricade"],"picked":"SKIP","floor":29},{"not_picked":["Body Slam"],"picked":"SKIP","floor":31},{"not_picked":[],"picked":"Exhume+1","floor":33},{"not_picked":["Cleave"],"picked":"SKIP","floor":35},{"not_picked":[],"picked":"Power Through+1","floor":38}],"player_experience":68037,"relics_obtained":[{"floor":8,"key":"Pear"},{"floor":9,"key":"Mercury Hourglass"},{"floor":12,"key":"Bottled Lightning"},{"floor":22,"key":"Necronomicon"},{"floor":29,"key":"Red Skull"}],"event_choices":[{"damage_healed":0,"gold_gain":75,"player_choice":"Gather Gold","damage_taken":11,"max_hp_gain":0,"max_hp_loss":0,"event_name":"World of Goop","floor":3,"gold_loss":0},{"damage_healed":0,"gold_gain":0,"player_choice":"Joined the Cult","damage_taken":6,"max_hp_gain":0,"max_hp_loss":0,"event_name":"Nest","floor":19,"gold_loss":0,"cards_obtained":["RitualDagger"]},{"damage_healed":0,"gold_gain":0,"player_choice":"Obtained Book","damage_taken":16,"max_hp_gain":0,"max_hp_loss":0,"event_name":"Cursed Tome","floor":22,"gold_loss":0},{"damage_healed":0,"gold_gain":0,"player_choice":"Obtained Relic","damage_taken":0,"relics_obtained":["Toxic Egg 2"],"max_hp_gain":0,"max_hp_loss":0,"event_name":"Addict","floor":28,"gold_loss":85},{"damage_healed":0,"gold_gain":0,"player_choice":"Embrace Madness","damage_taken":11,"max_hp_gain":0,"max_hp_loss":0,"event_name":"Winding Halls","floor":36,"gold_loss":0,"cards_obtained":["Madness","Madness"]},{"cards_removed":["Pommel Strike"],"damage_healed":0,"gold_gain":0,"player_choice":"Removed Attack","damage_taken":0,"max_hp_gain":0,"max_hp_loss":0,"event_name":"Falling","floor":37,"gold_loss":0},{"damage_healed":0,"gold_gain":0,"player_choice":"Fight","damage_taken":0,"max_hp_gain":0,"max_hp_loss":0,"event_name":"Mysterious Sphere","floor":39,"gold_loss":0}],"is_beta":false,"boss_relics":[{"not_picked":["Tiny House","Black Blood"],"picked":"Busted Crown"},{"not_picked":["Sozu","Empty Cage"],"picked":"Cursed Key"}],"items_purged_floors":[5],"is_endless":false,"potions_floor_spawned":[4,8,10,21,24,29,33],"killed_by":"2 Orb Walkers","ascension_level":1}