{"gold_per_floor":[114,130,145,145,160,160,160,160,160,192,46,79,159,22,22,119,119,139,157,170,170,188,214,229,260,312,123,123,73,73,100,100,201,201,214,214,214,32,132,132,160,177,177,177,193,193,227,238,238,238],"floor_reached":51,"playtime":2305,"items_purged":["Defend_R"],"score":821,"play_id":"5310795e-f73f-4df0-ba24-cd564c54fdbd","local_time":"20190422221018","is_ascension_mode":false,"campfire_choices":[{"data":"Clothesline","floor":6,"key":"SMITH"},{"data":"Armaments","floor":8,"key":"SMITH"},{"data":"Disarm","floor":15,"key":"SMITH"},{"data":"Corruption","floor":30,"key":"SMITH"},{"data":"Limit Break","floor":32,"key":"SMITH"},{"data":"Shockwave","floor":40,"key":"SMITH"},{"data":"Heavy Blade","floor":44,"key":"SMITH"},{"data":"Bludgeon","floor":46,"key":"SMITH"},{"data":"Discovery","floor":49,"key":"SMITH"}],"neow_cost":"NONE","seed_source_timestamp":903466100151600,"circlet_count":0,"master_deck":["Strike_R","Strike_R","Strike_R","Strike_R","Strike_R","Defend_R","Defend_R","Defend_R","Bash+1","Limit Break+1","Shrug It Off","Seeing Red","Clothesline+1","Disarm+1","Armaments+1","Carnage","Spot Weakness","Headbutt","Discovery+1","Bludgeon+1","Metallicize","Hemokinesis+1","True Grit+1","Heavy Blade+1","Ghostly Armor","Double Tap","Flame Barrier","Dual Wield","Spot Weakness+1","Juggernaut","Heavy Blade+1","Corruption+1","Shrug It Off","Dual Wield+1","Havoc+1","Shockwave+1","Flame Barrier","Pommel Strike+1","Spot Weakness+1","True Grit","Doubt","Shockwave+1","Shrug It Off","Impervious","Headbutt"],"relics":["Burning Blood","Prayer Wheel","Shovel","PreservedInsect","Bag of Marbles","Magic Flower","Sozu","Mummified Hand","Juzu Bracelet","Vajra","Orichalcum","Enchiridion","Red Skull","Cursed Key","Smiling Mask","Meat on the Bone","Peace Pipe"],"potions_floor_usage":[10,12,50],"damage_taken":[{"damage":0,"enemies":"2 Louse","floor":1,"turns":3},{"damage":6,"enemies":"Jaw Worm","floor":2,"turns":3},{"damage":2,"enemies":"Small Slimes","floor":3,"turns":4},{"damage":10,"enemies":"Red Slaver","floor":5,"turns":6},{"damage":22,"enemies":"Gremlin Nob","floor":10,"turns":5},{"damage":10,"enemies":"Lagavulin","floor":12,"turns":8},{"damage":17,"enemies":"The Guardian","floor":16,"turns":11},{"damage":10,"enemies":"Shell Parasite","floor":18,"turns":5},{"damage":0,"enemies":"Chosen","floor":19,"turns":3},{"damage":7,"enemies":"Snake Plant","floor":20,"turns":4},{"damage":3,"enemies":"Chosen and Byrds","floor":22,"turns":6},{"damage":14,"enemies":"Book of Stabbing","floor":23,"turns":2},{"damage":17,"enemies":"3 Cultists","floor":24,"turns":5},{"damage":7,"enemies":"Gremlin Leader","floor":25,"turns":6},{"damage":5,"enemies":"Slavers","floor":31,"turns":3},{"damage":8,"enemies":"Champ","floor":33,"turns":10},{"damage":1,"enemies":"3 Shapes","floor":35,"turns":6},{"damage":40,"enemies":"Reptomancer","floor":41,"turns":4},{"damage":1,"enemies":"Orb Walker","floor":42,"turns":3},{"damage":11,"enemies":"Sphere and 2 Shapes","floor":45,"turns":5},{"damage":30,"enemies":"Nemesis","floor":47,"turns":7},{"damage":13,"enemies":"Spire Growth","floor":48,"turns":4},{"damage":25,"enemies":"Time Eater","floor":50,"turns":8}],"seed_played":"-1693535522892198585","potions_obtained":[{"floor":2,"key":"LiquidBronze"},{"floor":5,"key":"BloodPotion"},{"floor":10,"key":"Swift Potion"}],"is_trial":false,"path_per_floor":["M","M","M","?","M","R","?","R","T","E","$","E","?","$","R","B",null,"M","M","M","?","M","E","M","E","T","$","?","$","R","E","R","B",null,"M","?","?","$","?","R","E","M","T","R","M","R","E","M","R","B",null],"character_chosen":"IRONCLAD","items_purchased":["Bag of Marbles","Headbutt","Discovery","Corruption","Orichalcum","Shrug It Off","Shockwave","Flame Barrier"],"campfire_rested":0,"item_purchase_floors":[11,14,14,27,27,29,38,38],"current_hp_per_floor":[80,80,80,73,69,69,69,69,69,53,53,49,49,49,49,41,80,79,80,80,80,80,75,67,69,69,69,53,53,53,57,57,58,80,80,80,80,80,80,80,49,57,57,57,55,55,52,66,66,62],"gold":238,"neow_bonus":"ONE_RANDOM_RARE_CARD","is_prod":false,"is_daily":false,"chose_seed":false,"campfire_upgraded":9,"win_rate":1,"timestamp":1555996218,"path_taken":["M","M","M","?","M","R","?","R","T","E","?","E","?","$","R","BOSS","M","M","M","?","M","E","?","E","T","?","?","$","R","E","R","BOSS","M","?","?","$","?","R","E","M","T","R","M","R","E","M","R","BOSS"],"build_version":"2019-01-23","purchased_purges":1,"victory":true,"max_hp_per_floor":[80,80,80,80,80,80,80,80,80,80,80,80,80,80,80,80,80,80,80,80,80,80,80,80,80,80,80,80,80,80,80,80,80,80,80,80,80,80,80,80,80,80,80,80,80,80,80,80,80,80],"card_choices":[{"not_picked":["Clash","Twin Strike"],"picked":"Shrug It Off","floor":1},{"not_picked":["Pummel","Dropkick"],"picked":"Seeing Red","floor":2},{"not_picked":["Reckless Charge","Headbutt"],"picked":"Clothesline","floor":3},{"not_picked":["Intimidate","Evolve"],"picked":"Disarm","floor":5},{"not_picked":["Sword Boomerang","Shrug It Off"],"picked":"Armaments","floor":5},{"not_picked":["Feel No Pain","Power Through"],"picked":"Carnage","floor":10},{"not_picked":["Bloodletting","Headbutt"],"picked":"Spot Weakness","floor":12},{"not_picked":["Brutality","Barricade"],"picked":"Bludgeon","floor":16},{"not_picked":["Body Slam","Clothesline"],"picked":"Metallicize","floor":18},{"not_picked":["Ghostly Armor","Warcry"],"picked":"Hemokinesis+1","floor":18},{"not_picked":["Entrench+1","Iron Wave"],"picked":"True Grit+1","floor":19},{"not_picked":["Clothesline","True Grit"],"picked":"Heavy Blade","floor":19},{"not_picked":["Rampage","Perfected Strike+1"],"picked":"Ghostly Armor","floor":20},{"not_picked":["Warcry+1","Havoc"],"picked":"Double Tap","floor":20},{"not_picked":["Rampage","Clothesline"],"picked":"Flame Barrier","floor":22},{"not_picked":["Body Slam","Rupture"],"picked":"Anger","floor":22},{"not_picked":["Entrench","Sword Boomerang+1"],"picked":"Dual Wield","floor":23},{"not_picked":["Body Slam+1","Hemokinesis"],"picked":"Spot Weakness+1","floor":24},{"not_picked":["Heavy Blade","Iron Wave"],"picked":"Juggernaut","floor":24},{"not_picked":["Uppercut","Bludgeon"],"picked":"Heavy Blade+1","floor":25},{"not_picked":["Cleave","Body Slam"],"picked":"Dual Wield+1","floor":31},{"not_picked":["Blood for Blood+1","Thunderclap"],"picked":"Havoc+1","floor":35},{"not_picked":["Wild Strike+1","Blood for Blood+1","Body Slam"],"picked":"SKIP","floor":35},{"not_picked":["Iron Wave","Evolve"],"picked":"Pommel Strike+1","floor":41},{"not_picked":["Wild Strike+1","Clash"],"picked":"Spot Weakness+1","floor":42},{"not_picked":["Blood for Blood+1","Evolve"],"picked":"True Grit","floor":42},{"not_picked":["Twin Strike+1","Blood for Blood"],"picked":"Shockwave+1","floor":45},{"not_picked":["Sword Boomerang","Perfected Strike"],"picked":"Shrug It Off","floor":45},{"not_picked":["Havoc+1","Perfected Strike"],"picked":"Impervious","floor":47},{"not_picked":["Clash","Havoc+1"],"picked":"Headbutt","floor":48},{"not_picked":["Iron Wave","Searing Blow","Perfected Strike+1"],"picked":"SKIP","floor":48}],"player_experience":507797,"relics_obtained":[{"floor":9,"key":"Shovel"},{"floor":10,"key":"PreservedInsect"},{"floor":12,"key":"Magic Flower"},{"floor":23,"key":"Mummified Hand"},{"floor":25,"key":"Juzu Bracelet"},{"floor":26,"key":"Vajra"},{"floor":28,"key":"Enchiridion"},{"floor":31,"key":"Red Skull"},{"floor":41,"key":"Smiling Mask"},{"floor":43,"key":"Meat on the Bone"},{"floor":47,"key":"Peace Pipe"}],"event_choices":[{"damage_healed":0,"gold_gain":0,"player_choice":"Success","damage_taken":7,"relics_obtained":["Prayer Wheel"],"max_hp_gain":0,"max_hp_loss":0,"event_name":"Scrap Ooze","floor":4,"gold_loss":0},{"damage_healed":0,"gold_gain":0,"player_choice":"Grow","damage_taken":0,"max_hp_gain":0,"max_hp_loss":0,"event_name":"Living Wall","floor":7,"gold_loss":0,"cards_upgraded":["Bash"]},{"damage_healed":0,"gold_gain":80,"player_choice":"Gained Gold","damage_taken":0,"max_hp_gain":0,"max_hp_loss":0,"event_name":"Golden Wing","floor":13,"gold_loss":0},{"damage_healed":0,"gold_gain":0,"player_choice":"Ignored","damage_taken":0,"max_hp_gain":0,"max_hp_loss":0,"event_name":"NoteForYourself","floor":21,"gold_loss":0},{"damage_healed":0,"gold_gain":0,"player_choice":"Obtained Book","damage_taken":16,"max_hp_gain":0,"max_hp_loss":0,"event_name":"Cursed Tome","floor":28,"gold_loss":0},{"damage_healed":0,"gold_gain":0,"player_choice":"Ignored","damage_taken":0,"max_hp_gain":0,"max_hp_loss":0,"event_name":"Tomb of Lord Red Mask","floor":36,"gold_loss":0},{"cards_removed":["Anger"],"damage_healed":0,"gold_gain":0,"player_choice":"Removed Attack","damage_taken":0,"max_hp_gain":0,"max_hp_loss":0,"event_name":"Falling","floor":37,"gold_loss":0},{"damage_healed":0,"gold_gain":100,"player_choice":"Pray","damage_taken":0,"max_hp_gain":0,"max_hp_loss":0,"event_name":"Golden Shrine","floor":39,"gold_loss":0}],"is_beta":false,"boss_relics":[{"not_picked":["Orrery","Calling Bell"],"picked":"Sozu"},{"not_picked":["Coffee Dripper","Lizard Tail"],"picked":"Cursed Key"}],"items_purged_floors":[38],"is_endless":false,"potions_floor_spawned":[2,5,10,19,20,25,33,42,48],"ascension_level":0}