{"gold_per_floor":[110,60,80,80,5,33,33,61,137,88,88,6,26,39,39,39],"floor_reached":16,"playtime":866,"items_purged":["Strike_R"],"score":108,"play_id":"a06741ab-a638-47cb-aa21-063b1eb6492e","local_time":"20190421001547","is_ascension_mode":false,"campfire_choices":[{"data":"Reaper","floor":7,"key":"SMITH"},{"data":"Inflame","floor":15,"key":"SMITH"}],"neow_cost":"NONE","seed_source_timestamp":0,"circlet_count":0,"master_deck":["Strike_R","Strike_R","Strike_R","Defend_R","Defend_R","Defend_R","Defend_R","Bash","Shrug It Off","Reaper+1","Shrug It Off","Armaments","Injury","Inflame+1","Pommel Strike"],"special_seed":0,"relics":["Burning Blood","Orichalcum","Bag of Preparation","PreservedInsect","Paper Frog","Golden Idol"],"potions_floor_usage":[8,8,16],"damage_taken":[{"damage":10,"enemies":"Small Slimes","floor":1,"turns":5},{"damage":24,"enemies":"Jaw Worm","floor":3,"turns":8},{"damage":18,"enemies":"Gremlin Nob","floor":6,"turns":5},{"damage":54,"enemies":"Lagavulin","floor":8,"turns":9},{"damage":3,"enemies":"2 Louse","floor":13,"turns":4},{"damage":13,"enemies":"2 Fungi Beasts","floor":14,"turns":4},{"damage":31,"enemies":"Slime Boss","floor":16,"turns":9}],"seed_played":"-9139744088273175120","potions_obtained":[{"floor":3,"key":"Explosive Potion"},{"floor":6,"key":"BloodPotion"},{"floor":8,"key":"Weak Potion"}],"is_trial":false,"path_per_floor":["M","?","M","?","$","E","R","E","T","$","?","$","M","M","R","B"],"character_chosen":"IRONCLAD","items_purchased":["Armaments","Inflame"],"campfire_rested":0,"item_purchase_floors":[10,12],"current_hp_per_floor":[84,84,66,59,59,47,47,7,7,7,7,7,16,23,23,0],"gold":39,"neow_bonus":"TEN_PERCENT_HP_BONUS","is_prod":false,"is_daily":false,"chose_seed":false,"campfire_upgraded":2,"win_rate":0,"timestamp":1555820147,"path_taken":["M","?","M","?","?","E","R","E","T","$","?","$","M","M","R","BOSS"],"build_version":"2019-01-23","purchased_purges":1,"victory":false,"max_hp_per_floor":[88,88,88,88,88,88,88,88,88,88,88,88,88,88,88,88],"card_choices":[{"not_picked":["Clash","Havoc"],"picked":"Shrug It Off","floor":1},{"not_picked":["Sever Soul","Flex","Clash"],"picked":"SKIP","floor":3},{"not_picked":["Warcry","Havoc"],"picked":"Reaper","floor":6},{"not_picked":["Metallicize","Clash"],"picked":"Shrug It Off","floor":8},{"not_picked":["Flex","Twin Strike","Berserk"],"picked":"SKIP","floor":13},{"not_picked":["Armaments","Fire Breathing"],"picked":"Pommel Strike","floor":14}],"player_experience":112541,"relics_obtained":[{"floor":6,"key":"Bag of Preparation"},{"floor":8,"key":"PreservedInsect"},{"floor":9,"key":"Paper Frog"}],"event_choices":[{"cards_removed":["Strike_R"],"damage_healed":0,"gold_gain":0,"player_choice":"Card Removal","damage_taken":0,"max_hp_gain":0,"max_hp_loss":0,"event_name":"The Cleric","floor":2,"gold_loss":50},{"damage_healed":0,"gold_gain":0,"player_choice":"Success","damage_taken":7,"relics_obtained":["Orichalcum"],"max_hp_gain":0,"max_hp_loss":0,"event_name":"Scrap Ooze","floor":4,"gold_loss":0},{"damage_healed":0,"gold_gain":0,"player_choice":"Take Wound","damage_taken":0,"relics_obtained":["Golden Idol"],"max_hp_gain":0,"max_hp_loss":0,"event_name":"Golden Idol","floor":11,"gold_loss":0,"cards_obtained":["Injury"]}],"is_beta":false,"boss_relics":[],"items_purged_floors":[5],"is_endless":false,"potions_floor_spawned":[3,6,8],"killed_by":"Slime Boss","ascension_level":0}