{"gold_per_floor":[218,49,61,61,80,80,130,130,130,150,150],"floor_reached":11,"playtime":302,"items_purged":[],"score":126,"play_id":"48c1dfec-4c8b-403d-b511-1402d875cdeb","local_time":"20190422003803","is_ascension_mode":true,"campfire_choices":[{"data":"Neutralize","floor":6.0,"key":"SMITH"},{"data":"Leg Sweep","floor":8.0,"key":"SMITH"}],"neow_cost":"NONE","seed_source_timestamp":18700948301419,"circlet_count":0,"master_deck":["AscendersBane","Defend_G","Defend_G","Defend_G","Defend_G","Defend_G+1","Strike_G","Strike_G","Strike_G","Strike_G+1","Strike_G","Survivor","Neutralize+1","Leg Sweep+1","PiercingWail","Adrenaline","PiercingWail"],"special_seed":0,"relics":["Ring of the Snake","Snake Skull","The Courier"],"potions_floor_usage":[11,11],"damage_taken":[{"damage":0.0,"enemies":"2 Louse","floor":1.0,"turns":3.0},{"damage":4.0,"enemies":"Cultist","floor":3.0,"turns":5.0},{"damage":3.0,"enemies":"Small Slimes","floor":5.0,"turns":6.0},{"damage":16.0,"enemies":"Exordium Wildlife","floor":10.0,"turns":8.0},{"damage":10,"enemies":"Gremlin Nob","floor":11,"turns":5}],"seed_played":"-3735338863102377779","potions_obtained":[{"floor":1.0,"key":"EntropicBrew"},{"floor":10.0,"key":"SkillPotion"}],"is_trial":false,"path_per_floor":["M","$","M","?","M","R","?","R","T","M","E"],"character_chosen":"THE_SILENT","items_purchased":["Snake Skull"],"campfire_rested":0,"item_purchase_floors":[2],"current_hp_per_floor":[59,59,55,35,32,32,32,32,32,16,6],"gold":150,"neow_bonus":"HUNDRED_GOLD","is_prod":false,"is_daily":false,"chose_seed":false,"campfire_upgraded":2,"win_rate":0,"timestamp":1555918683,"path_taken":["M","$","M","?","M","R","?","R","T","M","E"],"build_version":"2019-04-21","purchased_purges":0,"victory":false,"max_hp_per_floor":[66,66,66,66,66,66,66,66,66,66,66],"card_choices":[{"not_picked":["Deflect","Cloak And Dagger"],"picked":"Leg Sweep","floor":1.0},{"not_picked":["Acrobatics","Dagger Spray"],"picked":"PiercingWail","floor":3.0},{"not_picked":["Dagger Spray","Dodge and Roll"],"picked":"Adrenaline","floor":5.0},{"not_picked":["Infinite Blades","Concentrate"],"picked":"PiercingWail","floor":10.0}],"player_experience":1424083,"relics_obtained":[{"floor":9.0,"key":"The Courier"}],"event_choices":[{"damage_healed":0.0,"max_hp_gain":0.0,"max_hp_loss":0.0,"gold_gain":0.0,"event_name":"Shining Light","player_choice":"Entered Light","floor":4.0,"gold_loss":0.0,"damage_taken":20.0,"cards_upgraded":["Defend_G","Strike_G"]},{"damage_healed":0.0,"max_hp_gain":0.0,"max_hp_loss":0.0,"gold_gain":50.0,"event_name":"Golden Shrine","player_choice":"Pray","floor":7.0,"gold_loss":0.0,"damage_taken":0.0}],"is_beta":true,"boss_relics":[],"items_purged_floors":[],"is_endless":false,"potions_floor_spawned":[1,10],"killed_by":"Gremlin Nob","ascension_level":20}