{"path_per_floor":["M","?","$","?","M","R","?","M","T","E","T","M","R","E","R","B",null,"M","?","M","M","$","E","R","E","T","R","$","M","M","E","R","B",null,"M","?","$","?","$","E","M","R","T","R","M","E","R","E","R"],"character_chosen":"IRONCLAD","items_purchased":["Lantern","Pommel Strike","Thinking Ahead","Juzu Bracelet","Dual Wield"],"gold_per_floor":[113,188,36,36,46,46,46,60,109,165,165,177,177,209,209,311,311,329,329,343,360,55,83,83,117,144,144,94,113,123,151,151,252,252,268,268,117,117,46,79,90,90,90,90,101,135,135,170,170,170],"floor_reached":50,"campfire_rested":1,"playtime":1748,"current_hp_per_floor":[65,54,54,59,59,59,59,59,59,59,59,59,59,59,59,7,67,60,60,60,60,60,37,37,21,21,21,21,21,20,12,12,10,71,73,73,73,61,61,40,48,48,48,48,50,35,35,16,49,0],"items_purged":["Doubt","Doubt"],"gold":170,"score":970,"play_id":"33f44958-7b48-4e61-bcfe-e80709d19e21","local_time":"20180519113549","is_prod":false,"is_daily":false,"chose_seed":false,"is_ascension_mode":true,"campfire_upgraded":9,"timestamp":1526722549,"campfire_choices":[{"data":"Perfected Strike","floor":6,"key":"SMITH"},{"data":"Pommel Strike","floor":13,"key":"SMITH"},{"data":"Perfected Strike","floor":15,"key":"SMITH"},{"data":"Perfected Strike","floor":24,"key":"SMITH"},{"data":"Pommel Strike","floor":27,"key":"SMITH"},{"data":"Pommel Strike","floor":32,"key":"SMITH"},{"data":"Dual Wield","floor":42,"key":"SMITH"},{"data":"Pommel Strike","floor":44,"key":"SMITH"},{"data":"Pommel Strike","floor":47,"key":"SMITH"},{"floor":49,"key":"REST"}],"path_taken":["M","?","$","?","M","R","?","?","T","E","?","M","R","E","R","BOSS","M","?","M","?","$","E","R","E","T","R","?","M","M","E","R","BOSS","M","?","?","?","$","E","M","R","T","R","M","E","R","E","R","BOSS"],"build_version":"2018-05-17","seed_source_timestamp":467471443235632,"purchased_purges":4,"victory":false,"master_deck":["Strike_R","Strike_R","Strike_R","Strike_R","Strike_R","Defend_R","Defend_R","Defend_R","Bash","Perfected Strike+1","Pommel Strike+1","Pommel Strike+1","Thunderclap","Perfected Strike+1","Perfected Strike+1","Pommel Strike+1","Twin Strike","Pommel Strike+1","Thinking Ahead","Thunderclap","Seeing Red","Pommel Strike+1","Feed","Perfected Strike+1","Madness","Madness","Dual Wield+1","Seeing Red+1"],"max_hp_per_floor":[80,80,80,85,85,85,85,85,85,85,85,85,85,85,85,87,87,87,87,87,87,87,89,89,89,89,89,89,89,91,91,91,91,91,93,93,93,93,93,93,101,101,101,101,103,108,108,110,110,110],"relics":["Cursed Key","Lantern","Pen Nib","Tiny Chest","Singing Bowl","Anchor","Mark of Pain","Omamori","Smiling Mask","Vajra","Gremlin Horn","Sozu","Juzu Bracelet","Self Forming Clay","The Courier","Paper Frog","Bronze Scales"],"card_choices":[{"not_picked":["Disarm","Havoc","Feel No Pain"],"picked":"SKIP","floor":1},{"not_picked":["Entrench","Clash"],"picked":"Perfected Strike","floor":5},{"not_picked":["Warcry","Cleave"],"picked":"Pommel Strike","floor":8},{"not_picked":["Fiend Fire","Heavy Blade"],"picked":"Pommel Strike","floor":10},{"not_picked":["Carnage","Battle Trance"],"picked":"Thunderclap","floor":12},{"not_picked":["Body Slam","Rage"],"picked":"Perfected Strike","floor":14},{"not_picked":["Reaper","Bludgeon","Barricade"],"picked":"Singing Bowl","floor":16},{"not_picked":["Flex","Metallicize"],"picked":"Perfected Strike","floor":18},{"not_picked":["Shrug It Off","Power Through"],"picked":"Pommel Strike","floor":20},{"not_picked":["Sever Soul","Iron Wave"],"picked":"Twin Strike","floor":21},{"not_picked":["Headbutt","Reaper","Battle Trance+1"],"picked":"Singing Bowl","floor":23},{"not_picked":["Limit Break","Heavy Blade+1"],"picked":"Thunderclap","floor":25},{"not_picked":["Headbutt","Iron Wave"],"picked":"Seeing Red","floor":29},{"not_picked":["Feel No Pain+1","Shrug It Off+1","Intimidate+1"],"picked":"Singing Bowl","floor":30},{"not_picked":["Battle Trance+1","Shrug It Off"],"picked":"Pommel Strike","floor":31},{"not_picked":["Immolate","Demon Form"],"picked":"Feed","floor":33},{"not_picked":["Metallicize","Sword Boomerang","Havoc+1"],"picked":"Singing Bowl","floor":35},{"not_picked":["Fiend Fire","Armaments+1"],"picked":"Seeing Red+1","floor":40},{"not_picked":["Anger","Headbutt","Clothesline"],"picked":"Singing Bowl","floor":41},{"not_picked":["Feel No Pain","Corruption+1","Fire Breathing"],"picked":"Singing Bowl","floor":45},{"not_picked":["Thunderclap","True Grit","Battle Trance+1"],"picked":"Singing Bowl","floor":46},{"not_picked":["Armaments+1","Body Slam","Battle Trance"],"picked":"Singing Bowl","floor":48}],"player_experience":99037,"potions_floor_usage":[14,23,33,50,50],"damage_taken":[{"damage":7,"enemies":"Jaw Worm","floor":1,"turns":3},{"damage":0,"enemies":"Small Slimes","floor":5,"turns":3},{"damage":0,"enemies":"Cultist","floor":8,"turns":2},{"damage":0,"enemies":"Gremlin Nob","floor":10,"turns":3},{"damage":0,"enemies":"Blue Slaver","floor":12,"turns":1},{"damage":0,"enemies":"3 Sentries","floor":14,"turns":7},{"damage":54,"enemies":"The Guardian","floor":16,"turns":6},{"damage":7,"enemies":"Chosen","floor":18,"turns":3},{"damage":0,"enemies":"Shell Parasite","floor":20,"turns":2},{"damage":0,"enemies":"Centurion and Healer","floor":21,"turns":2},{"damage":25,"enemies":"Gremlin Leader","floor":23,"turns":3},{"damage":16,"enemies":"Book of Stabbing","floor":25,"turns":3},{"damage":0,"enemies":"Snecko","floor":29,"turns":2},{"damage":3,"enemies":"Slaver and Parasite","floor":30,"turns":2},{"damage":8,"enemies":"Gremlin Leader","floor":31,"turns":2},{"damage":2,"enemies":"Champ","floor":33,"turns":4},{"damage":0,"enemies":"3 Darklings","floor":35,"turns":2},{"damage":21,"enemies":"Giant Head","floor":40,"turns":5},{"damage":0,"enemies":"3 Shapes","floor":41,"turns":2},{"damage":0,"enemies":"3 Darklings","floor":45,"turns":1},{"damage":20,"enemies":"2 Orb Walkers","floor":46,"turns":3},{"damage":21,"enemies":"Nemesis","floor":48,"turns":3},{"damage":63,"enemies":"Time Eater","floor":50,"turns":4}],"relics_obtained":[{"floor":9,"key":"Pen Nib"},{"floor":10,"key":"Tiny Chest"},{"floor":11,"key":"Singing Bowl"},{"floor":14,"key":"Anchor"},{"floor":23,"key":"Omamori"},{"floor":25,"key":"Smiling Mask"},{"floor":26,"key":"Vajra"},{"floor":31,"key":"Gremlin Horn"},{"floor":40,"key":"Self Forming Clay"},{"floor":43,"key":"The Courier"},{"floor":46,"key":"Paper Frog"},{"floor":48,"key":"Bronze Scales"}],"event_choices":[{"event_name":"World of Goop","player_choice":"Gather Gold","floor":2,"damage_taken":0},{"event_name":"Big Fish","player_choice":"Donut","floor":4,"damage_taken":0},{"event_name":"Living Wall","player_choice":"Forget","floor":7,"damage_taken":0},{"event_name":"Ghosts","player_choice":"Ignored","floor":19,"damage_taken":0},{"event_name":"Duplicator","player_choice":"One dupe","floor":36,"damage_taken":0},{"event_name":"Winding Halls","player_choice":"Embrace Madness","floor":38,"damage_taken":0}],"boss_relics":[{"not_picked":["Lizard Tail","Velvet Choker"],"picked":"Mark of Pain"},{"not_picked":["Eternal Feather","Orrery"],"picked":"Sozu"}],"potions_floor_spawned":[1,12,16,18,23,33,35,45,46],"seed_played":"3503741199588712333","killed_by":"Time Eater","ascension_level":6,"potions_obtained":[{"floor":1,"key":"EssenceOfSteel"},{"floor":12,"key":"Explosive Potion"},{"floor":16,"key":"Swift Potion"},{"floor":18,"key":"Fire Potion"},{"floor":23,"key":"Dexterity Potion"},{"floor":33,"key":"Strength Potion"}],"is_trial":false}