{"gold_per_floor":[116,116,132,146,146,180,180,205,228,248,248,273,273,5,5,79,79,92,92,109,109,124,152,152,180,205,205,238,257,7,7,7,7],"floor_reached":33,"playtime":1228,"items_purged":[],"score":667,"play_id":"60e5cb4e-23cc-444c-aa97-4e50794d0b15","local_time":"20190211171456","is_ascension_mode":true,"campfire_choices":[{"data":"Armaments","floor":7,"key":"SMITH"},{"floor":11,"key":"REST"},{"floor":13,"key":"REST"},{"floor":15,"key":"REST"},{"floor":24,"key":"REST"},{"floor":32,"key":"REST"}],"neow_cost":"NONE","seed_source_timestamp":424345563350200,"circlet_count":0,"master_deck":["AscendersBane","Strike_R+1","Strike_R+1","Strike_R+1","Strike_R+1","Strike_R+1","Defend_R+1","Defend_R+1","Defend_R+1","Defend_R+1","Bash+1","Metallicize","Pummel","Armaments+1","Barricade","Cleave","Anger","Demon Form","Cleave","Immolate","Clothesline","Power Through","Shockwave+1","Feed","Armaments","Shrug It Off+1","Whirlwind","Clash","Pommel Strike","Bludgeon","Twin Strike+1"],"relics":["Busted Crown","CultistMask","Whetstone","Dream Catcher","Pen Nib","Sundial","Mark of Pain","Singing Bowl","Prayer Wheel","War Paint","Lantern","PreservedInsect"],"potions_floor_usage":[6,6,23,28,29,33,33],"damage_taken":[{"damage":0,"enemies":"2 Louse","floor":1,"turns":3},{"damage":0,"enemies":"Cultist","floor":3,"turns":3},{"damage":9,"enemies":"Small Slimes","floor":4,"turns":4},{"damage":17,"enemies":"Lagavulin","floor":6,"turns":4},{"damage":29,"enemies":"3 Sentries","floor":8,"turns":14},{"damage":9,"enemies":"Exordium Thugs","floor":10,"turns":7},{"damage":24,"enemies":"Lagavulin","floor":12,"turns":6},{"damage":34,"enemies":"The Guardian","floor":16,"turns":7},{"damage":0,"enemies":"Chosen","floor":18,"turns":4},{"damage":12,"enemies":"3 Byrds","floor":20,"turns":5},{"damage":3,"enemies":"Snecko","floor":22,"turns":4},{"damage":2,"enemies":"Slavers","floor":23,"turns":4},{"damage":22,"enemies":"Gremlin Leader","floor":25,"turns":7},{"damage":32,"enemies":"Book of Stabbing","floor":28,"turns":4},{"damage":0,"enemies":"Centurion and Healer","floor":29,"turns":2},{"damage":57,"enemies":"Champ","floor":33,"turns":10}],"seed_played":"5167791515240896470","potions_obtained":[{"floor":3,"key":"Fire Potion"},{"floor":4,"key":"Fire Potion"},{"floor":12,"key":"SkillPotion"},{"floor":23,"key":"FearPotion"},{"floor":27,"key":"Fire Potion"},{"floor":28,"key":"Block Potion"},{"floor":29,"key":"SneckoOil"}],"is_trial":false,"path_per_floor":["M","?","M","M","?","E","R","E","T","M","R","E","R","$","R","B",null,"M","?","M","?","M","E","R","E","T","?","E","M","$","$","R","B"],"character_chosen":"IRONCLAD","items_purchased":["Immolate","Clothesline","Power Through","AttackPotion","PreservedInsect","Bludgeon"],"campfire_rested":5,"item_purchase_floors":[14,14,14,14,30,30],"current_hp_per_floor":[68,68,68,59,59,42,42,13,13,4,26,2,24,24,46,12,59,62,62,50,28,28,30,57,37,37,37,5,12,12,12,41,0],"gold":7,"neow_bonus":"BOSS_RELIC","is_prod":false,"is_daily":false,"chose_seed":false,"campfire_upgraded":1,"win_rate":0,"timestamp":1549901696,"path_taken":["M","?","M","?","?","E","R","E","T","M","R","E","R","$","R","BOSS","M","?","M","?","M","E","R","E","T","?","E","?","?","$","R","BOSS"],"build_version":"2019-01-23","purchased_purges":0,"victory":false,"max_hp_per_floor":[75,75,75,75,75,75,75,75,75,75,75,75,75,75,75,75,75,78,78,78,83,86,90,90,92,92,92,92,99,99,99,99,99],"card_choices":[{"not_picked":["Heavy Blade"],"picked":"SKIP","floor":1},{"not_picked":[],"picked":"Metallicize","floor":3},{"not_picked":[],"picked":"Pummel","floor":4},{"not_picked":[],"picked":"Armaments","floor":6},{"not_picked":[],"picked":"Barricade","floor":8},{"not_picked":[],"picked":"Cleave","floor":10},{"not_picked":[],"picked":"Anger","floor":11},{"not_picked":[],"picked":"Demon Form","floor":12},{"not_picked":[],"picked":"Cleave","floor":13},{"not_picked":[],"picked":"Shockwave","floor":15},{"not_picked":[],"picked":"Feed","floor":16},{"not_picked":["Evolve"],"picked":"SKIP","floor":18},{"not_picked":[],"picked":"Armaments","floor":20},{"not_picked":[],"picked":"Shrug It Off","floor":22},{"not_picked":[],"picked":"Whirlwind","floor":23},{"not_picked":[],"picked":"Clash","floor":24},{"not_picked":["Armaments"],"picked":"Singing Bowl","floor":25},{"not_picked":[],"picked":"Pommel Strike","floor":28},{"not_picked":["Warcry"],"picked":"Singing Bowl","floor":29},{"not_picked":["Clothesline"],"picked":"Singing Bowl","floor":29},{"not_picked":[],"picked":"Twin Strike+1","floor":32}],"player_experience":367356,"relics_obtained":[{"floor":6,"key":"Whetstone"},{"floor":8,"key":"Dream Catcher"},{"floor":9,"key":"Pen Nib"},{"floor":12,"key":"Sundial"},{"floor":23,"key":"Singing Bowl"},{"floor":25,"key":"Prayer Wheel"},{"floor":26,"key":"War Paint"},{"floor":28,"key":"Lantern"}],"event_choices":[{"damage_healed":0,"gold_gain":0,"player_choice":"Trade","damage_taken":0,"relics_obtained":["CultistMask"],"max_hp_gain":0,"max_hp_loss":0,"event_name":"FaceTrader","floor":2,"gold_loss":0},{"damage_healed":0,"gold_gain":0,"player_choice":"0 cards matched","damage_taken":0,"max_hp_gain":0,"max_hp_loss":0,"event_name":"Match and Keep!","floor":5,"gold_loss":0,"cards_obtained":[]},{"damage_healed":0,"gold_gain":0,"player_choice":"Simplicity","damage_taken":0,"max_hp_gain":0,"max_hp_loss":0,"event_name":"Back to Basics","floor":19,"gold_loss":0,"cards_upgraded":["Strike_R","Strike_R","Strike_R","Strike_R","Defend_R","Defend_R","Defend_R","Defend_R"]},{"damage_healed":0,"gold_gain":0,"player_choice":"Shed Blood","damage_taken":27,"max_hp_gain":5,"max_hp_loss":0,"event_name":"Forgotten Altar","floor":21,"gold_loss":0},{"damage_healed":0,"gold_gain":0,"player_choice":"Got Potions","damage_taken":0,"max_hp_gain":0,"max_hp_loss":0,"event_name":"Lab","floor":27,"gold_loss":0}],"is_beta":false,"boss_relics":[{"not_picked":["Cursed Key","Coffee Dripper"],"picked":"Mark of Pain"}],"items_purged_floors":[],"is_endless":false,"potions_floor_spawned":[3,4,12,20,23,28,29],"killed_by":"Champ","ascension_level":20}