{"gold_per_floor":[118,80,99,112,122,122,147,165,192,192,9,9,24,24,24,126,126,141,141,240,19,39,39],"floor_reached":23,"playtime":1368,"items_purged":[],"score":191,"play_id":"6cbc4de4-d353-49ad-b1ba-65a75dc93d54","local_time":"20190131093229","is_ascension_mode":false,"campfire_choices":[{"data":"Fire Breathing","floor":6,"key":"SMITH"},{"data":"Spot Weakness","floor":10,"key":"SMITH"},{"floor":12,"key":"REST"},{"data":"Uppercut","floor":15,"key":"SMITH"}],"neow_cost":"CURSE","seed_source_timestamp":1102085573900114,"circlet_count":0,"master_deck":["Strike_R","Strike_R","Strike_R","Strike_R","Strike_R","Defend_R","Defend_R","Defend_R","Defend_R","Bash","Writhe","Heavy Blade","Fire Breathing+1","Shrug It Off","Spot Weakness+1","Cleave","Anger","Headbutt","Hemokinesis","Uppercut+1","Berserk","Searing Blow","Writhe","Sword Boomerang","Perfected Strike"],"relics":["Burning Blood","Unceasing Top","Potion Belt","Juzu Bracelet","Ancient Tea Set","Philosopher\u0027s Stone","Orichalcum","ClockworkSouvenir"],"potions_floor_usage":[7,16,22,23,23],"damage_taken":[{"damage":10,"enemies":"Cultist","floor":1,"turns":4},{"damage":1,"enemies":"2 Louse","floor":3,"turns":4},{"damage":5,"enemies":"Small Slimes","floor":4,"turns":4},{"damage":12,"enemies":"Gremlin Gang","floor":5,"turns":6},{"damage":25,"enemies":"Gremlin Nob","floor":7,"turns":4},{"damage":14,"enemies":"2 Fungi Beasts","floor":8,"turns":4},{"damage":11,"enemies":"Red Slaver","floor":13,"turns":2},{"damage":32,"enemies":"Hexaghost","floor":16,"turns":6},{"damage":14,"enemies":"Shell Parasite","floor":18,"turns":3},{"damage":46,"enemies":"3 Byrds","floor":22,"turns":5},{"damage":41,"enemies":"Cultist and Chosen","floor":23,"turns":5}],"seed_played":"2086135708627519481","potions_obtained":[{"floor":3,"key":"SteroidPotion"},{"floor":5,"key":"Fire Potion"},{"floor":8,"key":"PowerPotion"},{"floor":18,"key":"BloodPotion"},{"floor":22,"key":"SteroidPotion"}],"is_trial":false,"path_per_floor":["M","$","M","M","M","R","E","M","T","R","$","R","M","$","R","B",null,"M","?","?","$","M","M"],"character_chosen":"IRONCLAD","items_purchased":["Fire Breathing","Hemokinesis","Ancient Tea Set","ClockworkSouvenir","Sword Boomerang"],"campfire_rested":1,"item_purchase_floors":[2,11,11,21,21],"current_hp_per_floor":[76,76,80,80,74,74,55,47,47,47,47,71,66,66,66,40,80,72,72,72,72,40,0],"gold":39,"neow_bonus":"ONE_RARE_RELIC","is_prod":false,"is_daily":false,"chose_seed":false,"campfire_upgraded":3,"win_rate":0.0,"timestamp":1548898349,"path_taken":["M","?","M","M","?","R","E","M","T","R","$","R","M","$","R","BOSS","M","?","?","$","M","M"],"build_version":"2019-01-23","purchased_purges":0,"victory":false,"max_hp_per_floor":[80,80,80,80,80,80,80,80,80,80,80,80,80,80,80,80,80,80,80,80,80,80,80],"card_choices":[{"not_picked":["Bloodletting","Anger"],"picked":"Heavy Blade","floor":1},{"not_picked":["True Grit","Clash"],"picked":"Shrug It Off","floor":3},{"not_picked":["Sword Boomerang","Brutality"],"picked":"Spot Weakness","floor":4},{"not_picked":["Armaments","Shrug It Off"],"picked":"Cleave","floor":5},{"not_picked":["Iron Wave","Body Slam"],"picked":"Anger","floor":7},{"not_picked":["Twin Strike","Combust"],"picked":"Headbutt","floor":8},{"not_picked":["Iron Wave","Anger"],"picked":"Uppercut","floor":13},{"not_picked":["Juggernaut","Impervious"],"picked":"Berserk","floor":16},{"not_picked":["Pommel Strike","Dual Wield"],"picked":"Searing Blow","floor":18},{"not_picked":["Armaments+1","Headbutt"],"picked":"Perfected Strike","floor":22}],"player_experience":81010,"relics_obtained":[{"floor":7,"key":"Potion Belt"},{"floor":9,"key":"Juzu Bracelet"}],"event_choices":[{"damage_healed":0,"gold_gain":0,"player_choice":"Opened","damage_taken":0,"relics_obtained":["Orichalcum"],"max_hp_gain":0,"max_hp_loss":0,"event_name":"The Mausoleum","floor":19,"gold_loss":0,"cards_obtained":["Writhe"]},{"damage_healed":0,"gold_gain":99,"player_choice":"Stole From Cult","damage_taken":0,"max_hp_gain":0,"max_hp_loss":0,"event_name":"Nest","floor":20,"gold_loss":0}],"is_beta":false,"boss_relics":[{"not_picked":["Mark of Pain","Orrery"],"picked":"Philosopher\u0027s Stone"}],"items_purged_floors":[],"is_endless":false,"potions_floor_spawned":[3,5,8,18,22],"killed_by":"Cultist and Chosen","ascension_level":0}