{"gold_per_floor":[119,119,194,66,80,105,105,130,157,82,82],"floor_reached":11,"playtime":238,"items_purged":["Strike_R"],"score":192,"play_id":"05860d7a-256b-4136-aef1-9590f0cf5ebe","local_time":"20190202161859","is_ascension_mode":true,"campfire_choices":[{"data":"Evolve","floor":7,"key":"SMITH"}],"neow_cost":"NONE","seed_source_timestamp":427367245040200,"circlet_count":0,"master_deck":["AscendersBane","Strike_R","Strike_R","Strike_R","Strike_R+1","Defend_R","Defend_R","Defend_R","Defend_R","Bash+1","Evolve+1","Second Wind"],"relics":["Burning Blood","NeowsBlessing","Tiny Chest","Boot","Nunchaku","Regal Pillow"],"potions_floor_usage":[11],"damage_taken":[{"damage":0,"enemies":"Jaw Worm","floor":1,"turns":1},{"damage":0,"enemies":"2 Louse","floor":5,"turns":1},{"damage":0,"enemies":"Lagavulin","floor":6,"turns":1},{"damage":25,"enemies":"3 Sentries","floor":8,"turns":10},{"damage":16,"enemies":"Gremlin Nob","floor":11,"turns":4}],"seed_played":"-6396126244103230743","potions_obtained":[{"floor":1,"key":"LiquidBronze"},{"floor":6,"key":"SkillPotion"}],"is_trial":false,"path_per_floor":["M","?","?","$","M","E","R","E","T","$","E"],"character_chosen":"IRONCLAD","items_purchased":["Tiny Chest"],"campfire_rested":0,"item_purchase_floors":[4],"current_hp_per_floor":[74,51,40,40,46,52,52,33,33,33,17],"gold":82,"neow_bonus":"THREE_ENEMY_KILL","is_prod":false,"is_daily":false,"chose_seed":false,"campfire_upgraded":1,"win_rate":0,"timestamp":1549120739,"path_taken":["M","?","?","$","M","E","R","E","T","$","E"],"build_version":"2019-01-23","purchased_purges":1,"victory":false,"max_hp_per_floor":[75,75,75,75,75,75,75,75,75,75,75],"card_choices":[{"not_picked":["Feel No Pain","Clothesline","Rupture"],"picked":"SKIP","floor":1},{"not_picked":["Corruption","Reckless Charge"],"picked":"Evolve","floor":5},{"not_picked":["Wild Strike","Reckless Charge"],"picked":"Second Wind","floor":6},{"not_picked":["Blood for Blood","Twin Strike","Warcry"],"picked":"SKIP","floor":8}],"player_experience":308771,"relics_obtained":[{"floor":6,"key":"Boot"},{"floor":8,"key":"Nunchaku"},{"floor":9,"key":"Regal Pillow"}],"event_choices":[{"damage_healed":0,"gold_gain":0,"player_choice":"Entered Light","damage_taken":23,"max_hp_gain":0,"max_hp_loss":0,"event_name":"Shining Light","floor":2,"gold_loss":0,"cards_upgraded":["Bash","Strike_R"]},{"damage_healed":0,"gold_gain":75,"player_choice":"Gather Gold","damage_taken":11,"max_hp_gain":0,"max_hp_loss":0,"event_name":"World of Goop","floor":3,"gold_loss":0}],"is_beta":false,"boss_relics":[],"items_purged_floors":[10],"is_endless":false,"potions_floor_spawned":[1,6],"killed_by":"Gremlin Nob","ascension_level":17}