{"gold_per_floor":[116,134,134,234,249,249,259,259,336,336,45,63,24,36,36,139,139,79,7,25,25,38,66,66,66,91,91,91,105,117,132,132,230,230,248,218,236,247,262,262,287,305,332,332,343,354,354,366,366,366],"floor_reached":50,"playtime":16826,"items_purged":[],"score":513,"play_id":"f165e9dc-211a-4702-82ff-36dae9626745","local_time":"20190213092942","is_ascension_mode":false,"campfire_choices":[{"data":"Blade Dance","floor":6,"key":"SMITH"},{"data":"Leg Sweep","floor":8,"key":"SMITH"},{"data":"Survivor","floor":10,"key":"SMITH"},{"floor":15,"key":"REST"},{"floor":24,"key":"REST"},{"floor":28,"key":"REST"},{"floor":32,"key":"REST"},{"floor":40,"key":"REST"},{"floor":44,"key":"REST"},{"floor":47,"key":"REST"},{"floor":49,"key":"REST"}],"neow_cost":"NONE","seed_source_timestamp":1847269675138590,"circlet_count":0,"master_deck":["Defend_G","Defend_G+1","Defend_G","Defend_G","Defend_G+1","Strike_G","Strike_G","Strike_G","Strike_G","Strike_G","Survivor+1","Neutralize","Dagger Throw","Flying Knee","Blade Dance+1","Leg Sweep+1","Bouncing Flask","Dagger Spray","Wraith Form v2+1","Blur","Infinite Blades","Malaise","Well Laid Plans+1","Bouncing Flask","Crippling Poison","Deadly Poison+1","Wraith Form v2","Deflect+1","Backflip","Leg Sweep","Burst","Deadly Poison","Distraction","Noxious Fumes+1","Poisoned Stab+1","Backstab+1","Quick Slash+1","PiercingWail+1"],"relics":["Ring of the Snake","Mummified Hand","Snake Skull","Orichalcum","War Paint","White Beast Statue","PreservedInsect","Juzu Bracelet"],"potions_floor_usage":[7,16,16,23,23,29,29,33,33,37,37,39,39,41,42,48,48,50],"damage_taken":[{"damage":0,"enemies":"Small Slimes","floor":1,"turns":4},{"damage":0,"enemies":"Jaw Worm","floor":2,"turns":4},{"damage":1,"enemies":"Cultist","floor":5,"turns":4},{"damage":15,"enemies":"Lots of Slimes","floor":7,"turns":7},{"damage":2,"enemies":"Blue Slaver","floor":12,"turns":4},{"damage":0,"enemies":"Looter","floor":14,"turns":4},{"damage":19,"enemies":"Slime Boss","floor":16,"turns":11},{"damage":5,"enemies":"2 Thieves","floor":18,"turns":4},{"damage":4,"enemies":"Chosen","floor":20,"turns":7},{"damage":12,"enemies":"Snake Plant","floor":22,"turns":6},{"damage":44,"enemies":"Slavers","floor":23,"turns":10},{"damage":1,"enemies":"Centurion and Healer","floor":29,"turns":7},{"damage":0,"enemies":"3 Cultists","floor":30,"turns":7},{"damage":0,"enemies":"Shelled Parasite and Fungi","floor":31,"turns":6},{"damage":36,"enemies":"Collector","floor":33,"turns":13},{"damage":29,"enemies":"3 Darklings","floor":35,"turns":13},{"damage":0,"enemies":"3 Shapes","floor":37,"turns":7},{"damage":0,"enemies":"Spire Growth","floor":38,"turns":6},{"damage":6,"enemies":"3 Darklings","floor":39,"turns":7},{"damage":48,"enemies":"Reptomancer","floor":41,"turns":9},{"damage":0,"enemies":"Jaw Worm Horde","floor":42,"turns":5},{"damage":0,"enemies":"Maw","floor":45,"turns":9},{"damage":2,"enemies":"4 Shapes","floor":46,"turns":9},{"damage":14,"enemies":"3 Darklings","floor":48,"turns":8},{"damage":77,"enemies":"Awakened One","floor":50,"turns":13}],"seed_played":"-7956620108782308271","potions_obtained":[{"floor":0,"key":"FairyPotion"},{"floor":0,"key":"SteroidPotion"},{"floor":0,"key":"AttackPotion"},{"floor":5,"key":"SkillPotion"},{"floor":16,"key":"Fire Potion"},{"floor":20,"key":"Ancient Potion"},{"floor":23,"key":"EntropicBrew"},{"floor":29,"key":"Swift Potion"},{"floor":30,"key":"AttackPotion"},{"floor":35,"key":"AttackPotion"},{"floor":36,"key":"EssenceOfSteel"},{"floor":37,"key":"Block Potion"},{"floor":38,"key":"AttackPotion"},{"floor":39,"key":"SteroidPotion"},{"floor":41,"key":"Fire Potion"},{"floor":42,"key":"Fire Potion"},{"floor":45,"key":"Explosive Potion"},{"floor":48,"key":"SteroidPotion"}],"is_trial":false,"path_per_floor":["M","M","?","?","M","R","M","R","T","R","$","M","$","M","R","B",null,"M","$","M","?","M","E","R","?","T","?","R","M","M","M","R","B",null,"M","?","M","M","M","R","E","M","T","R","M","M","R","M","R","B"],"character_chosen":"THE_SILENT","items_purchased":["Bouncing Flask","Snake Skull","Dagger Spray","Poison Potion","Blur","Bouncing Flask"],"campfire_rested":8,"item_purchase_floors":[11,11,11,11,13,19],"current_hp_per_floor":[70,70,70,70,69,69,54,54,54,54,54,52,52,52,70,51,70,65,65,61,61,49,5,26,26,26,26,47,46,46,46,67,31,70,41,41,41,41,35,56,8,8,8,29,29,27,48,34,55,0],"gold":366,"neow_bonus":"THREE_SMALL_POTIONS","is_prod":false,"is_daily":false,"chose_seed":false,"campfire_upgraded":3,"win_rate":0.0,"timestamp":1550017782,"path_taken":["M","M","?","?","M","R","?","R","T","R","$","?","$","M","R","BOSS","M","$","M","?","M","E","R","?","T","?","R","M","M","M","R","BOSS","M","?","M","M","M","R","E","M","T","R","M","M","R","M","R","BOSS"],"build_version":"2019-01-23","purchased_purges":0,"victory":false,"max_hp_per_floor":[70,70,70,70,70,70,70,70,70,70,70,70,70,70,70,70,70,70,70,70,70,70,70,70,70,70,70,70,70,70,70,70,70,70,70,70,70,70,70,70,70,70,70,70,70,70,70,70,70,70],"card_choices":[{"not_picked":["Noxious Fumes","Expertise"],"picked":"Dagger Throw","floor":1},{"not_picked":["Reflex","Heel Hook"],"picked":"Flying Knee","floor":2},{"not_picked":["Bane","Predator"],"picked":"Blade Dance","floor":5},{"not_picked":["Heel Hook","Flying Knee"],"picked":"Leg Sweep","floor":7},{"not_picked":["Reflex","Escape Plan"],"picked":"Wraith Form v2","floor":12},{"not_picked":["PiercingWail","Bouncing Flask"],"picked":"Infinite Blades","floor":14},{"not_picked":["Phantasmal Killer","Envenom"],"picked":"Malaise","floor":16},{"not_picked":["Dagger Throw","Blade Dance+1"],"picked":"Well Laid Plans+1","floor":18},{"not_picked":["Bane","Dagger Throw"],"picked":"Crippling Poison","floor":20},{"not_picked":["Underhanded Strike+1","Sucker Punch"],"picked":"Deadly Poison+1","floor":22},{"not_picked":["Dagger Throw+1","Skewer"],"picked":"Wraith Form v2","floor":23},{"not_picked":["Blade Dance","Flechettes"],"picked":"Deflect+1","floor":29},{"not_picked":["Blade Dance","Dodge and Roll"],"picked":"Backflip","floor":30},{"not_picked":["Backflip+1","Dash"],"picked":"Leg Sweep","floor":31},{"not_picked":["Phantasmal Killer","Glass Knife"],"picked":"Burst","floor":33},{"not_picked":["Poisoned Stab","Dodge and Roll+1"],"picked":"Deadly Poison","floor":35},{"not_picked":["Deflect+1","Dagger Throw"],"picked":"Distraction","floor":37},{"not_picked":["Eviscerate+1","Deflect","Underhanded Strike"],"picked":"SKIP","floor":38},{"not_picked":["Sucker Punch","Eviscerate"],"picked":"Noxious Fumes+1","floor":39},{"not_picked":["Dagger Throw+1","Deflect+1"],"picked":"Poisoned Stab+1","floor":41},{"not_picked":["Dagger Spray+1","Unload"],"picked":"Backstab+1","floor":42},{"not_picked":["Slice+1","Reflex"],"picked":"Quick Slash+1","floor":45},{"not_picked":["Blade Dance","Quick Slash+1"],"picked":"PiercingWail+1","floor":46},{"not_picked":["Envenom","Dodge and Roll","Endless Agony"],"picked":"SKIP","floor":48}],"player_experience":32011,"relics_obtained":[{"floor":9,"key":"Mummified Hand"},{"floor":23,"key":"Orichalcum"},{"floor":26,"key":"War Paint"},{"floor":41,"key":"PreservedInsect"},{"floor":43,"key":"Juzu Bracelet"}],"event_choices":[{"damage_healed":0,"gold_gain":0,"player_choice":"Leave","damage_taken":0,"max_hp_gain":0,"max_hp_loss":0,"event_name":"The Cleric","floor":3,"gold_loss":0},{"damage_healed":0,"gold_gain":100,"player_choice":"Pray","damage_taken":0,"max_hp_gain":0,"max_hp_loss":0,"event_name":"Golden Shrine","floor":4,"gold_loss":0},{"damage_healed":0,"gold_gain":0,"player_choice":"Ignored","damage_taken":0,"max_hp_gain":0,"max_hp_loss":0,"event_name":"Ghosts","floor":21,"gold_loss":0},{"damage_healed":0,"gold_gain":0,"player_choice":"Ignored","damage_taken":0,"max_hp_gain":0,"max_hp_loss":0,"event_name":"Vampires","floor":25,"gold_loss":0},{"damage_healed":0,"gold_gain":0,"player_choice":"Upgraded","damage_taken":0,"max_hp_gain":0,"max_hp_loss":0,"event_name":"Upgrade Shrine","floor":27,"gold_loss":0,"cards_upgraded":["Wraith Form v2"]},{"damage_healed":0,"gold_gain":0,"player_choice":"Bought 2 Potions","damage_taken":0,"max_hp_gain":0,"max_hp_loss":0,"event_name":"The Woman in Blue","floor":36,"gold_loss":0}],"is_beta":false,"boss_relics":[{"not_picked":["Sozu","Runic Dome","Fusion Hammer"]},{"not_picked":["WristBlade","Calling Bell"],"picked":"White Beast Statue"}],"items_purged_floors":[],"is_endless":false,"potions_floor_spawned":[5,14,16,20,23,29,30,31,35,37,38,39,41,42,45,46,48],"killed_by":"Awakened One","ascension_level":0}