{"gold_per_floor":[214,289,464,464,484,484,212,231,255,255,281,281,281,298,298,400,400,418,517,517,342,325,325,358,358,358,370,370,400,400,417,417,514,514,527,538,143,143,153,153,4,20,20,39,139,139,139,158,158,158],"floor_reached":50,"playtime":2881,"items_purged":["Doubt","Strike_B","Streamline"],"score":695,"play_id":"c5d07f12-c354-452f-a6e8-dedbbbd608bf","local_time":"20181104231654","is_ascension_mode":true,"campfire_choices":[{"data":"Zap","floor":6,"key":"SMITH"},{"floor":10,"key":"REST"},{"floor":13,"key":"REST"},{"data":"Cold Snap","floor":15,"key":"SMITH"},{"floor":23,"key":"REST"},{"floor":25,"key":"REST"},{"floor":28,"key":"REST"},{"floor":32,"key":"REST"},{"floor":40,"key":"REST"},{"data":"Creative AI","floor":47,"key":"SMITH"},{"data":"Defragment","floor":49,"key":"SMITH"}],"neow_cost":"NONE","seed_source_timestamp":2593562866132232,"circlet_count":0,"master_deck":["Zap+1","Dualcast","Conserve Battery","Gash","Leap","Cold Snap+1","Glacier","Sunder","Hologram","Gash","Machine Learning","Turbo+1","Defragment+1","Coolheaded","Go for the Eyes","BootSequence","Reboot","BootSequence","Coolheaded","Blizzard","Self Repair","Creative AI+1","Heatsinks","Streamline","Chill","White Noise","Leap","Redo","Gash","Flash of Steel","Madness","Madness","Parasite","Hologram+1","Seek","Force Field+1","Go for the Eyes+1","Secret Weapon"],"relics":["Cracked Core","Anchor","Dream Catcher","Smiling Mask","Orichalcum","Nuclear Battery","Enchiridion","Bronze Scales","Incense Burner","Dodecahedron","Pandora\u0027s Box","Pantograph","Gremlin Horn","Pocketwatch"],"potions_floor_usage":[24,33,50,50],"damage_taken":[{"damage":2,"enemies":"Jaw Worm","floor":1,"turns":4},{"damage":6,"enemies":"2 Louse","floor":5,"turns":2},{"damage":0,"enemies":"Small Slimes","floor":8,"turns":2},{"damage":17,"enemies":"3 Sentries","floor":11,"turns":10},{"damage":0,"enemies":"3 Louse","floor":14,"turns":3},{"damage":13,"enemies":"The Guardian","floor":16,"turns":15},{"damage":0,"enemies":"Shell Parasite","floor":18,"turns":6},{"damage":3,"enemies":"2 Thieves","floor":22,"turns":4},{"damage":35,"enemies":"Book of Stabbing","floor":24,"turns":7},{"damage":11,"enemies":"Shelled Parasite and Fungi","floor":27,"turns":5},{"damage":36,"enemies":"Gremlin Leader","floor":29,"turns":10},{"damage":0,"enemies":"Snake Plant","floor":31,"turns":4},{"damage":37,"enemies":"Collector","floor":33,"turns":14},{"damage":0,"enemies":"Orb Walker","floor":35,"turns":5},{"damage":0,"enemies":"3 Shapes","floor":36,"turns":7},{"damage":37,"enemies":"Writhing Mass","floor":39,"turns":8},{"damage":27,"enemies":"Spire Growth","floor":42,"turns":9},{"damage":1,"enemies":"Jaw Worm Horde","floor":44,"turns":6},{"damage":0,"enemies":"Mind Bloom Boss Battle","floor":45,"turns":9},{"damage":0,"enemies":"Maw","floor":48,"turns":9},{"damage":90,"enemies":"Awakened One","floor":50,"turns":11}],"seed_played":"-382146355633574982","potions_obtained":[{"floor":8,"key":"LiquidBronze"},{"floor":14,"key":"SpeedPotion"},{"floor":16,"key":"Ancient Potion"},{"floor":22,"key":"Poison Potion"},{"floor":31,"key":"SteroidPotion"},{"floor":36,"key":"FairyPotion"},{"floor":45,"key":"Dexterity Potion"}],"is_trial":false,"path_per_floor":["M","?","?","?","M","R","$","M","T","R","E","?","R","M","R","B",null,"M","?","?","$","M","R","E","R","T","M","R","E","?","M","R","B",null,"M","M","$","?","M","R","$","M","T","M","?","?","R","M","R","B"],"character_chosen":"DEFECT","items_purchased":["Anchor","Leap","Defragment","Coolheaded","Go for the Eyes","Flash of Steel","Pantograph","Seek"],"campfire_rested":7,"item_purchase_floors":[7,7,21,21,21,37,37,41],"current_hp_per_floor":[66,55,55,40,34,34,34,34,34,56,39,36,58,58,58,45,68,68,68,52,52,49,71,36,58,58,47,69,33,33,33,55,25,63,70,75,75,66,36,58,58,38,38,44,75,75,75,75,75,0],"gold":158,"neow_bonus":"HUNDRED_GOLD","is_prod":false,"is_daily":false,"chose_seed":false,"campfire_upgraded":4,"win_rate":0,"timestamp":1541341014,"path_taken":["M","?","?","?","M","R","$","M","T","R","E","?","R","M","R","BOSS","M","?","?","$","M","R","E","R","T","M","R","E","?","M","R","BOSS","M","M","$","?","M","R","$","M","T","M","?","?","R","M","R","BOSS"],"build_version":"2018-11-01","purchased_purges":3,"victory":false,"max_hp_per_floor":[75,75,75,75,75,75,75,75,75,75,75,75,75,75,75,75,75,75,75,75,75,75,75,75,75,75,75,75,75,75,75,75,75,75,75,75,75,75,75,75,75,75,75,75,75,75,75,75,75,75],"card_choices":[{"not_picked":["Beam Cell","Fusion"],"picked":"Conserve Battery","floor":1},{"not_picked":["Barrage","Rip and Tear"],"picked":"Gash","floor":5},{"not_picked":["Reprogram","Rebound"],"picked":"Cold Snap","floor":8},{"not_picked":["Redo","Force Field"],"picked":"Glacier","floor":10},{"not_picked":["Redo","Cold Snap"],"picked":"Sunder","floor":11},{"not_picked":["Steam","Beam Cell"],"picked":"Hologram","floor":13},{"not_picked":["Compile Driver","Skim"],"picked":"Gash","floor":14},{"not_picked":["Amplify","Seek"],"picked":"Machine Learning","floor":16},{"not_picked":["Conserve Battery","Static Discharge+1"],"picked":"Turbo+1","floor":18},{"not_picked":["Darkness","Turbo","Stack+1"],"picked":"SKIP","floor":22},{"not_picked":["Rebound","Leap"],"picked":"BootSequence","floor":23},{"not_picked":["Hyperbeam","Leap"],"picked":"Reboot","floor":24},{"not_picked":["Turbo","Chill"],"picked":"BootSequence","floor":25},{"not_picked":["Sweeping Beam","Reinforced Body"],"picked":"Coolheaded","floor":27},{"not_picked":["Sunder","Storm","Streamline"],"picked":"SKIP","floor":29},{"not_picked":["Barrage","Sweeping Beam","Streamline"],"picked":"SKIP","floor":31},{"not_picked":["Go for the Eyes","Reprogram"],"picked":"Self Repair","floor":32},{"not_picked":["Electrodynamics","Amplify"],"picked":"Creative AI","floor":33},{"not_picked":["Lockon+1","Loop","Hologram+1"],"picked":"SKIP","floor":35},{"not_picked":["Hologram","Self Repair"],"picked":"Gash","floor":36},{"not_picked":["Rebound+1","Streamline"],"picked":"Hologram+1","floor":39},{"not_picked":["Gash+1","Steam+1"],"picked":"Force Field+1","floor":42},{"not_picked":["Cold Snap","Turbo+1","Hologram"],"picked":"SKIP","floor":44},{"not_picked":["Steam+1","Blizzard+1"],"picked":"Go for the Eyes+1","floor":45},{"not_picked":["Dramatic Entrance","Jack Of All Trades"],"picked":"Secret Weapon","floor":46},{"not_picked":["Steam","Sweeping Beam+1","Gash"],"picked":"SKIP","floor":48}],"player_experience":400503,"relics_obtained":[{"floor":9,"key":"Dream Catcher"},{"floor":11,"key":"Smiling Mask"},{"floor":20,"key":"Enchiridion"},{"floor":24,"key":"Bronze Scales"},{"floor":26,"key":"Incense Burner"},{"floor":29,"key":"Dodecahedron"},{"floor":43,"key":"Gremlin Horn"},{"floor":45,"key":"Pocketwatch"}],"event_choices":[{"damage_healed":0,"gold_gain":75,"player_choice":"Gather Gold","damage_taken":11,"max_hp_gain":0,"max_hp_loss":0,"event_name":"World of Goop","floor":2,"gold_loss":0},{"damage_healed":0,"gold_gain":175,"player_choice":"AGREE","damage_taken":0,"max_hp_gain":0,"max_hp_loss":0,"event_name":"Liars Game","floor":3,"gold_loss":0,"cards_obtained":["Doubt"]},{"damage_healed":0,"gold_gain":0,"player_choice":"Entered Light","damage_taken":15,"max_hp_gain":0,"max_hp_loss":0,"event_name":"Shining Light","floor":4,"gold_loss":0,"cards_upgraded":["Strike_B","Defend_B"]},{"damage_healed":0,"gold_gain":0,"player_choice":"Success","damage_taken":3,"relics_obtained":["Orichalcum"],"max_hp_gain":0,"max_hp_loss":0,"event_name":"Scrap Ooze","floor":12,"gold_loss":0},{"damage_healed":0,"gold_gain":99,"player_choice":"Stole From Cult","damage_taken":0,"max_hp_gain":0,"max_hp_loss":0,"event_name":"Nest","floor":19,"gold_loss":0},{"damage_healed":0,"gold_gain":0,"player_choice":"Obtained Book","damage_taken":16,"max_hp_gain":0,"max_hp_loss":0,"event_name":"Cursed Tome","floor":20,"gold_loss":0},{"damage_healed":0,"gold_gain":0,"player_choice":"Read","damage_taken":0,"max_hp_gain":0,"max_hp_loss":0,"event_name":"The Library","floor":30,"gold_loss":0,"cards_obtained":["Blizzard"]},{"damage_healed":0,"gold_gain":0,"player_choice":"Embrace Madness","damage_taken":9,"max_hp_gain":0,"max_hp_loss":0,"event_name":"Winding Halls","floor":38,"gold_loss":0,"cards_obtained":["Madness","Madness"]},{"damage_healed":0,"gold_gain":0,"player_choice":"Fight","damage_taken":0,"max_hp_gain":0,"max_hp_loss":0,"event_name":"MindBloom","floor":45,"gold_loss":0},{"damage_healed":0,"gold_gain":0,"player_choice":"Memory 1","damage_taken":0,"max_hp_gain":0,"max_hp_loss":0,"event_name":"SensoryStone","floor":46,"gold_loss":0}],"is_beta":false,"boss_relics":[{"not_picked":["Coffee Dripper","FrozenCore"],"picked":"Nuclear Battery"},{"not_picked":["Tiny House","Empty Cage"],"picked":"Pandora\u0027s Box"}],"items_purged_floors":[7,21,37],"is_endless":false,"potions_floor_spawned":[8,14,16,22,31,36,44,45,48],"killed_by":"Awakened One","ascension_level":7}