{"gold_per_floor":[113,130,205,215,265,265,293,305,329,360,360,15,15,34,34,107,107,117,62,62,80,80,80,91,120,120,120],"floor_reached":27,"playtime":684,"items_purged":["Strike_R"],"score":648,"play_id":"06db89b4-8c9b-4560-ad19-c3e1700ac998","local_time":"20190203144646","is_ascension_mode":true,"campfire_choices":[{"data":"Perfected Strike","floor":6,"key":"SMITH"},{"floor":13,"key":"REST"},{"data":"Iron Wave","floor":15,"key":"SMITH"},{"data":"Clothesline","floor":23,"key":"SMITH"}],"neow_cost":"NONE","seed_source_timestamp":0,"circlet_count":0,"master_deck":["AscendersBane","Strike_R","Strike_R","Strike_R","Strike_R","Defend_R","Defend_R","Defend_R","Defend_R","Bash","Perfected Strike+1","Iron Wave+1","Pommel Strike+1","Clash","Impervious","Clothesline+1","Rage"],"special_seed":0,"relics":["Busted Crown","Strawberry","Bag of Marbles","Vajra","Frozen Egg 2","Coffee Dripper","Tiny Chest","Blood Vial","Ornamental Fan"],"potions_floor_usage":[16,25],"damage_taken":[{"damage":7,"enemies":"Small Slimes","floor":1,"turns":3},{"damage":0,"enemies":"Cultist","floor":2,"turns":3},{"damage":7,"enemies":"Jaw Worm","floor":4,"turns":3},{"damage":8,"enemies":"Gremlin Nob","floor":7,"turns":3},{"damage":9,"enemies":"2 Fungi Beasts","floor":8,"turns":3},{"damage":15,"enemies":"Lagavulin","floor":10,"turns":6},{"damage":0,"enemies":"Exordium Wildlife","floor":14,"turns":2},{"damage":37,"enemies":"Hexaghost","floor":16,"turns":9},{"damage":5,"enemies":"Shell Parasite","floor":18,"turns":3},{"damage":6,"enemies":"2 Thieves","floor":21,"turns":4},{"damage":10,"enemies":"Centurion and Healer","floor":24,"turns":5},{"damage":34,"enemies":"Book of Stabbing","floor":25,"turns":4},{"damage":15,"enemies":"Gremlin Leader","floor":27,"turns":2}],"seed_played":"7934654527370522752","potions_obtained":[{"floor":2,"key":"Fire Potion"},{"floor":7,"key":"PowerPotion"},{"floor":21,"key":"Ancient Potion"},{"floor":25,"key":"Explosive Potion"}],"is_trial":false,"path_per_floor":["M","M","?","M","?","R","E","M","T","E","?","$","R","M","R","B",null,"M","?","?","M","$","R","M","E","T","E"],"character_chosen":"IRONCLAD","items_purchased":["Frozen Egg 2"],"campfire_rested":1,"item_purchase_floors":[12],"current_hp_per_floor":[61,61,50,43,43,43,42,33,33,18,18,18,42,42,42,5,63,58,58,58,52,52,52,42,8,8,0],"gold":120,"neow_bonus":"BOSS_RELIC","is_prod":false,"is_daily":false,"chose_seed":false,"campfire_upgraded":3,"win_rate":0,"timestamp":1549201606,"path_taken":["M","M","?","M","?","R","E","?","T","E","?","$","R","?","R","BOSS","M","?","?","M","?","R","M","E","T","E"],"build_version":"2019-01-23","purchased_purges":1,"victory":false,"max_hp_per_floor":[75,75,75,75,75,75,82,82,82,82,82,82,82,82,82,82,82,82,82,82,82,82,82,82,82,82,82],"card_choices":[{"not_picked":["Anger"],"picked":"SKIP","floor":1},{"not_picked":[],"picked":"Perfected Strike","floor":2},{"not_picked":["Dropkick"],"picked":"SKIP","floor":4},{"not_picked":["Twin Strike"],"picked":"SKIP","floor":7},{"not_picked":[],"picked":"Iron Wave","floor":8},{"not_picked":[],"picked":"Pommel Strike","floor":10},{"not_picked":[],"picked":"Clash","floor":14},{"not_picked":[],"picked":"Impervious","floor":16},{"not_picked":["Sword Boomerang"],"picked":"SKIP","floor":18},{"not_picked":[],"picked":"Clothesline","floor":21},{"not_picked":["Corruption+1"],"picked":"SKIP","floor":24},{"not_picked":[],"picked":"Rage","floor":25}],"player_experience":322234,"relics_obtained":[{"floor":7,"key":"Strawberry"},{"floor":9,"key":"Bag of Marbles"},{"floor":10,"key":"Vajra"},{"floor":25,"key":"Blood Vial"},{"floor":26,"key":"Ornamental Fan"}],"event_choices":[{"damage_healed":0,"gold_gain":75,"player_choice":"Gather Gold","damage_taken":11,"max_hp_gain":0,"max_hp_loss":0,"event_name":"World of Goop","floor":3,"gold_loss":0},{"damage_healed":0,"gold_gain":50,"player_choice":"Pray","damage_taken":0,"max_hp_gain":0,"max_hp_loss":0,"event_name":"Golden Shrine","floor":5,"gold_loss":0},{"damage_healed":0,"gold_gain":0,"player_choice":"Upgraded","damage_taken":0,"max_hp_gain":0,"max_hp_loss":0,"event_name":"Upgrade Shrine","floor":11,"gold_loss":0,"cards_upgraded":["Pommel Strike"]},{"damage_healed":0,"gold_gain":0,"player_choice":"Obtained Relic","damage_taken":0,"relics_obtained":["Tiny Chest"],"max_hp_gain":0,"max_hp_loss":0,"event_name":"Addict","floor":19,"gold_loss":85},{"damage_healed":0,"gold_gain":0,"player_choice":"Ignored","damage_taken":0,"max_hp_gain":0,"max_hp_loss":0,"event_name":"Ghosts","floor":20,"gold_loss":0}],"is_beta":false,"boss_relics":[{"not_picked":["Mark of Pain","Empty Cage"],"picked":"Coffee Dripper"}],"items_purged_floors":[12],"is_endless":false,"potions_floor_spawned":[2,7,8,21,25],"killed_by":"Gremlin Leader","ascension_level":18}