{"gold_per_floor":[117,35,48,65,83,113,113,140,167,194,194,229,229,229,229,325,325,337,337,17,32,47,47,47,73,149,149,161,178,178,209,209,312,312,325,325,342,359,459,459,488,504,504,529,444,463,492,511,511,511],"floor_reached":51,"playtime":3969,"items_purged":["Magnetism+1"],"score":936,"play_id":"9e1d1cd8-bf54-4a38-9b55-fd7619562b77","local_time":"20190212183649","is_ascension_mode":true,"campfire_choices":[{"data":"Discovery","floor":7,"key":"SMITH"},{"data":"Footwork","floor":11,"key":"SMITH"},{"data":"Corpse Explosion","floor":13,"key":"SMITH"},{"data":"Leg Sweep","floor":15,"key":"SMITH"},{"data":"Magnetism","floor":23,"key":"SMITH"},{"data":"RitualDagger","floor":27,"key":"SMITH"},{"data":"Blur","floor":30,"key":"SMITH"},{"floor":32,"key":"REST"},{"floor":40,"key":"REST"},{"floor":49,"key":"REST"}],"neow_cost":"NONE","seed_source_timestamp":512911974586700,"circlet_count":0,"master_deck":["Defend_G","Defend_G","Defend_G","Defend_G","Defend_G","Strike_G","Strike_G","Strike_G","Strike_G","Survivor","Neutralize","Leg Sweep+1","Discovery+1","Footwork+1","Backflip","Corpse Explosion+1","Die Die Die","Dodge and Roll","Calculated Gamble","Blur+1","Backflip","Blur+1","Dodge and Roll","RitualDagger+1","Blur+1","Blur+1","Bullet Time+1","Well Laid Plans","Deadly Poison+1","Well Laid Plans","Noxious Fumes"],"relics":["Ring of the Snake","NeowsBlessing","Snake Skull","Odd Mushroom","PreservedInsect","Strawberry","Smiling Mask","Orrery","Singing Bowl","Art of War","Vajra","Toxic Egg 2","Sundial","Fusion Hammer","Pen Nib","Bird Faced Urn","Juzu Bracelet","Pear"],"potions_floor_usage":[12,28,33,38,50,50,50],"damage_taken":[{"damage":0,"enemies":"Cultist","floor":1,"turns":1},{"damage":0,"enemies":"2 Louse","floor":3,"turns":2},{"damage":0,"enemies":"Jaw Worm","floor":4,"turns":2},{"damage":8,"enemies":"Large Slime","floor":5,"turns":10},{"damage":9,"enemies":"3 Sentries","floor":6,"turns":13},{"damage":3,"enemies":"The Mushroom Lair","floor":8,"turns":4},{"damage":20,"enemies":"Lagavulin","floor":10,"turns":8},{"damage":6,"enemies":"Gremlin Nob","floor":12,"turns":3},{"damage":4,"enemies":"Hexaghost","floor":16,"turns":8},{"damage":13,"enemies":"3 Byrds","floor":18,"turns":4},{"damage":0,"enemies":"Spheric Guardian","floor":21,"turns":10},{"damage":13,"enemies":"3 Cultists","floor":22,"turns":4},{"damage":11,"enemies":"Gremlin Leader","floor":25,"turns":7},{"damage":0,"enemies":"Snake Plant","floor":28,"turns":6},{"damage":9,"enemies":"Centurion and Healer","floor":29,"turns":9},{"damage":27,"enemies":"Slavers","floor":31,"turns":5},{"damage":17,"enemies":"Collector","floor":33,"turns":21},{"damage":0,"enemies":"3 Darklings","floor":35,"turns":5},{"damage":1,"enemies":"3 Shapes","floor":37,"turns":2},{"damage":0,"enemies":"3 Darklings","floor":38,"turns":6},{"damage":1,"enemies":"Giant Head","floor":41,"turns":11},{"damage":0,"enemies":"Sphere and 2 Shapes","floor":42,"turns":9},{"damage":62,"enemies":"Reptomancer","floor":44,"turns":11},{"damage":0,"enemies":"4 Shapes","floor":46,"turns":6},{"damage":18,"enemies":"Giant Head","floor":47,"turns":11},{"damage":0,"enemies":"Maw","floor":48,"turns":9},{"damage":0,"enemies":"Donu and Deca","floor":50,"turns":8}],"seed_played":"6156616979940001095","potions_obtained":[{"floor":4,"key":"Explosive Potion"},{"floor":5,"key":"Explosive Potion"},{"floor":6,"key":"Weak Potion"},{"floor":16,"key":"Ancient Potion"},{"floor":21,"key":"SteroidPotion"},{"floor":25,"key":"SkillPotion"},{"floor":33,"key":"FearPotion"},{"floor":38,"key":"SpeedPotion"},{"floor":41,"key":"LiquidBronze"}],"is_trial":false,"path_per_floor":["M","$","M","M","M","E","R","?","T","E","R","E","R","?","R","B",null,"M","?","$","M","M","R","?","E","T","R","M","M","R","E","R","B",null,"M","?","M","M","?","R","E","M","T","E","$","M","E","M","R","B",null],"character_chosen":"THE_SILENT","items_purchased":["Discovery","Art of War","Magnetism","Well Laid Plans"],"campfire_rested":3,"item_purchase_floors":[2,20,20,45],"current_hp_per_floor":[70,70,70,70,62,53,53,50,50,37,37,31,31,24,24,20,77,64,64,64,66,55,55,49,40,40,40,40,31,31,6,31,14,85,87,87,86,88,88,89,88,90,90,36,36,44,42,52,84,94],"gold":511,"neow_bonus":"THREE_ENEMY_KILL","is_prod":false,"is_daily":false,"chose_seed":false,"campfire_upgraded":7,"win_rate":0,"timestamp":1549993009,"path_taken":["M","?","M","M","M","E","R","?","T","E","R","E","R","?","R","BOSS","M","?","?","?","M","R","?","E","T","R","M","M","R","E","R","BOSS","M","?","?","M","?","R","E","?","T","E","$","M","E","M","R","BOSS"],"build_version":"2019-01-23","purchased_purges":1,"victory":true,"max_hp_per_floor":[70,70,70,70,70,70,70,70,70,77,77,77,77,77,77,77,77,77,77,77,79,81,81,81,83,83,83,83,83,83,85,85,85,85,87,87,87,89,89,89,89,91,91,93,93,95,105,107,107,107],"card_choices":[{"not_picked":["Slice","Poisoned Stab"],"picked":"Leg Sweep","floor":1},{"not_picked":["Slice","Cloak And Dagger"],"picked":"Footwork","floor":3},{"not_picked":["Finisher","Sucker Punch"],"picked":"Backflip","floor":4},{"not_picked":["Flying Knee","Deflect","Dagger Throw"],"picked":"SKIP","floor":5},{"not_picked":["Bane","Terror","Blade Dance"],"picked":"SKIP","floor":6},{"not_picked":["Skewer","Acrobatics"],"picked":"Corpse Explosion","floor":10},{"not_picked":["Heel Hook","Outmaneuver","Endless Agony"],"picked":"SKIP","floor":12},{"not_picked":["Night Terror","Bullet Time"],"picked":"Die Die Die","floor":16},{"not_picked":["Prepared","Cloak And Dagger"],"picked":"Dodge and Roll","floor":17},{"not_picked":["Sucker Punch","Flechettes"],"picked":"Calculated Gamble","floor":17},{"not_picked":["Corpse Explosion","Dagger Spray"],"picked":"Blur","floor":17},{"not_picked":["Caltrops","Sucker Punch"],"picked":"Backflip","floor":17},{"not_picked":["Outmaneuver","Prepared"],"picked":"Blur","floor":17},{"not_picked":["Bane+1","Dash"],"picked":"Dodge and Roll","floor":18},{"not_picked":["Concentrate+1","Slice","Dash+1"],"picked":"Singing Bowl","floor":21},{"not_picked":["Slice+1","Caltrops","Backflip"],"picked":"Singing Bowl","floor":22},{"not_picked":["Backflip","Endless Agony","A Thousand Cuts"],"picked":"Singing Bowl","floor":25},{"not_picked":["Deflect+1","All Out Attack+1"],"picked":"Blur+1","floor":28},{"not_picked":["Dagger Spray","Underhanded Strike"],"picked":"Blur+1","floor":29},{"not_picked":["Storm of Steel+1","Dodge and Roll+1","Eviscerate"],"picked":"Singing Bowl","floor":31},{"not_picked":["Phantasmal Killer+1","Storm of Steel+1"],"picked":"Bullet Time+1","floor":33},{"not_picked":["Dagger Spray+1","Prepared+1","Calculated Gamble+1"],"picked":"Singing Bowl","floor":35},{"not_picked":["Deflect+1","Cloak And Dagger+1"],"picked":"Well Laid Plans","floor":37},{"not_picked":["Setup+1","Quick Slash+1","Slice"],"picked":"Singing Bowl","floor":38},{"not_picked":["Reflex+1","Flying Knee+1"],"picked":"Deadly Poison+1","floor":41},{"not_picked":["Blade Dance+1","Setup+1","Backflip+1"],"picked":"Singing Bowl","floor":42},{"not_picked":["Outmaneuver+1","Accuracy+1","Reflex+1"],"picked":"Singing Bowl","floor":44},{"not_picked":["Sucker Punch","Backstab+1","Flying Knee"],"picked":"Singing Bowl","floor":46},{"not_picked":["Reflex+1","Poisoned Stab"],"picked":"Noxious Fumes","floor":47},{"not_picked":["Cloak And Dagger+1","PiercingWail+1","Dagger Spray+1"],"picked":"Singing Bowl","floor":48}],"player_experience":379017,"relics_obtained":[{"floor":6,"key":"Snake Skull"},{"floor":8,"key":"Odd Mushroom"},{"floor":9,"key":"PreservedInsect"},{"floor":10,"key":"Strawberry"},{"floor":12,"key":"Smiling Mask"},{"floor":25,"key":"Vajra"},{"floor":26,"key":"Toxic Egg 2"},{"floor":31,"key":"Sundial"},{"floor":41,"key":"Pen Nib"},{"floor":43,"key":"Bird Faced Urn"},{"floor":44,"key":"Juzu Bracelet"},{"floor":47,"key":"Pear"}],"event_choices":[{"damage_healed":0,"gold_gain":0,"player_choice":"Fought Mushrooms","damage_taken":0,"max_hp_gain":0,"max_hp_loss":0,"event_name":"Mushrooms","floor":8,"gold_loss":0},{"cards_removed":["Strike_G"],"damage_healed":0,"gold_gain":0,"player_choice":"Card Removal","damage_taken":7,"max_hp_gain":0,"max_hp_loss":0,"event_name":"Golden Wing","floor":14,"gold_loss":0},{"damage_healed":0,"gold_gain":0,"player_choice":"Gave Potion","damage_taken":0,"relics_obtained":["Singing Bowl"],"max_hp_gain":0,"max_hp_loss":0,"event_name":"WeMeetAgain","floor":19,"gold_loss":0},{"damage_healed":0,"gold_gain":0,"player_choice":"Joined the Cult","damage_taken":6,"max_hp_gain":0,"max_hp_loss":0,"event_name":"Nest","floor":24,"gold_loss":0,"cards_obtained":["RitualDagger"]},{"damage_healed":0,"gold_gain":0,"player_choice":"Upgraded","damage_taken":0,"max_hp_gain":0,"max_hp_loss":0,"event_name":"Upgrade Shrine","floor":36,"gold_loss":0,"cards_upgraded":["Blur"]},{"damage_healed":0,"gold_gain":100,"player_choice":"Pray","damage_taken":0,"max_hp_gain":0,"max_hp_loss":0,"event_name":"Golden Shrine","floor":39,"gold_loss":0}],"is_beta":false,"boss_relics":[{"not_picked":["Velvet Choker","White Beast Statue"],"picked":"Orrery"},{"not_picked":["Cursed Key","Black Star"],"picked":"Fusion Hammer"}],"items_purged_floors":[45],"is_endless":false,"potions_floor_spawned":[4,5,6,16,18,21,25,33,38,41,46,48],"ascension_level":1}