{"path_per_floor":["M","$","M","M","?","R","E","M","T","?","R","M","E","?","R"],"character_chosen":"THE_SILENT","items_purchased":["Deflect"],"gold_per_floor":[117,93,105,125,125,125,156,174,199,374,374,390,418,418,418],"floor_reached":16,"campfire_rested":2,"playtime":1394,"current_hp_per_floor":[70,70,70,70,70,70,48,47,47,47,68,55,29,36,59],"items_purged":[],"gold":418,"play_id":"c125edb3-1d8b-4725-865e-bcadf1f0bb3c","is_prod":false,"is_daily":false,"campfire_rituals":0,"campfire_upgraded":1,"is_hardmode":false,"path_taken":["M","$","M","M","?","R","E","M","T","?","R","M","E","?","R","BOSS"],"build_version":"2018-01-11-PROD1","purchased_purges":0,"victory":false,"master_deck":["Defend_G","Defend_G","Defend_G","Defend_G","Strike_G","Strike_G","Strike_G","Strike_G","Strike_G","Survivor","Neutralize","Well Laid Plans","Deflect","Sucker Punch","Blade Dance","Blade Dance","Dagger Throw","Prepared","Doubt","Outmaneuver","Acrobatics","Flying Knee","Normality","Outmaneuver"],"max_hp_per_floor":[70,70,70,70,70,70,70,70,70,70,70,70,70,77,77],"relics":["Ring of the Snake","NeowsBlessing","Ornamental Fan","Dream Catcher","Blood Vial","Strawberry"],"campfire_meditates":0,"card_choices":[{"not_picked":["Endless Agony","Blade Dance"],"picked":"Well Laid Plans"},{"not_picked":["Outmaneuver","Backflip"],"picked":"Sucker Punch"},{"not_picked":["Adrenaline","Terror"],"picked":"Blade Dance"},{"not_picked":["Backflip","Underhanded Strike"],"picked":"Dagger Throw"},{"not_picked":["Poisoned Stab","Deadly Poison"],"picked":"Prepared"},{"not_picked":["Sucker Punch","Prepared"],"picked":"Outmaneuver"},{"not_picked":["Poisoned Stab","Blur"],"picked":"Acrobatics"},{"not_picked":["Dodge and Roll","Noxious Fumes"],"picked":"Flying Knee"},{"not_picked":["Slice","Finisher"],"picked":"Outmaneuver"}],"player_experience":42978,"potions_floor_usage":[16],"damage_taken":[{"damage":0,"enemies":"Jaw Worm","floor":1,"turns":1},{"damage":0,"enemies":"2 Louse","floor":3,"turns":1},{"damage":0,"enemies":"Small Slimes","floor":4,"turns":1},{"damage":22,"enemies":"Lagavulin","floor":7,"turns":8},{"damage":1,"enemies":"Exordium Thugs","floor":8,"turns":5},{"damage":13,"enemies":"Exordium Wildlife","floor":12,"turns":4},{"damage":26,"enemies":"Gremlin Nob","floor":13,"turns":4},{"damage":64,"enemies":"Slime Boss","floor":16,"turns":12}],"event_choices":[{"event_name":"Living Wall","player_choice":"Change","floor":5,"damage_taken":0},{"event_name":"Liars Game","player_choice":"agreed","floor":10,"damage_taken":0},{"event_name":"Accursed Blacksmith","player_choice":"Rummage","floor":14,"damage_taken":0}],"boss_relics":[],"potions_floor_spawned":[1,13],"seed_played":"352988066919870567","killed_by":"Slime Boss","is_trial":false}