{"gold_per_floor":[114,114,9,29,29,29,43,43,43,93,113,125,85],"floor_reached":13,"playtime":321,"items_purged":[],"score":139,"play_id":"0011a9fe-2363-4f72-9a35-9f3d929eeb4c","local_time":"20190202152708","is_ascension_mode":true,"campfire_choices":[{"data":"Dual Wield","floor":6,"key":"SMITH"},{"data":"Seeing Red","floor":8,"key":"SMITH"}],"neow_cost":"NONE","seed_source_timestamp":424173428586700,"circlet_count":0,"master_deck":["AscendersBane","Strike_R","Strike_R","Strike_R","Strike_R","Strike_R","Defend_R","Defend_R","Defend_R","Defend_R","Bash","Clothesline","Anger","Dual Wield+1","Seeing Red+1","Heavy Blade","Sword Boomerang"],"relics":["Eternal Feather","Du-Vu Doll"],"potions_floor_usage":[13],"damage_taken":[{"damage":12,"enemies":"Cultist","floor":1,"turns":4},{"damage":12,"enemies":"2 Louse","floor":4,"turns":3},{"damage":0,"enemies":"Small Slimes","floor":7,"turns":4},{"damage":21,"enemies":"Red Slaver","floor":11,"turns":4},{"damage":22,"enemies":"Gremlin Gang","floor":12,"turns":4},{"damage":9,"enemies":"Looter","floor":13,"turns":2}],"seed_played":"-956307318223586259","potions_obtained":[{"floor":4,"key":"SpeedPotion"},{"floor":11,"key":"Weak Potion"}],"is_trial":false,"path_per_floor":["M","$","$","M","?","R","M","R","T","?","M","M","M"],"character_chosen":"IRONCLAD","items_purchased":["PowerPotion","Anger"],"campfire_rested":0,"item_purchase_floors":[3,3],"current_hp_per_floor":[56,56,56,44,44,50,50,59,59,52,31,9,0],"gold":85,"neow_bonus":"BOSS_RELIC","is_prod":false,"is_daily":false,"chose_seed":false,"campfire_upgraded":2,"win_rate":0,"timestamp":1549117628,"path_taken":["M","?","$","M","?","R","M","R","T","?","M","M","M"],"build_version":"2019-01-23","purchased_purges":0,"victory":false,"max_hp_per_floor":[75,75,75,75,75,75,75,75,75,75,75,75,75],"card_choices":[{"not_picked":["Disarm","Pommel Strike"],"picked":"Clothesline","floor":1},{"not_picked":["Havoc","Twin Strike"],"picked":"Dual Wield","floor":4},{"not_picked":["Wild Strike","Corruption"],"picked":"Seeing Red","floor":7},{"not_picked":["Disarm","True Grit"],"picked":"Heavy Blade","floor":11},{"not_picked":["Reckless Charge","Seeing Red"],"picked":"Sword Boomerang","floor":12}],"player_experience":305675,"relics_obtained":[{"floor":9,"key":"Du-Vu Doll"}],"event_choices":[{"damage_healed":0,"gold_gain":0,"player_choice":"Leave","damage_taken":0,"max_hp_gain":0,"max_hp_loss":0,"event_name":"The Cleric","floor":5,"gold_loss":0},{"damage_healed":0,"gold_gain":50,"player_choice":"Touch","damage_taken":7,"max_hp_gain":0,"max_hp_loss":0,"event_name":"FaceTrader","floor":10,"gold_loss":0}],"is_beta":false,"boss_relics":[],"items_purged_floors":[],"is_endless":false,"potions_floor_spawned":[4,11],"killed_by":"Looter","ascension_level":17}