{"gold_per_floor":[109,125,125,144,144,144,179,194,218,233,0,0],"floor_reached":12,"playtime":471,"items_purged":["Strike_R"],"score":124,"play_id":"ae7d730b-43ae-4763-899c-8844353d682d","local_time":"20190205153341","is_ascension_mode":true,"campfire_choices":[{"data":"Sentinel","floor":6,"key":"SMITH"}],"neow_cost":"TEN_PERCENT_HP_LOSS","seed_source_timestamp":311151401446146,"circlet_count":0,"master_deck":["AscendersBane","Strike_R","Strike_R","Strike_R","Defend_R","Defend_R","Defend_R","Defend_R","Bash","Battle Trance","Sentinel+1","Sword Boomerang","Feel No Pain"],"relics":["Burning Blood","Unceasing Top","Blood Vial","Lantern","Membership Card"],"potions_floor_usage":[12,12],"damage_taken":[{"damage":15,"enemies":"Cultist","floor":1,"turns":5},{"damage":1,"enemies":"2 Louse","floor":2,"turns":3},{"damage":3,"enemies":"Small Slimes","floor":4,"turns":3},{"damage":49,"enemies":"3 Sentries","floor":7,"turns":14},{"damage":13,"enemies":"Blue Slaver","floor":8,"turns":4},{"damage":18,"enemies":"Red Slaver","floor":10,"turns":6},{"damage":27,"enemies":"Lagavulin","floor":12,"turns":8}],"seed_played":"-2999861859869374461","potions_obtained":[{"floor":2,"key":"BloodPotion"},{"floor":4,"key":"Energy Potion"}],"is_trial":false,"path_per_floor":["M","M","?","M","?","R","E","M","T","M","$","E"],"character_chosen":"IRONCLAD","items_purchased":["Membership Card"],"campfire_rested":0,"item_purchase_floors":[11],"current_hp_per_floor":[63,68,68,71,72,72,29,24,24,14,14,0],"gold":0,"neow_bonus":"ONE_RARE_RELIC","is_prod":false,"is_daily":false,"chose_seed":false,"campfire_upgraded":1,"win_rate":0,"timestamp":1549373621,"path_taken":["M","M","?","M","?","R","E","M","T","M","$","E"],"build_version":"2019-01-23","purchased_purges":1,"victory":false,"max_hp_per_floor":[72,72,72,72,72,72,72,72,72,72,72,72],"card_choices":[{"not_picked":["Cleave","Flex"],"picked":"Battle Trance","floor":1},{"not_picked":["Clash","Heavy Blade"],"picked":"Sentinel","floor":2},{"not_picked":["Entrench","Second Wind"],"picked":"Ghostly Armor","floor":4},{"not_picked":["Brutality","Clash"],"picked":"Sword Boomerang","floor":7},{"not_picked":["Heavy Blade","Cleave","Power Through"],"picked":"SKIP","floor":8},{"not_picked":["Cleave","Flex"],"picked":"Feel No Pain","floor":10}],"player_experience":169951,"relics_obtained":[{"floor":7,"key":"Blood Vial"},{"floor":9,"key":"Lantern"}],"event_choices":[{"cards_removed":["Strike_R"],"damage_healed":0,"gold_gain":0,"player_choice":"Forget","damage_taken":0,"max_hp_gain":0,"max_hp_loss":0,"event_name":"Living Wall","floor":3,"gold_loss":0},{"cards_removed":["Ghostly Armor"],"damage_healed":1,"gold_gain":0,"player_choice":"Offered Uncommon","damage_taken":0,"max_hp_gain":0,"max_hp_loss":0,"event_name":"Bonfire Elementals","floor":5,"gold_loss":0}],"is_beta":false,"boss_relics":[],"items_purged_floors":[11],"is_endless":false,"potions_floor_spawned":[2,4,10],"killed_by":"Lagavulin","ascension_level":11}