{"gold_per_floor":[110,122,122,397,413,413,445,459,459,459,469,192,192,219,219,219],"floor_reached":16,"playtime":495,"items_purged":["Regret"],"score":116,"play_id":"003cdeda-c1d4-4188-a064-0016c2ea02c5","local_time":"20190219170851","is_ascension_mode":true,"campfire_choices":[{"floor":6,"key":"RECALL"},{"floor":13,"key":"REST"},{"data":"Reaper","floor":15,"key":"SMITH"}],"neow_cost":"NONE","seed_source_timestamp":624246516124168,"circlet_count":0,"master_deck":["Strike_R","Strike_R","Strike_R","Strike_R","Defend_R","Defend_R","Defend_R","Defend_R","Bash","Inflame","Combust","Perfected Strike","Anger","Iron Wave","Perfected Strike","Reaper+1"],"relics":["Burning Blood","Mercury Hourglass","Meat on the Bone","Brimstone","Paper Frog"],"potions_floor_usage":[14,16],"damage_taken":[{"damage":1,"enemies":"Cultist","floor":1,"turns":3},{"damage":4,"enemies":"Jaw Worm","floor":2,"turns":5},{"damage":15,"enemies":"2 Louse","floor":5,"turns":4},{"damage":30,"enemies":"Lagavulin","floor":7,"turns":7},{"damage":33,"enemies":"Exordium Thugs","floor":8,"turns":4},{"damage":21,"enemies":"Lots of Slimes","floor":11,"turns":3},{"damage":12,"enemies":"Gremlin Nob","floor":14,"turns":3},{"damage":69,"enemies":"Hexaghost","floor":16,"turns":4}],"seed_played":"8545390420680061134","potions_obtained":[{"floor":2,"key":"Swift Potion"},{"floor":11,"key":"Strength Potion"}],"is_trial":false,"path_per_floor":["M","M","?","?","M","R","E","M","T","?","M","$","R","E","R","B"],"character_chosen":"IRONCLAD","items_purchased":["Brimstone"],"campfire_rested":1,"item_purchase_floors":[12],"current_hp_per_floor":[88,88,88,88,79,79,55,28,28,28,25,25,51,57,57,0],"gold":219,"neow_bonus":"TEN_PERCENT_HP_BONUS","is_prod":false,"is_daily":false,"chose_seed":false,"campfire_upgraded":1,"win_rate":0,"timestamp":1550567331,"path_taken":["M","M","?","?","M","R","E","?","T","?","M","$","R","E","R","BOSS"],"build_version":"2019-01-23","purchased_purges":1,"victory":false,"max_hp_per_floor":[88,88,88,88,88,88,88,88,88,88,88,88,88,88,88,88],"card_choices":[{"not_picked":["Havoc","Warcry"],"picked":"Inflame","floor":1},{"not_picked":["Body Slam","Sword Boomerang"],"picked":"Pommel Strike","floor":2},{"not_picked":["Headbutt","Rupture"],"picked":"Perfected Strike","floor":5},{"not_picked":["True Grit","Bloodletting"],"picked":"Anger","floor":7},{"not_picked":["Sword Boomerang","Anger"],"picked":"Iron Wave","floor":8},{"not_picked":["Rage","Flex"],"picked":"Perfected Strike","floor":11},{"not_picked":["Sword Boomerang","Infernal Blade"],"picked":"Reaper","floor":14}],"player_experience":117995,"relics_obtained":[{"floor":7,"key":"Mercury Hourglass"},{"floor":9,"key":"Meat on the Bone"},{"floor":14,"key":"Paper Frog"}],"event_choices":[{"damage_healed":0,"gold_gain":0,"cards_transformed":["Pommel Strike"],"player_choice":"Change","damage_taken":0,"max_hp_gain":0,"max_hp_loss":0,"event_name":"Living Wall","floor":3,"gold_loss":0,"cards_obtained":["Combust"]},{"damage_healed":0,"gold_gain":275,"player_choice":"Desecrate","damage_taken":0,"max_hp_gain":0,"max_hp_loss":0,"event_name":"Golden Shrine","floor":4,"gold_loss":0,"cards_obtained":["Regret"]},{"cards_removed":["Strike_R"],"damage_healed":0,"gold_gain":0,"player_choice":"Offered Basic","damage_taken":0,"max_hp_gain":0,"max_hp_loss":0,"event_name":"Bonfire Elementals","floor":10,"gold_loss":0}],"is_beta":false,"boss_relics":[],"items_purged_floors":[12],"is_endless":false,"potions_floor_spawned":[2,11],"killed_by":"Hexaghost","ascension_level":1}