{"gold_per_floor":[210,225,235,246,265,265,283,283,283,283,318,329,329,33,33,131,131,151,76,104,121,132,132,95,95,170,170,170,170,189,201,201,297,297,307,326,426,437,456,456,678,678,703,721,738,749,749,775,775,775],"floor_reached":51,"playtime":2995,"items_purged":[],"score":985,"play_id":"192f7ba5-e8ae-45ea-b534-a89000a23fb9","local_time":"20181109222657","is_ascension_mode":true,"campfire_choices":[{"floor":6,"key":"REST"},{"data":"Sunder","floor":8,"key":"SMITH"},{"data":"Go for the Eyes","floor":13,"key":"SMITH"},{"floor":15,"key":"REST"},{"floor":23,"key":"REST"},{"data":"Self Repair","floor":25,"key":"SMITH"},{"data":"Redo","floor":27,"key":"SMITH"},{"floor":32,"key":"REST"},{"data":"Blizzard","floor":40,"key":"SMITH"},{"data":"Seek","floor":42,"key":"SMITH"},{"data":"Streamline","floor":47,"key":"SMITH"},{"floor":49,"key":"REST"}],"neow_cost":"NONE","seed_source_timestamp":3022449407712667,"circlet_count":0,"master_deck":["AscendersBane","Zap","Dualcast","Go for the Eyes+1","Sunder+1","Steam","Genetic Algorithm","Capacitor","Self Repair+1","Conserve Battery","Machine Learning","Redo+1","Gash","Coolheaded","Loop","Gash","Streamline+1","Genetic Algorithm","Conserve Battery","Chill","FTL","Cold Snap","Blizzard+1","Leap","Seek+1","Cold Snap","White Noise+1","Undo","BootSequence"],"relics":["Cracked Core","Cables","Meat on the Bone","Bottled Flame","Calipers","Pandora\u0027s Box","Red Mask","Mercury Hourglass","Pocketwatch","Inserter","Thread and Needle","DataDisk","Bag of Preparation"],"potions_floor_usage":[16,31,33,50],"damage_taken":[{"damage":1,"enemies":"Cultist","floor":1,"turns":4},{"damage":5,"enemies":"2 Louse","floor":2,"turns":3},{"damage":7,"enemies":"Jaw Worm","floor":3,"turns":2},{"damage":11,"enemies":"Exordium Wildlife","floor":4,"turns":6},{"damage":11,"enemies":"Looter","floor":5,"turns":3},{"damage":2,"enemies":"Blue Slaver","floor":7,"turns":4},{"damage":29,"enemies":"Gremlin Nob","floor":11,"turns":4},{"damage":4,"enemies":"2 Fungi Beasts","floor":12,"turns":3},{"damage":45,"enemies":"Slime Boss","floor":16,"turns":15},{"damage":16,"enemies":"Shell Parasite","floor":18,"turns":6},{"damage":44,"enemies":"Masked Bandits","floor":20,"turns":5},{"damage":18,"enemies":"Spheric Guardian","floor":21,"turns":4},{"damage":16,"enemies":"Cultist and Chosen","floor":22,"turns":8},{"damage":15,"enemies":"Shelled Parasite and Fungi","floor":30,"turns":8},{"damage":12,"enemies":"Snake Plant","floor":31,"turns":5},{"damage":36,"enemies":"Champ","floor":33,"turns":14},{"damage":15,"enemies":"Orb Walker","floor":35,"turns":5},{"damage":0,"enemies":"3 Shapes","floor":36,"turns":6},{"damage":8,"enemies":"Mind Bloom Boss Battle","floor":37,"turns":8},{"damage":26,"enemies":"Sphere and 2 Shapes","floor":38,"turns":7},{"damage":11,"enemies":"Writhing Mass","floor":39,"turns":12},{"damage":0,"enemies":"Maw","floor":44,"turns":9},{"damage":0,"enemies":"Jaw Worm Horde","floor":45,"turns":6},{"damage":16,"enemies":"Transient","floor":46,"turns":5},{"damage":3,"enemies":"Time Eater","floor":50,"turns":13}],"seed_played":"3456006450495371963","potions_obtained":[{"floor":3,"key":"SteroidPotion"},{"floor":5,"key":"EssenceOfSteel"},{"floor":20,"key":"Swift Potion"},{"floor":22,"key":"Poison Potion"},{"floor":31,"key":"Strength Potion"},{"floor":33,"key":"Regen Potion"},{"floor":36,"key":"Energy Potion"},{"floor":37,"key":"FocusPotion"}],"is_trial":false,"path_per_floor":["M","M","M","M","M","R","M","R","T","?","E","M","R","$","R","B",null,"M","?","?","M","M","R","$","R","T","R","T","?","M","M","R","B",null,"M","M","?","M","M","R","?","R","T","M","M","M","R","T","R","B",null],"character_chosen":"DEFECT","items_purchased":["Calipers","Blizzard"],"campfire_rested":5,"item_purchase_floors":[14,24],"current_hp_per_floor":[67,62,55,44,33,55,53,53,53,50,33,48,48,48,70,44,67,58,58,33,34,37,59,59,59,59,59,59,59,54,52,74,48,68,63,73,75,59,58,58,58,58,58,68,75,59,59,59,75,72],"gold":775,"neow_bonus":"HUNDRED_GOLD","is_prod":false,"is_daily":false,"chose_seed":false,"campfire_upgraded":7,"win_rate":0,"timestamp":1541770017,"path_taken":["M","?","M","M","?","R","M","R","T","?","E","M","R","?","R","BOSS","M","?","?","M","M","R","?","R","T","R","?","?","M","M","R","BOSS","M","M","?","M","M","R","?","R","T","M","M","M","R","?","R","BOSS"],"build_version":"2018-11-08","purchased_purges":0,"victory":true,"max_hp_per_floor":[75,75,75,75,75,75,75,75,75,75,75,75,75,75,75,75,75,75,75,75,75,75,75,75,75,75,75,75,75,75,75,75,75,75,75,75,75,75,75,75,75,75,75,75,75,75,75,75,75,75],"card_choices":[{"not_picked":["Coolheaded","Force Field"],"picked":"Go for the Eyes","floor":1},{"not_picked":["Sweeping Beam","Conserve Battery"],"picked":"Sunder","floor":2},{"not_picked":["Beam Cell","Aggregate"],"picked":"Steam","floor":3},{"not_picked":["Gash","Capacitor"],"picked":"Genetic Algorithm","floor":4},{"not_picked":["Heatsinks","Chaos","Stack"],"picked":"SKIP","floor":5},{"not_picked":["Melter","Undo"],"picked":"Capacitor","floor":7},{"not_picked":["Reinforced Body","FTL"],"picked":"Self Repair","floor":11},{"not_picked":["Barrage","Compile Driver"],"picked":"Conserve Battery","floor":12},{"not_picked":["Hyperbeam","Amplify"],"picked":"Machine Learning","floor":16},{"not_picked":["Compile Driver","Streamline"],"picked":"Conserve Battery","floor":18},{"not_picked":["Rebound","Beam Cell"],"picked":"Chill","floor":20},{"not_picked":["Capacitor","Ball Lightning"],"picked":"FTL","floor":21},{"not_picked":["Go for the Eyes","Beam Cell+1"],"picked":"Cold Snap","floor":22},{"not_picked":["Turbo+1","Redo+1"],"picked":"Leap","floor":30},{"not_picked":["Streamline","Turbo","Skim+1"],"picked":"SKIP","floor":31},{"not_picked":["Biased Cognition","Electrodynamics"],"picked":"Seek","floor":33},{"not_picked":["Coolheaded","Beam Cell"],"picked":"Cold Snap","floor":35},{"not_picked":["Beam Cell","Rainbow","Steam Power+1"],"picked":"SKIP","floor":36},{"not_picked":["Melter+1","Gash+1","Steam+1"],"picked":"SKIP","floor":38},{"not_picked":["Undo+1","Double Energy"],"picked":"White Noise+1","floor":39},{"not_picked":["Go for the Eyes","Stack+1"],"picked":"Undo","floor":44},{"not_picked":["Chill+1","FTL"],"picked":"BootSequence","floor":45},{"not_picked":["Stack+1","Rebound+1","Beam Cell"],"picked":"SKIP","floor":46}],"player_experience":457777,"relics_obtained":[{"floor":9,"key":"Cables"},{"floor":11,"key":"Bottled Flame"},{"floor":20,"key":"Red Mask"},{"floor":26,"key":"Mercury Hourglass"},{"floor":28,"key":"Pocketwatch"},{"floor":37,"key":"Thread and Needle"},{"floor":43,"key":"DataDisk"},{"floor":48,"key":"Bag of Preparation"}],"event_choices":[{"damage_healed":0,"gold_gain":0,"player_choice":"Success","damage_taken":3,"relics_obtained":["Meat on the Bone"],"max_hp_gain":0,"max_hp_loss":0,"event_name":"Scrap Ooze","floor":10,"gold_loss":0},{"cards_removed":["Hello World"],"damage_healed":0,"gold_gain":0,"player_choice":"Gave Gold","damage_taken":0,"max_hp_gain":0,"max_hp_loss":0,"event_name":"Beggar","floor":19,"gold_loss":75},{"damage_healed":0,"gold_gain":0,"player_choice":"Fought Bandits","damage_taken":0,"max_hp_gain":0,"max_hp_loss":0,"event_name":"Masked Bandits","floor":20,"gold_loss":0},{"damage_healed":0,"gold_gain":0,"player_choice":"Ignored","damage_taken":0,"max_hp_gain":0,"max_hp_loss":0,"event_name":"Vampires","floor":29,"gold_loss":0},{"damage_healed":0,"gold_gain":0,"player_choice":"Fight","damage_taken":0,"max_hp_gain":0,"max_hp_loss":0,"event_name":"MindBloom","floor":37,"gold_loss":0},{"damage_healed":0,"gold_gain":222,"player_choice":"Wore Mask","damage_taken":0,"max_hp_gain":0,"max_hp_loss":0,"event_name":"Tomb of Lord Red Mask","floor":41,"gold_loss":0}],"is_beta":false,"boss_relics":[{"not_picked":["Tiny House","Velvet Choker"],"picked":"Pandora\u0027s Box"},{"not_picked":["Eternal Feather","White Beast Statue"],"picked":"Inserter"}],"items_purged_floors":[],"is_endless":false,"potions_floor_spawned":[3,5,11,20,22,31,33,36,37,39,46],"ascension_level":11}