{"gold_per_floor":[113,133,11,11,11,39,39,39,39,54,54,129,141,154,154,249,299,319,19,19,19,19,34,53,53,102,102,122,122,149,160,160,260,260,277,277,152,152,171,171,21,38,108,124,124,124,136,148,148,148],"floor_reached":50,"playtime":2377,"items_purged":["Defend_R","Defend_R","Writhe","Madness"],"score":537,"play_id":"5561d7fc-bd52-45bb-af0a-7138e914b11d","local_time":"20190215061852","is_ascension_mode":false,"campfire_choices":[{"floor":7.0,"key":"REST"},{"data":"Perfected Strike","floor":11.0,"key":"SMITH"},{"data":"Perfected Strike","floor":15.0,"key":"SMITH"},{"floor":25.0,"key":"REST"},{"floor":29,"key":"REST"},{"floor":32,"key":"REST"},{"floor":40,"key":"DIG"},{"floor":49,"key":"REST"}],"neow_cost":"NONE","seed_source_timestamp":0,"circlet_count":0,"master_deck":["Strike_R","Strike_R","Strike_R","Strike_R","Strike_R","Bash","Perfected Strike+1","Shrug It Off+1","Perfected Strike+1","Pommel Strike","Offering","Headbutt","Perfected Strike","Master of Strategy","Battle Trance","Perfected Strike+1","Limit Break","Twin Strike","Pommel Strike+1","Cleave+1"],"special_seed":0,"relics":["Burning Blood","Darkstone Periapt","Meat on the Bone","Ginger","Tiny House","StoneCalendar","Boot","Matryoshka","Snecko Eye","Shovel","Bottled Flame","Strawberry","Toxic Egg 2"],"potions_floor_usage":[31,33,33,42,50,50],"damage_taken":[{"damage":6.0,"enemies":"2 Louse","floor":1.0,"turns":4.0},{"damage":3.0,"enemies":"Jaw Worm","floor":2.0,"turns":4.0},{"damage":39.0,"enemies":"Lagavulin","floor":6.0,"turns":7.0},{"damage":2.0,"enemies":"Small Slimes","floor":10.0,"turns":3.0},{"damage":13.0,"enemies":"Red Slaver","floor":13.0,"turns":3.0},{"damage":9.0,"enemies":"3 Louse","floor":14.0,"turns":3.0},{"damage":51.0,"enemies":"Hexaghost","floor":16.0,"turns":8.0},{"damage":6.0,"enemies":"Spheric Guardian","floor":18.0,"turns":2.0},{"damage":36.0,"enemies":"2 Thieves","floor":23.0,"turns":3.0},{"damage":16.0,"enemies":"Chosen and Byrds","floor":24.0,"turns":4.0},{"damage":28,"enemies":"Sentry and Sphere","floor":28,"turns":4},{"damage":69,"enemies":"Gremlin Leader","floor":30,"turns":5},{"damage":7,"enemies":"Centurion and Healer","floor":31,"turns":3},{"damage":71,"enemies":"Collector","floor":33,"turns":9},{"damage":6,"enemies":"3 Shapes","floor":35,"turns":2},{"damage":0,"enemies":"Orb Walker","floor":39,"turns":1},{"damage":6,"enemies":"Sphere and 2 Shapes","floor":42,"turns":2},{"damage":20,"enemies":"Jaw Worm Horde","floor":44,"turns":3},{"damage":22,"enemies":"Maw","floor":47,"turns":5},{"damage":24,"enemies":"Sphere and 2 Shapes","floor":48,"turns":3},{"damage":110,"enemies":"Donu and Deca","floor":50,"turns":4}],"seed_played":"-6101605227389796636","potions_obtained":[{"floor":10.0,"key":"AttackPotion"},{"floor":13.0,"key":"GamblersBrew"},{"floor":14.0,"key":"Fire Potion"},{"floor":17.0,"key":"Block Potion"},{"floor":24.0,"key":"Strength Potion"},{"floor":30,"key":"EssenceOfSteel"},{"floor":33,"key":"Poison Potion"},{"floor":35,"key":"Fire Potion"},{"floor":39,"key":"PowerPotion"}],"is_trial":false,"path_per_floor":["M","M","$","?","T","E","R","$","T","M","R","?","M","M","R","B",null,"M","$","?","$","?","M","M","R","T","?","M","R","E","M","R","B",null,"M","?","$","?","M","R","$","M","T","M","?","?","M","M","R","B"],"character_chosen":"IRONCLAD","items_purchased":["Perfected Strike","Perfected Strike","Master of Strategy"],"campfire_rested":5,"item_purchase_floors":[3,19,19],"current_hp_per_floor":[88,88,88,88,88,55,81,81,81,85,85,77,70,67,67,34,93,93,93,93,93,99,69,59,88,88,72,62,91,40,51,80,27,99,99,87,87,87,93,93,93,93,100,86,86,86,70,64,95,0],"gold":148,"neow_bonus":"TEN_PERCENT_HP_BONUS","is_prod":false,"is_daily":false,"chose_seed":false,"campfire_upgraded":2,"win_rate":0.0,"timestamp":1550179132,"path_taken":["M","M","$","?","?","E","R","?","T","M","R","?","M","?","R","BOSS","M","$","?","$","?","M","M","R","T","?","M","R","E","M","R","BOSS","M","?","?","?","M","R","$","?","T","M","?","?","M","?","R","BOSS"],"build_version":"2019-01-23","purchased_purges":4,"victory":false,"max_hp_per_floor":[88,88,88,88,88,88,88,88,88,88,88,88,88,88,88,88,93,93,93,93,93,99,99,99,99,99,99,99,99,99,99,99,99,99,99,99,99,99,99,99,99,99,106,106,106,106,106,106,106,106],"card_choices":[{"not_picked":["Clash","Sever Soul"],"picked":"Perfected Strike","floor":1.0},{"not_picked":["Armaments","Anger"],"picked":"Shrug It Off","floor":2.0},{"not_picked":["Flex","Clothesline"],"picked":"Evolve","floor":6.0},{"not_picked":["Disarm","Sever Soul","Second Wind"],"picked":"SKIP","floor":10.0},{"not_picked":["Reaper","Spot Weakness","Anger"],"picked":"SKIP","floor":13.0},{"not_picked":["Havoc","Headbutt"],"picked":"Pommel Strike","floor":14.0},{"not_picked":["Juggernaut","Exhume"],"picked":"Offering","floor":16.0},{"not_picked":["Inflame","Sword Boomerang"],"picked":"Headbutt","floor":18.0},{"not_picked":["Seeing Red","Uppercut","True Grit"],"picked":"SKIP","floor":23.0},{"not_picked":["Disarm","Evolve+1","Blood for Blood"],"picked":"SKIP","floor":24.0},{"not_picked":["Sword Boomerang+1","Flex"],"picked":"Battle Trance","floor":28},{"not_picked":["Disarm","Exhume","Body Slam"],"picked":"SKIP","floor":30},{"not_picked":["Flex","Twin Strike"],"picked":"Perfected Strike+1","floor":31},{"not_picked":["Juggernaut","Barricade"],"picked":"Limit Break","floor":33},{"not_picked":["Hemokinesis","Sword Boomerang+1"],"picked":"Twin Strike","floor":35},{"not_picked":["Wild Strike","Anger"],"picked":"Pommel Strike+1","floor":39},{"not_picked":["Fire Breathing+1","Shrug It Off","Clothesline"],"picked":"SKIP","floor":42},{"not_picked":["Evolve+1","Intimidate+1","Flex+1"],"picked":"SKIP","floor":44},{"not_picked":["Heavy Blade+1","Searing Blow","Body Slam"],"picked":"SKIP","floor":47},{"not_picked":["Battle Trance+1","Flame Barrier+1"],"picked":"Cleave+1","floor":48}],"player_experience":28860,"relics_obtained":[{"floor":5.0,"key":"Darkstone Periapt"},{"floor":6.0,"key":"Meat on the Bone"},{"floor":9.0,"key":"Ginger"},{"floor":26.0,"key":"Boot"},{"floor":30,"key":"Matryoshka"},{"floor":40,"key":"Bottled Flame"},{"floor":43,"key":"Strawberry"},{"floor":43,"key":"Toxic Egg 2"}],"event_choices":[{"cards_removed":["Defend_R"],"damage_healed":0.0,"max_hp_gain":0.0,"max_hp_loss":0.0,"gold_gain":0.0,"event_name":"Living Wall","player_choice":"Forget","floor":4.0,"gold_loss":0.0,"damage_taken":0.0},{"damage_healed":0.0,"max_hp_gain":0.0,"max_hp_loss":0.0,"gold_gain":75.0,"event_name":"FaceTrader","player_choice":"Touch","floor":12.0,"gold_loss":0.0,"damage_taken":8.0},{"cards_removed":["Defend_R"],"damage_healed":0.0,"max_hp_gain":0.0,"max_hp_loss":0.0,"gold_gain":0.0,"event_name":"Back to Basics","player_choice":"Elegance","floor":20.0,"gold_loss":0.0,"damage_taken":0.0},{"damage_healed":0.0,"max_hp_gain":0.0,"max_hp_loss":0.0,"gold_gain":0.0,"event_name":"The Mausoleum","player_choice":"Opened","floor":22.0,"gold_loss":0.0,"damage_taken":0.0,"relics_obtained":["StoneCalendar"],"cards_obtained":["Writhe"]},{"damage_healed":0.0,"max_hp_gain":0.0,"max_hp_loss":0.0,"gold_gain":0.0,"event_name":"Cursed Tome","player_choice":"Obtained Book","floor":27.0,"gold_loss":0.0,"damage_taken":16.0},{"damage_healed":0,"gold_gain":0,"player_choice":"Embrace Madness","damage_taken":12,"max_hp_gain":0,"max_hp_loss":0,"event_name":"Winding Halls","floor":36,"gold_loss":0,"cards_obtained":["Madness","Madness"]},{"cards_removed":["Madness"],"damage_healed":0,"gold_gain":0,"player_choice":"Gave Card","damage_taken":0,"relics_obtained":["Shovel"],"max_hp_gain":0,"max_hp_loss":0,"event_name":"WeMeetAgain","floor":38,"gold_loss":0},{"cards_removed":["Evolve"],"damage_healed":0,"gold_gain":0,"player_choice":"Removed Power","damage_taken":0,"max_hp_gain":0,"max_hp_loss":0,"event_name":"Falling","floor":45,"gold_loss":0},{"damage_healed":0,"gold_gain":0,"player_choice":"0 cards matched","damage_taken":0,"max_hp_gain":0,"max_hp_loss":0,"event_name":"Match and Keep!","floor":46,"gold_loss":0,"cards_obtained":[]}],"is_beta":false,"boss_relics":[{"not_picked":["Mark of Pain","Black Blood"],"picked":"Tiny House"},{"not_picked":["Philosopher\u0027s Stone","White Beast Statue"],"picked":"Snecko Eye"}],"items_purged_floors":[3,19,37,41],"is_endless":false,"potions_floor_spawned":[10,13,14,24,30,33,35,39],"killed_by":"Donu and Deca","ascension_level":0}