{"gold_per_floor":[409,409,24,37,212,245,264,278,278,7,20,20,20,36,36,136,136,155,65,84,84,84],"floor_reached":22,"playtime":1456,"items_purged":["Regret"],"score":205,"play_id":"41033ec2-adba-4e53-935a-08431e3635d7","local_time":"20181017193938","is_ascension_mode":true,"campfire_choices":[{"floor":12,"key":"REST"},{"floor":15,"key":"REST"}],"neow_cost":"PERCENT_DAMAGE","seed_source_timestamp":1026746725753626,"circlet_count":0,"master_deck":["Zap","Dualcast","Ball Lightning","Doubt","Defragment","Redo","Loop","Buffer","Leap","Conserve Battery","Glacier","Echo Form","Beam Cell","Leap","Coolheaded","Force Field","Reinforced Body","Beam Cell","Turbo","Coolheaded+1","Coolheaded+1","BootSequence"],"relics":["Cracked Core","Old Coin","Strawberry","Thread and Needle","Bottled Flame","Matryoshka","Anchor","Pandora\u0027s Box","Bag of Marbles"],"potions_floor_usage":[11,22],"damage_taken":[{"damage":7,"enemies":"Small Slimes","floor":1,"turns":3},{"damage":0,"enemies":"2 Louse","floor":4,"turns":2},{"damage":27,"enemies":"Lagavulin","floor":6,"turns":6},{"damage":0,"enemies":"Cultist","floor":7,"turns":2},{"damage":3,"enemies":"Lots of Slimes","floor":8,"turns":3},{"damage":7,"enemies":"Exordium Thugs","floor":11,"turns":3},{"damage":0,"enemies":"3 Louse","floor":14,"turns":3},{"damage":40,"enemies":"Hexaghost","floor":16,"turns":14},{"damage":24,"enemies":"3 Byrds","floor":18,"turns":7},{"damage":15,"enemies":"2 Thieves","floor":19,"turns":5},{"damage":0,"enemies":"Snecko","floor":20,"turns":7},{"damage":57,"enemies":"Centurion and Healer","floor":22,"turns":19}],"seed_played":"-8902894331590186478","potions_obtained":[{"floor":4,"key":"FairyPotion"},{"floor":7,"key":"GamblersBrew"},{"floor":8,"key":"Explosive Potion"},{"floor":16,"key":"Regen Potion"}],"is_trial":false,"path_per_floor":["M","?","$","M","?","E","M","M","T","$","M","R","$","M","R","B",null,"M","M","M","?"],"character_chosen":"DEFECT","items_purchased":["Thread and Needle","Anchor","Buffer","Leap"],"campfire_rested":2,"item_purchase_floors":[3,10,10,10],"current_hp_per_floor":[47,54,54,54,54,27,27,24,24,24,17,41,41,41,65,25,82,58,43,43,43,0],"gold":84,"neow_bonus":"ONE_RARE_RELIC","is_prod":false,"is_daily":false,"chose_seed":false,"campfire_upgraded":0,"win_rate":0,"timestamp":1539772778,"path_taken":["M","?","$","M","?","E","M","M","T","$","?","R","?","M","R","BOSS","M","?","M","?","?"],"build_version":"2018-10-11","purchased_purges":1,"victory":false,"max_hp_per_floor":[75,82,82,82,82,82,82,82,82,82,82,82,82,82,82,82,82,82,82,82,82,82],"card_choices":[{"not_picked":["Beam Cell","Fusion","Streamline"],"picked":"SKIP","floor":1},{"not_picked":["Chaos","Tempest"],"picked":"Ball Lightning","floor":4},{"not_picked":["Go for the Eyes","Doom and Gloom"],"picked":"Defragment","floor":6},{"not_picked":["Beam Cell","Scrape"],"picked":"Redo","floor":7},{"not_picked":["Compile Driver","Ball Lightning"],"picked":"Loop","floor":8},{"not_picked":["Doom and Gloom","Recycle"],"picked":"Conserve Battery","floor":11},{"not_picked":["FTL","Leap"],"picked":"Glacier","floor":14},{"not_picked":["Electrodynamics","Hyperbeam"],"picked":"Echo Form","floor":16},{"not_picked":["Steam","Redo"],"picked":"Coolheaded+1","floor":18},{"not_picked":["Sweeping Beam+1","Hologram"],"picked":"Coolheaded+1","floor":19},{"not_picked":["Conserve Battery","Rebound+1"],"picked":"BootSequence","floor":20}],"player_experience":169350,"relics_obtained":[{"floor":6,"key":"Bottled Flame"},{"floor":9,"key":"Matryoshka"}],"event_choices":[{"event_name":"Big Fish","player_choice":"Box","floor":2,"damage_taken":0},{"event_name":"Liars Game","player_choice":"agreed","floor":5,"damage_taken":0},{"event_name":"WeMeetAgain","player_choice":"Card","floor":21,"damage_taken":0}],"is_beta":false,"boss_relics":[{"not_picked":["Nuclear Battery","FrozenCore"],"picked":"Pandora\u0027s Box"}],"items_purged_floors":[3],"is_endless":false,"potions_floor_spawned":[4,7,8,16,18],"killed_by":"Centurion and Healer","ascension_level":2}