{"path_per_floor":["M","?","?","M","?","R","E","R","T","M","$","?","M","M","R","B",null,"M","M","?","$","?","M","R","E","T","M","?","R","M","M","R"],"character_chosen":"THE_SILENT","items_purchased":["Caltrops","Meat on the Bone"],"gold_per_floor":[110,110,110,133,208,208,247,247,270,289,256,324,348,366,366,487,487,511,527,527,212,137,152,152,193,193,209,209,209,224,248,248],"floor_reached":33,"campfire_rested":3,"playtime":2672,"current_hp_per_floor":[70,70,70,70,59,59,59,59,59,59,59,59,59,39,60,27,70,55,55,55,55,55,44,65,56,56,45,45,66,51,51,51],"items_purged":["Writhe"],"gold":248,"score":292,"play_id":"ee2de7bc-39a1-4fdb-b2bf-81620ab6397b","is_prod":false,"is_daily":false,"is_ascension_mode":false,"campfire_upgraded":3,"path_taken":["M","?","?","?","?","R","E","R","T","M","$","?","M","?","R","BOSS","M","M","?","$","?","?","R","E","T","M","?","R","M","M","R","BOSS"],"build_version":"2018-02-12-PROD1","purchased_purges":1,"victory":false,"master_deck":["Defend_G","Defend_G","Defend_G","Defend_G","Strike_G","Strike_G","Strike_G","Strike_G","Strike_G","Survivor","Neutralize","Bouncing Flask+1","Choke","Quick Slash","Dagger Spray+1","Deadly Poison","Caltrops","Outmaneuver","Catalyst","Die Die Die","Poisoned Stab+1","Bane","Sucker Punch+1","Predator","Sucker Punch+1","Malaise+1","Catalyst","Blur"],"max_hp_per_floor":[70,70,70,70,70,70,70,70,70,70,70,70,70,70,70,70,70,70,70,70,70,70,70,70,70,70,70,70,70,70,70,70],"relics":["Ring of the Snake","NeowsBlessing","Golden Idol","Orichalcum","Bronze Scales","Question Card","Thread and Needle","Meat on the Bone","Peace Pipe","Happy Flower"],"card_choices":[{"not_picked":["Masterful Stab","Sucker Punch"],"picked":"Bouncing Flask"},{"not_picked":["Skewer","Reflex"],"picked":"Quick Slash"},{"not_picked":["Quick Slash","After Image"],"picked":"Dagger Spray"},{"not_picked":["Dagger Spray","Outmaneuver"],"picked":"Deadly Poison"},{"not_picked":["Escape Plan","Heel Hook"],"picked":"Outmaneuver"},{"not_picked":["Venomology","Prepared"],"picked":"Catalyst"},{"not_picked":["A Thousand Cuts","Doppelganger"],"picked":"Die Die Die"},{"not_picked":["Quick Slash","Underhanded Strike","Dodge and Roll"],"picked":"Poisoned Stab"},{"not_picked":["Leg Sweep","Grand Finale","Skewer"],"picked":"Bane"},{"not_picked":["Slice","PiercingWail","Acrobatics"],"picked":"Sucker Punch"},{"not_picked":["Sucker Punch","All Out Attack","Slice"],"picked":"Predator"},{"not_picked":["Corpse Explosion","Slice","Choke"],"picked":"Sucker Punch"},{"not_picked":["Setup","Calculated Gamble","Blur"],"picked":"Catalyst"},{"not_picked":["Bane","All Out Attack","Dagger Throw"],"picked":"Blur"}],"player_experience":183088,"potions_floor_usage":[16,25,31,33,33],"damage_taken":[{"damage":0,"enemies":"Small Slimes","floor":1,"turns":1},{"damage":0,"enemies":"Jaw Worm","floor":4,"turns":1},{"damage":0,"enemies":"Gremlin Nob","floor":7,"turns":1},{"damage":0,"enemies":"Cultist","floor":10,"turns":2},{"damage":0,"enemies":"Large Slime","floor":13,"turns":4},{"damage":20,"enemies":"Gremlin Gang","floor":14,"turns":5},{"damage":33,"enemies":"Slime Boss","floor":16,"turns":9},{"damage":15,"enemies":"2 Thieves","floor":18,"turns":2},{"damage":0,"enemies":"Spheric Guardian","floor":19,"turns":3},{"damage":11,"enemies":"Snecko","floor":23,"turns":4},{"damage":9,"enemies":"Book of Stabbing","floor":25,"turns":5},{"damage":11,"enemies":"Cultist and Chosen","floor":27,"turns":6},{"damage":15,"enemies":"Sentry and Sphere","floor":30,"turns":6},{"damage":9,"enemies":"Snake Plant","floor":31,"turns":3},{"damage":66,"enemies":"Automaton","floor":33,"turns":8}],"event_choices":[{"event_name":"Golden Idol","player_choice":"Take Wound","floor":2,"damage_taken":0},{"event_name":"Transmorgrifier","player_choice":"Transform","floor":3,"damage_taken":0},{"event_name":"World of Goop","player_choice":"Gather Gold","floor":5,"damage_taken":0},{"event_name":"Golden Wing","player_choice":"Gained Gold","floor":12,"damage_taken":0},{"event_name":"The Mausoleum","player_choice":"Yes","floor":20,"damage_taken":0},{"event_name":"Beggar","player_choice":"Gave Gold","floor":22,"damage_taken":0},{"event_name":"The Library","player_choice":"Read","floor":28,"damage_taken":0}],"boss_relics":[{"not_picked":["Philosopher\u0027s Stone","Velvet Choker"],"picked":"Question Card"}],"potions_floor_spawned":[1,10,13,14,18,19,30],"seed_played":"8749561913430658337","killed_by":"Automaton","ascension_level":0,"is_trial":false}