{"gold_per_floor":[118,118,143,68,68,68,81,81,81,97,124,144,144,174,174,270,270,270,270,270,195,195,195,95,95],"floor_reached":25,"playtime":1515,"items_purged":["Strike_R","Strike_R"],"score":228,"play_id":"e5b555df-0167-4153-85f4-0c03d18a186e","local_time":"20190217161345","is_ascension_mode":true,"campfire_choices":[{"data":"Evolve","floor":6,"key":"SMITH"},{"floor":13,"key":"REST"},{"floor":15,"key":"REST"},{"floor":23,"key":"REST"}],"neow_cost":"NONE","seed_source_timestamp":283332239406046,"circlet_count":0,"master_deck":["Strike_R","Strike_R","Defend_R","Defend_R","Defend_R","Defend_R","Bash","Evolve+1","Pommel Strike","Heavy Blade","Barricade"],"relics":["Burning Blood","Happy Flower","Kunai","PreservedInsect","Pocketwatch","Ectoplasm","Vajra"],"potions_floor_usage":[16,16],"damage_taken":[{"damage":1,"enemies":"Cultist","floor":1,"turns":3},{"damage":7,"enemies":"Jaw Worm","floor":7,"turns":5},{"damage":2,"enemies":"Small Slimes","floor":10,"turns":4},{"damage":53,"enemies":"Lagavulin","floor":11,"turns":9},{"damage":14,"enemies":"Blue Slaver","floor":12,"turns":6},{"damage":25,"enemies":"3 Sentries","floor":14,"turns":8},{"damage":53,"enemies":"Slime Boss","floor":16,"turns":14},{"damage":43,"enemies":"Spheric Guardian","floor":18,"turns":9},{"damage":51,"enemies":"3 Byrds","floor":19,"turns":10},{"damage":40,"enemies":"Snake Plant","floor":25,"turns":6}],"seed_played":"1080823519564456243","potions_obtained":[{"floor":7,"key":"LiquidBronze"},{"floor":10,"key":"Strength Potion"},{"floor":16,"key":"Poison Potion"},{"floor":19,"key":"Fire Potion"}],"is_trial":false,"path_per_floor":["M","?","T","$","?","R","M","$","T","M","E","M","R","E","R","B",null,"M","M","?","?","T","R","$","M"],"character_chosen":"IRONCLAD","items_purchased":[],"campfire_rested":3,"item_purchase_floors":[],"current_hp_per_floor":[88,88,88,88,93,93,92,92,92,93,46,38,65,46,73,26,93,56,11,11,11,11,38,38,0],"gold":95,"neow_bonus":"TEN_PERCENT_HP_BONUS","is_prod":false,"is_daily":false,"chose_seed":false,"campfire_upgraded":1,"win_rate":0,"timestamp":1550387625,"path_taken":["M","?","?","$","?","R","M","?","T","?","E","M","R","E","R","BOSS","M","M","?","?","?","R","$","M"],"build_version":"2019-01-23","purchased_purges":2,"victory":false,"max_hp_per_floor":[88,88,88,88,93,93,93,93,93,93,93,93,93,93,93,93,93,93,93,93,93,93,93,93,93],"card_choices":[{"not_picked":["Anger","Second Wind"],"picked":"Evolve","floor":1},{"not_picked":["Sword Boomerang","Wild Strike"],"picked":"Pommel Strike","floor":7},{"not_picked":["Corruption","Rupture","Armaments"],"picked":"SKIP","floor":10},{"not_picked":["Armaments","Uppercut"],"picked":"Heavy Blade","floor":11},{"not_picked":["Blood for Blood","Heavy Blade","Combust"],"picked":"SKIP","floor":12},{"not_picked":["Armaments","Exhume","Perfected Strike"],"picked":"SKIP","floor":14},{"not_picked":["Feed","Exhume"],"picked":"Barricade","floor":16},{"not_picked":["Wild Strike","Cleave","Warcry"],"picked":"SKIP","floor":18},{"not_picked":["Clothesline","Second Wind","Twin Strike"],"picked":"SKIP","floor":19}],"player_experience":90776,"relics_obtained":[{"floor":3,"key":"Happy Flower"},{"floor":9,"key":"Kunai"},{"floor":11,"key":"PreservedInsect"},{"floor":14,"key":"Pocketwatch"},{"floor":22,"key":"Vajra"}],"event_choices":[{"damage_healed":0,"gold_gain":0,"player_choice":"Ignored","damage_taken":0,"max_hp_gain":0,"max_hp_loss":0,"event_name":"Liars Game","floor":2,"gold_loss":0},{"damage_healed":0,"gold_gain":0,"player_choice":"Donut","damage_taken":0,"max_hp_gain":5,"max_hp_loss":0,"event_name":"Big Fish","floor":5,"gold_loss":0},{"damage_healed":0,"gold_gain":0,"player_choice":"Ignored","damage_taken":0,"max_hp_gain":0,"max_hp_loss":0,"event_name":"Ghosts","floor":20,"gold_loss":0},{"cards_removed":["Strike_R"],"damage_healed":0,"gold_gain":0,"player_choice":"Gave Gold","damage_taken":0,"max_hp_gain":0,"max_hp_loss":0,"event_name":"Beggar","floor":21,"gold_loss":75}],"is_beta":false,"boss_relics":[{"not_picked":["Runic Cube","Philosopher\u0027s Stone"],"picked":"Ectoplasm"}],"items_purged_floors":[4,24],"is_endless":false,"potions_floor_spawned":[7,10,16,19],"killed_by":"Snake Plant","ascension_level":2}