{"gold_per_floor":[163,173,173,173,63,90,90,101,101,120,133,153,173,173,173,271,271,282,301,301,301,318,318,346,346,424,9,9,9,9],"floor_reached":30,"playtime":4654,"items_purged":[],"score":250,"play_id":"64ab8a17-d20e-4d6e-9c43-8f59061cc489","local_time":"20190201103524","is_ascension_mode":false,"campfire_choices":[{"data":"Gash","floor":7,"key":"SMITH"},{"data":"Glacier","floor":15,"key":"SMITH"},{"data":"Echo Form","floor":23,"key":"SMITH"},{"floor":25,"key":"REST"},{"floor":29,"key":"REST"}],"neow_cost":"NONE","seed_source_timestamp":210040419076445,"circlet_count":0,"master_deck":["Strike_B","Strike_B+1","Strike_B","Strike_B","Defend_B","Defend_B","Defend_B","Defend_B","Zap","Dualcast","Hologram","Gash+1","Cold Snap","Capacitor","Aggregate","Glacier+1","Leap","Seek","Recycle","Stack","Redo","Echo Form+1","Heatsinks","Compile Driver+1","Undo+1","Steam","Glacier","Lockon"],"relics":["Tiny House","Mercury Hourglass","Pantograph","Centennial Puzzle","Black Star","GremlinMask","Question Card","Ice Cream","Shuriken","Bird Faced Urn"],"potions_floor_usage":[16,16,16,16,16,24],"damage_taken":[{"damage":1,"enemies":"Cultist","floor":1,"turns":4},{"damage":3,"enemies":"2 Louse","floor":2,"turns":2},{"damage":20,"enemies":"3 Sentries","floor":6,"turns":8},{"damage":1,"enemies":"Jaw Worm","floor":8,"turns":4},{"damage":2,"enemies":"Exordium Wildlife","floor":10,"turns":4},{"damage":0,"enemies":"Blue Slaver","floor":11,"turns":6},{"damage":0,"enemies":"2 Fungi Beasts","floor":12,"turns":3},{"damage":0,"enemies":"Red Slaver","floor":13,"turns":5},{"damage":62,"enemies":"Hexaghost","floor":16,"turns":18},{"damage":16,"enemies":"Spheric Guardian","floor":18,"turns":6},{"damage":1,"enemies":"Chosen","floor":19,"turns":9},{"damage":8,"enemies":"Shelled Parasite and Fungi","floor":22,"turns":9},{"damage":48,"enemies":"Book of Stabbing","floor":24,"turns":11},{"damage":62,"enemies":"3 Cultists","floor":30,"turns":6}],"seed_played":"-6812354067453087028","potions_obtained":[{"floor":0,"key":"EntropicBrew"},{"floor":1,"key":"Weak Potion"},{"floor":2,"key":"SpeedPotion"},{"floor":19,"key":"Ancient Potion"}],"is_trial":false,"path_per_floor":["?","?","$","M","?","?","?","M","$"],"character_chosen":"DEFECT","items_purchased":["Capacitor","Aggregate","Glacier","Bird Faced Urn","Lockon"],"campfire_rested":2,"item_purchase_floors":[5,5,27,27,27],"current_hp_per_floor":[79,76,69,69,69,49,49,48,48,46,46,46,46,46,46,9,80,64,63,63,63,55,55,7,31,31,31,31,55,0],"gold":9,"neow_bonus":"BOSS_RELIC","is_prod":false,"is_daily":false,"chose_seed":false,"campfire_upgraded":3,"win_rate":0.0,"timestamp":1548992124,"path_taken":["M","M","?","?","?","E","R","M","T","M","M","M","?","?","R","BOSS","M","M","?","?","?","R","E","R","T","?","$","R","M"],"build_version":"2019-01-23","purchased_purges":0,"victory":false,"max_hp_per_floor":[80,80,80,80,80,80,80,80,80,80,80,80,80,80,80,80,80,80,80,80,80,80,80,80,80,80,80,80,80,80],"card_choices":[{"not_picked":["Doom and Gloom","Reprogram"],"picked":"Hologram","floor":0},{"not_picked":["Conserve Battery","Scrape"],"picked":"Gash","floor":1},{"not_picked":["Rip and Tear","Gash"],"picked":"Cold Snap","floor":2},{"not_picked":["Streamline","Steam"],"picked":"Glacier","floor":6},{"not_picked":["Turbo","Barrage"],"picked":"Leap","floor":8},{"not_picked":["Sweeping Beam","Stack"],"picked":"Seek","floor":10},{"not_picked":["Compile Driver","Genetic Algorithm"],"picked":"Recycle","floor":11},{"not_picked":["Darkness","Ball Lightning"],"picked":"Stack","floor":12},{"not_picked":["Hologram","Double Energy"],"picked":"Redo","floor":13},{"not_picked":["Multi-Cast","Buffer"],"picked":"Echo Form","floor":16},{"not_picked":["Turbo","Coolheaded"],"picked":"Heatsinks","floor":18},{"not_picked":["Coolheaded+1","Ball Lightning"],"picked":"Compile Driver+1","floor":19},{"not_picked":["Steam","Doom and Gloom"],"picked":"Undo+1","floor":22},{"not_picked":["Cold Snap","Doom and Gloom"],"picked":"Steam","floor":24}],"player_experience":47180,"relics_obtained":[{"floor":6,"key":"Pantograph"},{"floor":9,"key":"Centennial Puzzle"},{"floor":24,"key":"Question Card"},{"floor":24,"key":"Ice Cream"},{"floor":26,"key":"Shuriken"}],"event_choices":[{"damage_healed":0,"gold_gain":0,"player_choice":"Success","damage_taken":7,"relics_obtained":["Mercury Hourglass"],"max_hp_gain":0,"max_hp_loss":0,"event_name":"Scrap Ooze","floor":3,"gold_loss":0},{"damage_healed":0,"gold_gain":0,"player_choice":"Ignored","damage_taken":0,"max_hp_gain":0,"max_hp_loss":0,"event_name":"Golden Wing","floor":4,"gold_loss":0},{"damage_healed":0,"gold_gain":0,"player_choice":"Ignored","damage_taken":0,"max_hp_gain":0,"max_hp_loss":0,"event_name":"Liars Game","floor":14,"gold_loss":0},{"damage_healed":0,"gold_gain":0,"player_choice":"Ignored","damage_taken":0,"max_hp_gain":0,"max_hp_loss":0,"event_name":"Beggar","floor":20,"gold_loss":0},{"damage_healed":0,"gold_gain":0,"player_choice":"Trade","damage_taken":0,"relics_obtained":["GremlinMask"],"max_hp_gain":0,"max_hp_loss":0,"event_name":"FaceTrader","floor":21,"gold_loss":0}],"is_beta":false,"boss_relics":[{"not_picked":["Orrery","Coffee Dripper"],"picked":"Black Star"}],"items_purged_floors":[],"is_endless":false,"potions_floor_spawned":[1,2,13,19],"killed_by":"3 Cultists","ascension_level":0}