{"gold_per_floor":[112,126,51,16,30,62,62,62,62,62,62,82,120,134,134,134],"floor_reached":16,"playtime":453,"items_purged":["Pain"],"score":300,"play_id":"c900bb59-9dfe-4d2b-9b80-e8cd63213427","local_time":"20190212140612","is_ascension_mode":true,"campfire_choices":[{"floor":15,"key":"REST"}],"neow_cost":"CURSE","seed_source_timestamp":0,"circlet_count":0,"master_deck":["AscendersBane","Strike_R","Strike_R","Strike_R","Strike_R","Strike_R","Defend_R+1","Defend_R","Defend_R+1","Defend_R","Bash","Pommel Strike","Dropkick","Thunderclap","Fiend Fire"],"special_seed":0,"relics":["Burning Blood","Ginger","Gremlin Horn","Golden Idol","Pocketwatch","Odd Mushroom"],"potions_floor_usage":[6,13],"damage_taken":[{"damage":23,"enemies":"Small Slimes","floor":1,"turns":4},{"damage":13,"enemies":"2 Louse","floor":2,"turns":3},{"damage":6,"enemies":"Cultist","floor":5,"turns":3},{"damage":8,"enemies":"Gremlin Nob","floor":6,"turns":3},{"damage":6,"enemies":"2 Fungi Beasts","floor":12,"turns":2},{"damage":18,"enemies":"The Mushroom Lair","floor":13,"turns":4},{"damage":0,"enemies":"Large Slime","floor":14,"turns":3},{"damage":66,"enemies":"Slime Boss","floor":16,"turns":5}],"seed_played":"7709867530870381165","potions_obtained":[{"floor":1,"key":"Poison Potion"},{"floor":6,"key":"AttackPotion"}],"is_trial":false,"path_per_floor":["M","M","$","?","M","E","?","?","T","?","$","M","?","M","R","B"],"character_chosen":"IRONCLAD","items_purchased":[],"campfire_rested":1,"item_purchase_floors":[],"current_hp_per_floor":[51,44,44,62,62,60,60,65,65,43,43,43,31,37,58,0],"gold":134,"neow_bonus":"ONE_RARE_RELIC","is_prod":false,"is_daily":false,"chose_seed":false,"campfire_upgraded":0,"win_rate":0,"timestamp":1549976772,"path_taken":["M","M","$","?","M","E","?","?","T","?","?","?","?","M","R","BOSS"],"build_version":"2019-01-23","purchased_purges":1,"victory":false,"max_hp_per_floor":[75,75,75,75,75,75,68,73,73,73,73,73,73,73,73,73],"card_choices":[{"not_picked":["Pummel","Clash"],"picked":"Pommel Strike","floor":1},{"not_picked":["Iron Wave","True Grit"],"picked":"Dropkick","floor":2},{"not_picked":["Searing Blow","Power Through"],"picked":"Thunderclap","floor":5},{"not_picked":["Body Slam","Twin Strike","Heavy Blade"],"picked":"SKIP","floor":6},{"not_picked":["Perfected Strike","Ghostly Armor","Whirlwind"],"picked":"SKIP","floor":12},{"not_picked":["Uppercut","Battle Trance"],"picked":"Fiend Fire","floor":13},{"not_picked":["Wild Strike","Warcry","Anger"],"picked":"SKIP","floor":14}],"player_experience":373578,"relics_obtained":[{"floor":6,"key":"Gremlin Horn"},{"floor":9,"key":"Pocketwatch"},{"floor":13,"key":"Odd Mushroom"}],"event_choices":[{"damage_healed":18,"gold_gain":0,"player_choice":"Healed","damage_taken":0,"max_hp_gain":0,"max_hp_loss":0,"event_name":"The Cleric","floor":4,"gold_loss":35},{"damage_healed":0,"gold_gain":0,"player_choice":"Lose Max HP","damage_taken":0,"relics_obtained":["Golden Idol"],"max_hp_gain":0,"max_hp_loss":7,"event_name":"Golden Idol","floor":7,"gold_loss":0},{"damage_healed":0,"gold_gain":0,"player_choice":"Donut","damage_taken":0,"max_hp_gain":5,"max_hp_loss":0,"event_name":"Big Fish","floor":8,"gold_loss":0},{"damage_healed":0,"gold_gain":0,"player_choice":"Entered Light","damage_taken":22,"max_hp_gain":0,"max_hp_loss":0,"event_name":"Shining Light","floor":10,"gold_loss":0,"cards_upgraded":["Defend_R","Defend_R"]},{"damage_healed":0,"gold_gain":0,"player_choice":"Fought Mushrooms","damage_taken":0,"max_hp_gain":0,"max_hp_loss":0,"event_name":"Mushrooms","floor":13,"gold_loss":0}],"is_beta":false,"boss_relics":[],"items_purged_floors":[3],"is_endless":false,"potions_floor_spawned":[1,6],"killed_by":"Slime Boss","ascension_level":20}