{"path_per_floor":["M","M","?","?","M","R","M","R","T","M","R","M","$","M","R"],"character_chosen":"IRONCLAD","items_purchased":["Shovel","Dropkick"],"gold_per_floor":[368,387,387,387,408,408,433,433,460,474,474,490,42,65,65,65],"floor_reached":16,"campfire_rested":2,"playtime":425,"current_hp_per_floor":[39,44,44,37,31,31,37,59,59,58,74,72,72,62,62,0],"items_purged":["Defend_R"],"gold":65,"score":141,"play_id":"2068164d-2488-4dad-b924-46ba556be8d3","local_time":"20180522003307","is_prod":false,"is_daily":false,"chose_seed":false,"is_ascension_mode":true,"campfire_upgraded":1,"timestamp":1526941987,"campfire_choices":[{"data":"Shockwave","floor":6,"key":"SMITH"},{"floor":8,"key":"REST"},{"floor":11,"key":"REST"},{"floor":15,"key":"DIG"}],"path_taken":["M","M","?","?","M","R","M","R","T","M","R","M","$","M","R","BOSS"],"build_version":"2018-05-17","seed_source_timestamp":184594017897548,"purchased_purges":1,"victory":false,"master_deck":["Strike_R","Strike_R","Strike_R","Strike_R","Strike_R","Defend_R+1","Defend_R","Defend_R+1","Bash","AscendersBane","Shockwave+1","Dropkick","Whirlwind"],"max_hp_per_floor":[80,80,74,74,74,74,74,74,74,74,74,74,74,74,74,74],"relics":["Burning Blood","Golden Idol","Potion Belt","War Paint","Shovel","Bottled Lightning"],"card_choices":[{"not_picked":["Second Wind","Armaments","Perfected Strike"],"picked":"SKIP","floor":1},{"not_picked":["Ghostly Armor","Second Wind","Entrench"],"picked":"SKIP","floor":2},{"not_picked":["Anger","Iron Wave"],"picked":"Shockwave","floor":5},{"not_picked":["Iron Wave","Wild Strike","True Grit"],"picked":"SKIP","floor":7},{"not_picked":["Clash","Anger","Clothesline"],"picked":"SKIP","floor":10},{"not_picked":["Iron Wave","Fire Breathing","Uppercut"],"picked":"SKIP","floor":12},{"not_picked":["Searing Blow","Thunderclap"],"picked":"Whirlwind","floor":14}],"player_experience":171882,"potions_floor_usage":[7,16],"damage_taken":[{"damage":3,"enemies":"Small Slimes","floor":1,"turns":3},{"damage":1,"enemies":"2 Louse","floor":2,"turns":4},{"damage":12,"enemies":"Jaw Worm","floor":5,"turns":3},{"damage":0,"enemies":"2 Fungi Beasts","floor":7,"turns":2},{"damage":7,"enemies":"3 Louse","floor":10,"turns":4},{"damage":8,"enemies":"Looter","floor":12,"turns":3},{"damage":16,"enemies":"2 Fungi Beasts","floor":14,"turns":3},{"damage":62,"enemies":"Hexaghost","floor":16,"turns":9}],"relics_obtained":[{"floor":9,"key":"War Paint"},{"floor":15,"key":"Bottled Lightning"}],"event_choices":[{"event_name":"Golden Idol","player_choice":"Lose Max HP","floor":3,"damage_taken":0},{"event_name":"Scrap Ooze","player_choice":"success","floor":4,"damage_taken":7}],"boss_relics":[],"potions_floor_spawned":[1,7,12,14],"seed_played":"871334837290673041","killed_by":"Hexaghost","ascension_level":10,"potions_obtained":[{"floor":1,"key":"Fire Potion"},{"floor":7,"key":"SteroidPotion"},{"floor":12,"key":"Explosive Potion"},{"floor":14,"key":"FearPotion"}],"is_trial":false}