{"path_per_floor":["M","?","M","?","$","R","?","M","T","R","M","E","$","M","R"],"character_chosen":"IRONCLAD","items_purchased":["Flex","Pommel Strike"],"gold_per_floor":[119,294,309,309,211,211,211,226,306,306,330,361,207,222,222,222],"floor_reached":16,"campfire_rested":2,"playtime":492,"current_hp_per_floor":[68,68,65,45,45,45,45,51,51,75,70,19,19,7,31,0],"items_purged":["Doubt","Strike_R"],"gold":222,"score":140,"play_id":"63ed1eea-03e5-453f-936c-634559bc0bc5","local_time":"20180519214744","is_prod":false,"is_daily":false,"chose_seed":false,"is_ascension_mode":true,"campfire_upgraded":1,"timestamp":1526759264,"campfire_choices":[{"data":"Flex","floor":6,"key":"SMITH"},{"floor":10,"key":"REST"},{"floor":15,"key":"REST"}],"path_taken":["M","?","M","?","$","R","?","M","T","R","M","E","$","?","R","BOSS"],"build_version":"2018-05-17","seed_source_timestamp":1798409472740,"purchased_purges":2,"victory":false,"master_deck":["Strike_R","Strike_R","Strike_R","Strike_R","Defend_R","Defend_R","Defend_R","Bash","Flex+1","Pommel Strike","Pummel"],"max_hp_per_floor":[80,80,80,80,80,80,80,80,80,80,80,80,80,80,80,80],"relics":["Burning Blood","Golden Idol","Bottled Lightning","Torii"],"card_choices":[{"not_picked":["Headbutt","Rage","Power Through"],"picked":"SKIP","floor":1},{"not_picked":["True Grit","Pummel","Clash"],"picked":"SKIP","floor":3},{"not_picked":["Warcry","Twin Strike","Armaments"],"picked":"SKIP","floor":8},{"not_picked":["Wild Strike","Blood for Blood","Corruption"],"picked":"SKIP","floor":11},{"not_picked":["Heavy Blade","Dark Embrace","Seeing Red"],"picked":"SKIP","floor":12},{"not_picked":["Heavy Blade","Sword Boomerang"],"picked":"Pummel","floor":14}],"player_experience":117075,"potions_floor_usage":[16,16],"damage_taken":[{"damage":10,"enemies":"Small Slimes","floor":1,"turns":3},{"damage":9,"enemies":"2 Louse","floor":3,"turns":4},{"damage":0,"enemies":"Cultist","floor":8,"turns":2},{"damage":11,"enemies":"Blue Slaver","floor":11,"turns":3},{"damage":57,"enemies":"3 Sentries","floor":12,"turns":10},{"damage":18,"enemies":"Large Slime","floor":14,"turns":4},{"damage":39,"enemies":"Hexaghost","floor":16,"turns":8}],"relics_obtained":[{"floor":9,"key":"Bottled Lightning"},{"floor":12,"key":"Torii"}],"event_choices":[{"event_name":"Liars Game","player_choice":"agreed","floor":2,"damage_taken":0},{"event_name":"Golden Idol","player_choice":"Take Damage","floor":4,"damage_taken":0},{"event_name":"Living Wall","player_choice":"Forget","floor":7,"damage_taken":0}],"boss_relics":[],"potions_floor_spawned":[12,14],"seed_played":"7707371020821518479","killed_by":"Hexaghost","ascension_level":8,"potions_obtained":[{"floor":12,"key":"BloodPotion"},{"floor":14,"key":"Block Potion"}],"is_trial":false}