{"gold_per_floor":[10,10,25,100,120,152,170,200,200,200],"floor_reached":10,"playtime":575,"items_purged":[],"score":94,"play_id":"5e877cae-22f6-4dc8-84a6-90d528b6b771","local_time":"20190112235330","is_ascension_mode":true,"campfire_choices":[],"neow_cost":"NO_GOLD","seed_source_timestamp":416651738314336,"circlet_count":0,"master_deck":["Strike_R","Strike_R","Strike_R","Strike_R","Defend_R","Defend_R","Defend_R","Defend_R","Bash","Shrug It Off","Pommel Strike","Feel No Pain","Flame Barrier","Shrug It Off","Entrench"],"relics":["Burning Blood","Mango","Frozen Egg 2","Letter Opener","Paper Frog"],"potions_floor_usage":[7,8,8],"damage_taken":[{"damage":7,"enemies":"Jaw Worm","floor":1,"turns":3},{"damage":6,"enemies":"Small Slimes","floor":3,"turns":5},{"damage":1,"enemies":"Cultist","floor":5,"turns":3},{"damage":33,"enemies":"3 Sentries","floor":6,"turns":13},{"damage":22,"enemies":"Lots of Slimes","floor":7,"turns":6},{"damage":35,"enemies":"Lagavulin","floor":8,"turns":15},{"damage":26,"enemies":"Gremlin Nob","floor":10,"turns":3}],"seed_played":"3331581516214344339","potions_obtained":[{"floor":1,"key":"Ancient Potion"},{"floor":5,"key":"SkillPotion"},{"floor":7,"key":"Dexterity Potion"}],"is_trial":false,"path_per_floor":["M","?","M","?","M","E","M","E","T","E"],"character_chosen":"IRONCLAD","items_purchased":[],"campfire_rested":0,"item_purchase_floors":[],"current_hp_per_floor":[93,86,86,75,80,53,37,8,8,0],"gold":200,"neow_bonus":"ONE_RARE_RELIC","is_prod":false,"is_daily":false,"chose_seed":false,"campfire_upgraded":0,"win_rate":0,"timestamp":1547330010,"path_taken":["M","?","M","?","M","E","M","E","T","E"],"build_version":"2019-01-10","purchased_purges":0,"victory":false,"max_hp_per_floor":[94,94,94,94,94,94,94,94,94,94],"card_choices":[{"not_picked":["Reckless Charge","Clothesline"],"picked":"Shrug It Off","floor":1},{"not_picked":["Combust","Seeing Red"],"picked":"Pommel Strike","floor":3},{"not_picked":["Twin Strike","Cleave"],"picked":"Feel No Pain","floor":5},{"not_picked":["Shrug It Off","Perfected Strike"],"picked":"Flame Barrier","floor":6},{"not_picked":["Headbutt","Infernal Blade"],"picked":"Shrug It Off","floor":7},{"not_picked":["Pummel","Pommel Strike"],"picked":"Entrench","floor":8}],"player_experience":100850,"relics_obtained":[{"floor":6,"key":"Frozen Egg 2"},{"floor":8,"key":"Letter Opener"},{"floor":9,"key":"Paper Frog"}],"event_choices":[{"cards_removed":["Strike_R"],"damage_healed":0,"gold_gain":0,"player_choice":"Card Removal","damage_taken":7,"max_hp_gain":0,"max_hp_loss":0,"event_name":"Golden Wing","floor":2,"gold_loss":0},{"damage_healed":0,"gold_gain":75,"player_choice":"Gather Gold","damage_taken":11,"max_hp_gain":0,"max_hp_loss":0,"event_name":"World of Goop","floor":4,"gold_loss":0}],"is_beta":false,"boss_relics":[],"items_purged_floors":[],"is_endless":false,"potions_floor_spawned":[1,5,7],"killed_by":"Gremlin Nob","ascension_level":4}