{"gold_per_floor":[116,41,141,156,106,106,136,136,162,162,162,177,212,228,228,326,326,342,55,55,71,71,71,71,96,96,96,96,96],"floor_reached":29,"playtime":1530,"items_purged":["Strike_R","Strike_R"],"score":272,"play_id":"14220902-1cc0-4fbd-9529-111c3b065683","local_time":"20190216210749","is_ascension_mode":false,"campfire_choices":[{"data":"Shrug It Off","floor":6,"key":"SMITH"},{"data":"Pommel Strike","floor":8,"key":"SMITH"},{"data":"Bash","floor":11,"key":"SMITH"},{"data":"Demon Form","floor":15,"key":"SMITH"},{"data":"True Grit","floor":23,"key":"SMITH"},{"floor":27,"key":"REST"}],"neow_cost":"NONE","seed_source_timestamp":214558824320338,"circlet_count":0,"master_deck":["Strike_R","Strike_R","Defend_R","Defend_R","Defend_R","Defend_R","Bash+1","Pommel Strike+1","Shrug It Off+1","Twin Strike+1","Demon Form+1","Reaper","Shrug It Off","Apotheosis","Heavy Blade","True Grit+1"],"relics":["Black Blood","NeowsBlessing","Ornamental Fan","Juzu Bracelet","Potion Belt","MutagenicStrength","Frozen Egg 2","Incense Burner"],"potions_floor_usage":[16,25,25],"damage_taken":[{"damage":0,"enemies":"Small Slimes","floor":1,"turns":1},{"damage":0,"enemies":"Cultist","floor":4,"turns":1},{"damage":0,"enemies":"Lagavulin","floor":7,"turns":1},{"damage":0,"enemies":"2 Louse","floor":12,"turns":2},{"damage":24,"enemies":"3 Sentries","floor":13,"turns":9},{"damage":0,"enemies":"Large Slime","floor":14,"turns":5},{"damage":23,"enemies":"The Guardian","floor":16,"turns":8},{"damage":10,"enemies":"Chosen","floor":18,"turns":4},{"damage":62,"enemies":"3 Byrds","floor":21,"turns":10},{"damage":65,"enemies":"Gremlin Leader","floor":25,"turns":8},{"damage":43,"enemies":"Slavers","floor":29,"turns":3}],"seed_played":"-8470987236057362860","potions_obtained":[{"floor":4,"key":"FairyPotion"},{"floor":12,"key":"GamblersBrew"},{"floor":13,"key":"Block Potion"},{"floor":21,"key":"AttackPotion"},{"floor":25,"key":"Swift Potion"}],"is_trial":false,"path_per_floor":["M","$","?","M","?","R","E","R","T","?","R","M","E","M","R","B",null,"M","$","?","M","?","R","$","E","T","R","?","E"],"character_chosen":"IRONCLAD","items_purchased":["Apotheosis"],"campfire_rested":1,"item_purchase_floors":[19],"current_hp_per_floor":[80,80,80,80,80,80,80,80,80,80,80,80,62,68,68,51,80,80,80,80,50,50,50,50,18,18,42,42,0],"gold":96,"neow_bonus":"THREE_ENEMY_KILL","is_prod":false,"is_daily":false,"chose_seed":false,"campfire_upgraded":5,"win_rate":0,"timestamp":1550318869,"path_taken":["M","$","?","?","?","R","E","R","T","?","R","M","E","M","R","BOSS","M","$","?","M","?","R","$","E","T","R","?","E"],"build_version":"2019-01-23","purchased_purges":2,"victory":false,"max_hp_per_floor":[80,80,80,80,80,80,80,80,80,80,80,80,80,80,80,80,80,80,80,80,80,80,80,80,80,80,80,80,80],"card_choices":[{"not_picked":["Havoc","Reckless Charge"],"picked":"Pommel Strike","floor":1},{"not_picked":["Blood for Blood","Twin Strike"],"picked":"Shrug It Off","floor":4},{"not_picked":["Juggernaut","Dark Embrace"],"picked":"Twin Strike","floor":7},{"not_picked":["Armaments","Clash","Infernal Blade"],"picked":"SKIP","floor":12},{"not_picked":["Perfected Strike","Pommel Strike"],"picked":"Demon Form","floor":13},{"not_picked":["Wild Strike","Flex","Anger"],"picked":"SKIP","floor":14},{"not_picked":["Juggernaut","Impervious"],"picked":"Reaper","floor":16},{"not_picked":["True Grit","Spot Weakness"],"picked":"Shrug It Off","floor":18},{"not_picked":["Iron Wave","Thunderclap"],"picked":"True Grit","floor":21},{"not_picked":["Armaments+1","Wild Strike","Bloodletting+1"],"picked":"SKIP","floor":25}],"player_experience":61799,"relics_obtained":[{"floor":7,"key":"Ornamental Fan"},{"floor":9,"key":"Juzu Bracelet"},{"floor":13,"key":"Potion Belt"},{"floor":25,"key":"Frozen Egg 2"},{"floor":26,"key":"Incense Burner"}],"event_choices":[{"damage_healed":0,"gold_gain":100,"player_choice":"Pray","damage_taken":0,"max_hp_gain":0,"max_hp_loss":0,"event_name":"Golden Shrine","floor":3,"gold_loss":0},{"cards_removed":["Strike_R"],"damage_healed":0,"gold_gain":0,"player_choice":"Card Removal","damage_taken":0,"max_hp_gain":0,"max_hp_loss":0,"event_name":"The Cleric","floor":5,"gold_loss":50},{"damage_healed":0,"gold_gain":0,"player_choice":"Forge","damage_taken":0,"max_hp_gain":0,"max_hp_loss":0,"event_name":"Accursed Blacksmith","floor":10,"gold_loss":0,"cards_upgraded":["Twin Strike"]},{"damage_healed":0,"gold_gain":0,"player_choice":"Read","damage_taken":0,"max_hp_gain":0,"max_hp_loss":0,"event_name":"The Library","floor":20,"gold_loss":0,"cards_obtained":["Heavy Blade"]},{"damage_healed":0,"gold_gain":0,"player_choice":"Inject Mutagens","damage_taken":0,"relics_obtained":["MutagenicStrength"],"max_hp_gain":0,"max_hp_loss":0,"event_name":"Drug Dealer","floor":22,"gold_loss":0},{"damage_healed":0,"gold_gain":0,"player_choice":"Ignored","damage_taken":0,"max_hp_gain":0,"max_hp_loss":0,"event_name":"Ghosts","floor":28,"gold_loss":0}],"is_beta":false,"boss_relics":[{"not_picked":["Fusion Hammer","Runic Cube"],"picked":"Black Blood"}],"items_purged_floors":[2,19],"is_endless":false,"potions_floor_spawned":[4,12,13,21,25],"killed_by":"Slavers","ascension_level":0}