{"gold_per_floor":[115,133,57,132,132,132,165,179,205,205,225,259,259,288,288,366,366,383,433,96,107,127,153,153,153],"floor_reached":25,"playtime":1238,"items_purged":[],"score":528,"play_id":"35d329f9-bda3-4565-82f3-9eae4f2b2383","local_time":"20190210205020","is_ascension_mode":true,"campfire_choices":[{"data":"Feel No Pain","floor":6,"key":"SMITH"},{"data":"Uppercut","floor":15,"key":"SMITH"},{"floor":24,"key":"REST"}],"neow_cost":"NONE","seed_source_timestamp":350855286342000,"circlet_count":0,"master_deck":["AscendersBane","Strike_R","Strike_R","Strike_R","Strike_R","Strike_R","Defend_R","Defend_R","Defend_R","Defend_R","Bash","Flame Barrier","Burning Pact","Feel No Pain+1","Headbutt","True Grit","Infernal Blade","Uppercut+1","Offering+1","Barricade","Clothesline","Headbutt","Havoc+1","Iron Wave","Armaments+1"],"relics":["Burning Blood","NeowsBlessing","Lantern","Potion Belt","Prayer Wheel","Toxic Egg 2","Gremlin Horn","Paper Frog","Fusion Hammer","Matryoshka","Molten Egg 2"],"potions_floor_usage":[12,16,16,23,23,25],"damage_taken":[{"damage":0,"enemies":"Small Slimes","floor":1,"turns":1},{"damage":0,"enemies":"Jaw Worm","floor":2,"turns":1},{"damage":0,"enemies":"Lagavulin","floor":7,"turns":2},{"damage":6,"enemies":"Cultist","floor":8,"turns":3},{"damage":12,"enemies":"2 Fungi Beasts","floor":11,"turns":5},{"damage":26,"enemies":"Gremlin Nob","floor":12,"turns":4},{"damage":6,"enemies":"3 Sentries","floor":14,"turns":14},{"damage":36,"enemies":"Slime Boss","floor":16,"turns":10},{"damage":6,"enemies":"2 Thieves","floor":18,"turns":4},{"damage":6,"enemies":"Spheric Guardian","floor":21,"turns":3},{"damage":25,"enemies":"Centurion and Healer","floor":22,"turns":4},{"damage":40,"enemies":"Slavers","floor":23,"turns":6},{"damage":38,"enemies":"Gremlin Leader","floor":25,"turns":6}],"seed_played":"2309858223731196563","potions_obtained":[{"floor":1,"key":"Regen Potion"},{"floor":5,"key":"EntropicBrew"},{"floor":12,"key":"GamblersBrew"},{"floor":21,"key":"Explosive Potion"}],"is_trial":false,"path_per_floor":["M","M","$","?","?","R","E","M","T","?","M","E","?","E","R","B",null,"M","?","$","M","M","E","R","E"],"character_chosen":"IRONCLAD","items_purchased":["Feel No Pain","Matryoshka","Havoc+1"],"campfire_rested":1,"item_purchase_floors":[3,20,20],"current_hp_per_floor":[74,75,75,64,64,64,70,70,70,70,64,56,45,45,45,15,60,60,60,60,60,41,7,29,0],"gold":153,"neow_bonus":"THREE_ENEMY_KILL","is_prod":false,"is_daily":false,"chose_seed":false,"campfire_upgraded":2,"win_rate":0,"timestamp":1549828220,"path_taken":["M","M","$","?","?","R","E","?","T","?","?","E","?","E","R","BOSS","M","?","?","M","M","E","R","E"],"build_version":"2019-01-23","purchased_purges":0,"victory":false,"max_hp_per_floor":[75,75,75,75,75,75,75,75,75,75,75,75,75,75,75,75,75,75,75,75,75,75,75,75,75],"card_choices":[{"not_picked":["Evolve","Anger"],"picked":"Flame Barrier","floor":1},{"not_picked":["Flex","Body Slam"],"picked":"Burning Pact","floor":2},{"not_picked":["Rage","Evolve"],"picked":"Headbutt","floor":7},{"not_picked":["Cleave","Thunderclap"],"picked":"True Grit","floor":8},{"not_picked":["Thunderclap","True Grit"],"picked":"Infernal Blade","floor":11},{"not_picked":["Burning Pact","Intimidate"],"picked":"Uppercut","floor":11},{"not_picked":["Thunderclap","Sentinel"],"picked":"Offering","floor":12},{"not_picked":["Rampage","Body Slam","Thunderclap"],"picked":"SKIP","floor":14},{"not_picked":["Exhume+1","Immolate"],"picked":"Barricade","floor":16},{"not_picked":["Heavy Blade","Rupture"],"picked":"Clothesline","floor":18},{"not_picked":["Sword Boomerang","Iron Wave"],"picked":"Headbutt","floor":18},{"not_picked":["Heavy Blade","Pummel+1","Thunderclap"],"picked":"SKIP","floor":21},{"not_picked":["Wild Strike","Barricade","Anger"],"picked":"SKIP","floor":21},{"not_picked":["Feel No Pain","Warcry+1"],"picked":"Iron Wave","floor":22},{"not_picked":["Pummel","Flex+1","Heavy Blade+1"],"picked":"SKIP","floor":22},{"not_picked":["Pummel","Heavy Blade"],"picked":"Armaments+1","floor":23}],"player_experience":355529,"relics_obtained":[{"floor":7,"key":"Lantern"},{"floor":9,"key":"Potion Belt"},{"floor":10,"key":"Prayer Wheel"},{"floor":12,"key":"Toxic Egg 2"},{"floor":14,"key":"Paper Frog"},{"floor":23,"key":"Molten Egg 2"}],"event_choices":[{"damage_healed":0,"gold_gain":75,"player_choice":"Gather Gold","damage_taken":11,"max_hp_gain":0,"max_hp_loss":0,"event_name":"World of Goop","floor":4,"gold_loss":0},{"damage_healed":0,"gold_gain":0,"player_choice":"Got Potions","damage_taken":0,"max_hp_gain":0,"max_hp_loss":0,"event_name":"Lab","floor":5,"gold_loss":0},{"damage_healed":0,"gold_gain":0,"player_choice":"Relic","damage_taken":0,"max_hp_gain":0,"max_hp_loss":0,"event_name":"Wheel of Change","floor":10,"gold_loss":0},{"damage_healed":0,"gold_gain":0,"player_choice":"Success","damage_taken":11,"relics_obtained":["Gremlin Horn"],"max_hp_gain":0,"max_hp_loss":0,"event_name":"Scrap Ooze","floor":13,"gold_loss":0},{"damage_healed":0,"gold_gain":50,"player_choice":"Pray","damage_taken":0,"max_hp_gain":0,"max_hp_loss":0,"event_name":"Golden Shrine","floor":19,"gold_loss":0}],"is_beta":false,"boss_relics":[{"not_picked":["Mark of Pain","Runic Pyramid"],"picked":"Fusion Hammer"}],"items_purged_floors":[],"is_endless":false,"potions_floor_spawned":[1,7,12,21],"killed_by":"Gremlin Leader","ascension_level":20}