{"gold_per_floor":[109,119,119,83,83,116,116,135,203,203,238,255,290,290,290,290],"floor_reached":16,"playtime":1180,"items_purged":[],"score":124,"play_id":"dd73a3c1-c7e8-43fe-bb36-f7f944d914c5","local_time":"20181024143519","is_ascension_mode":true,"campfire_choices":[{"floor":7,"key":"REST"},{"floor":10,"key":"REST"},{"floor":15,"key":"REST"}],"neow_cost":"NONE","seed_source_timestamp":145912845830827,"circlet_count":0,"master_deck":["Defend_G","Defend_G","Defend_G","Defend_G","Strike_G","Strike_G","Strike_G","Strike_G","Strike_G","Survivor","Neutralize","Tools of the Trade","Dagger Spray","Leg Sweep","Noxious Fumes","Quick Slash","Underhanded Strike","Catalyst","Backstab"],"relics":["Ring of the Snake","CultistMask","Snake Skull","Kunai","Singing Bowl","Juzu Bracelet"],"potions_floor_usage":[6,11,13,16],"damage_taken":[{"damage":6,"enemies":"2 Louse","floor":1,"turns":4},{"damage":0,"enemies":"Cultist","floor":2,"turns":4},{"damage":42,"enemies":"3 Sentries","floor":6,"turns":7},{"damage":8,"enemies":"Small Slimes","floor":8,"turns":3},{"damage":8,"enemies":"Lagavulin","floor":11,"turns":7},{"damage":3,"enemies":"Blue Slaver","floor":12,"turns":5},{"damage":30,"enemies":"3 Sentries","floor":13,"turns":6},{"damage":39,"enemies":"Slime Boss","floor":16,"turns":8}],"seed_played":"8619994028996426834","potions_obtained":[{"floor":2,"key":"Strength Potion"},{"floor":8,"key":"GhostInAJar"},{"floor":11,"key":"FearPotion"},{"floor":13,"key":"AttackPotion"}],"is_trial":false,"path_per_floor":["M","M","?","$","?","E","R","M","T","R","E","M","E","?","R"],"character_chosen":"THE_SILENT","items_purchased":["Noxious Fumes"],"campfire_rested":3,"item_purchase_floors":[4],"current_hp_per_floor":[64,64,64,64,64,22,43,35,35,56,48,45,17,17,38,0],"gold":290,"neow_bonus":"TRANSFORM_CARD","is_prod":false,"is_daily":false,"chose_seed":false,"campfire_upgraded":0,"win_rate":0,"timestamp":1540416919,"path_taken":["M","M","?","$","?","E","R","M","T","R","E","M","E","?","R","BOSS"],"build_version":"2018-10-18","purchased_purges":0,"victory":false,"max_hp_per_floor":[70,70,70,70,70,70,70,70,70,70,70,70,72,72,72,72],"card_choices":[{"not_picked":["Slice","Backflip"],"picked":"Dagger Spray","floor":1},{"not_picked":["Infinite Blades","PiercingWail"],"picked":"Leg Sweep","floor":2},{"not_picked":["PiercingWail","Sucker Punch"],"picked":"Quick Slash","floor":6},{"not_picked":["Bane","Acrobatics"],"picked":"Underhanded Strike","floor":8},{"not_picked":["Glass Knife","Well Laid Plans"],"picked":"Catalyst","floor":11},{"not_picked":["Cloak And Dagger","Deflect"],"picked":"Backstab","floor":12},{"not_picked":["PiercingWail","Burst","Backflip"],"picked":"Singing Bowl","floor":13}],"player_experience":325437,"relics_obtained":[{"floor":6,"key":"Snake Skull"},{"floor":9,"key":"Kunai"},{"floor":11,"key":"Singing Bowl"},{"floor":13,"key":"Juzu Bracelet"}],"event_choices":[{"damage_healed":0,"gold_gain":0,"player_choice":"Trade","damage_taken":0,"relics_obtained":["CultistMask"],"max_hp_gain":0,"max_hp_loss":0,"event_name":"FaceTrader","floor":3,"gold_loss":0},{"damage_healed":0,"gold_gain":0,"player_choice":"Leave","damage_taken":0,"max_hp_gain":0,"max_hp_loss":0,"event_name":"The Cleric","floor":5,"gold_loss":0},{"damage_healed":0,"gold_gain":0,"player_choice":"Searched \u00270\u0027 times","damage_taken":0,"max_hp_gain":0,"max_hp_loss":0,"event_name":"Dead Adventurer","floor":14,"gold_loss":0}],"is_beta":false,"boss_relics":[],"items_purged_floors":[],"is_endless":false,"potions_floor_spawned":[2,8,11,13],"killed_by":"Slime Boss","ascension_level":1}