{"gold_per_floor":[110,129,36,53,70,70,81,99,99,128,128,128,143,161,161,263,263,278,35,50,50,63,63,95,95,119,119,150,168,168,184,184,286,286,299,209,222,96,111,111,121,121,167,167,32,32,32,44,44,44],"floor_reached":50,"playtime":23008,"items_purged":["Eviscerate"],"score":511,"play_id":"37eb5c9c-5848-42dc-b687-328756232fd3","local_time":"20190214000326","is_ascension_mode":false,"campfire_choices":[{"data":"Dagger Spray","floor":6.0,"key":"SMITH"},{"data":"Leg Sweep","floor":12.0,"key":"SMITH"},{"data":"Catalyst","floor":15.0,"key":"SMITH"},{"floor":23.0,"key":"REST"},{"data":"Noxious Fumes","floor":25.0,"key":"SMITH"},{"floor":30.0,"key":"REST"},{"floor":32,"key":"REST"},{"data":"Corpse Explosion","floor":40,"key":"SMITH"},{"data":"Crippling Poison","floor":42,"key":"SMITH"},{"data":"Enlightenment","floor":49,"key":"SMITH"}],"neow_cost":"NONE","seed_source_timestamp":0,"circlet_count":0,"master_deck":["Defend_G+1","Defend_G","Defend_G","Defend_G","Defend_G","Strike_G","Strike_G","Strike_G","Survivor","Neutralize","PiercingWail","Accuracy","Dagger Spray+1","Blade Dance","Acrobatics","Backstab","Leg Sweep+1","Poisoned Stab","Bouncing Flask+1","Catalyst+1","Deadly Poison","Malaise","Slice","Noxious Fumes+1","Swift Strike","Prepared+1","Blade Dance","Well Laid Plans+1","Deflect","Backstab","Underhanded Strike+1","Corpse Explosion+1","Quick Slash+1","Phantasmal Killer","Crippling Poison+1","Panacea","Flying Knee","Finisher","Madness","Madness+1","Backflip","Swift Strike","Enlightenment+1","Blade Dance+1"],"special_seed":0,"relics":["Ring of the Snake","Oddly Smooth Stone","Bottled Flame","Bag of Preparation","Eternal Feather","Nilry\u0027s Codex","Mango","Centennial Puzzle","Dodecahedron","WristBlade","Dream Catcher"],"potions_floor_usage":[31,33,50,50,50],"damage_taken":[{"damage":0.0,"enemies":"Cultist","floor":1.0,"turns":4.0},{"damage":1.0,"enemies":"Small Slimes","floor":2.0,"turns":3.0},{"damage":0.0,"enemies":"2 Louse","floor":4.0,"turns":3.0},{"damage":1.0,"enemies":"Red Slaver","floor":5.0,"turns":5.0},{"damage":0.0,"enemies":"Lots of Slimes","floor":7.0,"turns":1.0},{"damage":0.0,"enemies":"Blue Slaver","floor":8.0,"turns":4.0},{"damage":2.0,"enemies":"Gremlin Nob","floor":10.0,"turns":5.0},{"damage":0.0,"enemies":"Red Slaver","floor":13.0,"turns":3.0},{"damage":6.0,"enemies":"Large Slime","floor":14.0,"turns":6.0},{"damage":15.0,"enemies":"Slime Boss","floor":16.0,"turns":9.0},{"damage":4.0,"enemies":"Spheric Guardian","floor":18.0,"turns":5.0},{"damage":4.0,"enemies":"Chosen","floor":20.0,"turns":4.0},{"damage":15.0,"enemies":"Centurion and Healer","floor":22.0,"turns":10.0},{"damage":10.0,"enemies":"Book of Stabbing","floor":24.0,"turns":5.0},{"damage":36.0,"enemies":"Slavers","floor":28.0,"turns":6.0},{"damage":26.0,"enemies":"Cultist and Chosen","floor":29.0,"turns":10.0},{"damage":21,"enemies":"Sentry and Sphere","floor":31,"turns":4},{"damage":57,"enemies":"Collector","floor":33,"turns":7},{"damage":0,"enemies":"Orb Walker","floor":35,"turns":3},{"damage":16,"enemies":"3 Darklings","floor":37,"turns":5},{"damage":25,"enemies":"Transient","floor":39,"turns":5},{"damage":0,"enemies":"4 Shapes","floor":41,"turns":4},{"damage":22,"enemies":"Maw","floor":48,"turns":6},{"damage":78,"enemies":"Donu and Deca","floor":50,"turns":6}],"seed_played":"-6334686770813252903","potions_obtained":[{"floor":5.0,"key":"Swift Potion"},{"floor":7.0,"key":"Dexterity Potion"},{"floor":8.0,"key":"Energy Potion"},{"floor":14.0,"key":"PowerPotion"},{"floor":16.0,"key":"EssenceOfSteel"},{"floor":18.0,"key":"GamblersBrew"},{"floor":29.0,"key":"Dexterity Potion"},{"floor":31,"key":"LiquidBronze"},{"floor":33,"key":"LiquidBronze"},{"floor":39,"key":"Energy Potion"},{"floor":41,"key":"Poison Potion"}],"is_trial":false,"path_per_floor":["M","M","$","M","M","R","M","M","T","E","?","R","M","M","R","B",null,"M","$","M","?","M","R","E","R","T","?","E","M","R","M","R","B",null,"M","?","M","$","M","R","M","R","T","?","$","?","?","M","R","B"],"character_chosen":"THE_SILENT","items_purchased":["Dagger Spray","Blade Dance","Noxious Fumes","Swift Strike","Crippling Poison","Panacea","Backflip","Swift Strike"],"campfire_rested":3,"item_purchase_floors":[3,3,19,19,38,38,45,45],"current_hp_per_floor":[70,69,69,69,68,68,68,68,68,66,66,66,66,60,60,45,70,66,66,62,46,31,67,71,84,84,84,48,22,65,44,84,27,84,84,84,68,68,43,64,64,84,84,73,73,73,73,51,75,0],"gold":44,"neow_bonus":"RANDOM_COMMON_RELIC","is_prod":false,"is_daily":false,"chose_seed":false,"campfire_upgraded":7,"win_rate":0.0,"timestamp":1550070206,"path_taken":["M","M","$","M","M","R","M","M","T","E","?","R","M","M","R","BOSS","M","$","M","?","M","R","E","R","T","?","E","?","R","?","R","BOSS","M","?","?","$","M","R","M","R","T","?","$","?","?","M","R","BOSS"],"build_version":"2019-01-23","purchased_purges":1,"victory":false,"max_hp_per_floor":[70,70,70,70,70,70,70,70,70,70,70,70,70,70,70,70,70,70,70,70,70,70,70,84,84,84,84,84,84,84,84,84,84,84,84,84,84,84,84,84,84,84,84,84,84,84,84,84,84,84],"card_choices":[{"not_picked":["Dagger Throw","Bane"],"picked":"PiercingWail","floor":1.0},{"not_picked":["Sucker Punch","Prepared"],"picked":"Accuracy","floor":2.0},{"not_picked":["Eviscerate","Bane"],"picked":"Acrobatics","floor":4.0},{"not_picked":["Prepared","Backflip"],"picked":"Backstab","floor":5.0},{"not_picked":["Quick Slash","Storm of Steel"],"picked":"Leg Sweep","floor":7.0},{"not_picked":["Leg Sweep","Backflip"],"picked":"Poisoned Stab","floor":8.0},{"not_picked":["Outmaneuver","Flying Knee"],"picked":"Bouncing Flask","floor":10.0},{"not_picked":["Bane","Choke"],"picked":"Catalyst","floor":13.0},{"not_picked":["Deflect","Prepared"],"picked":"Deadly Poison","floor":14.0},{"not_picked":["Unload","After Image"],"picked":"Malaise","floor":16.0},{"not_picked":["Expertise","Acrobatics"],"picked":"Slice","floor":18.0},{"not_picked":["Backflip","Dagger Throw"],"picked":"Prepared+1","floor":20.0},{"not_picked":["PiercingWail","Reflex"],"picked":"Blade Dance","floor":22.0},{"not_picked":["Crippling Poison","Noxious Fumes+1"],"picked":"Well Laid Plans+1","floor":24.0},{"not_picked":["Tools of the Trade","Riddle With Holes"],"picked":"Deflect","floor":28.0},{"not_picked":["Underhanded Strike","Flying Knee"],"picked":"Backstab","floor":29.0},{"not_picked":["Poisoned Stab","All Out Attack"],"picked":"Underhanded Strike+1","floor":31},{"not_picked":["Die Die Die","Phantasmal Killer"],"picked":"Corpse Explosion","floor":33},{"not_picked":["Deadly Poison","Infinite Blades"],"picked":"Quick Slash+1","floor":35},{"not_picked":["Slice+1","Escape Plan+1"],"picked":"Phantasmal Killer","floor":37},{"not_picked":["Deflect","Distraction"],"picked":"Flying Knee","floor":39},{"not_picked":["Dagger Throw+1","All Out Attack+1"],"picked":"Finisher","floor":41},{"not_picked":["Dramatic Entrance","HandOfGreed"],"picked":"Enlightenment","floor":46},{"not_picked":["Tactician","Underhanded Strike+1"],"picked":"Blade Dance+1","floor":48}],"player_experience":48837,"relics_obtained":[{"floor":9.0,"key":"Bottled Flame"},{"floor":10.0,"key":"Bag of Preparation"},{"floor":21.0,"key":"Nilry\u0027s Codex"},{"floor":24.0,"key":"Mango"},{"floor":26.0,"key":"Centennial Puzzle"},{"floor":28.0,"key":"Dodecahedron"},{"floor":43,"key":"Dream Catcher"}],"event_choices":[{"damage_healed":0.0,"max_hp_gain":0.0,"max_hp_loss":0.0,"gold_gain":0.0,"cards_transformed":["Strike_G"],"event_name":"Living Wall","player_choice":"Change","floor":11.0,"gold_loss":0.0,"damage_taken":0.0,"cards_obtained":["Eviscerate"]},{"damage_healed":0.0,"max_hp_gain":0.0,"max_hp_loss":0.0,"gold_gain":0.0,"event_name":"Cursed Tome","player_choice":"Obtained Book","floor":21.0,"gold_loss":0.0,"damage_taken":16.0},{"damage_healed":0.0,"max_hp_gain":0.0,"max_hp_loss":0.0,"gold_gain":0.0,"event_name":"Accursed Blacksmith","player_choice":"Forge","floor":27.0,"gold_loss":0.0,"damage_taken":0.0,"cards_upgraded":["Bouncing Flask"]},{"cards_removed":["Strike_G"],"damage_healed":0,"gold_gain":0,"player_choice":"Upgrade and Remove","damage_taken":0,"max_hp_gain":0,"max_hp_loss":0,"event_name":"Designer","floor":36,"gold_loss":90,"cards_upgraded":["Defend_G"]},{"damage_healed":0,"gold_gain":0,"player_choice":"Embrace Madness","damage_taken":11,"max_hp_gain":0,"max_hp_loss":0,"event_name":"Winding Halls","floor":44,"gold_loss":0,"cards_obtained":["Madness","Madness"]},{"damage_healed":0,"gold_gain":0,"player_choice":"Memory 1","damage_taken":0,"max_hp_gain":0,"max_hp_loss":0,"event_name":"SensoryStone","floor":46,"gold_loss":0},{"damage_healed":0,"gold_gain":0,"player_choice":"Upgraded","damage_taken":0,"max_hp_gain":0,"max_hp_loss":0,"event_name":"Upgrade Shrine","floor":47,"gold_loss":0,"cards_upgraded":["Madness"]}],"is_beta":false,"boss_relics":[{"not_picked":["Calling Bell","Runic Dome"],"picked":"Eternal Feather"},{"not_picked":["Snecko Eye","Black Star"],"picked":"WristBlade"}],"items_purged_floors":[19],"is_endless":false,"potions_floor_spawned":[5,7,8,14,16,18,29,31,33,39,41],"killed_by":"Donu and Deca","ascension_level":0}