{"path_per_floor":["M","?","?","M","$","R","E","M","T","R","M","M","M","$","R"],"character_chosen":"IRONCLAD","items_purchased":[],"gold_per_floor":[112,112,62,75,0,0,26,46,46,46,63,79,92,92,92,92],"floor_reached":16,"campfire_rested":1,"playtime":586,"current_hp_per_floor":[62,62,62,57,57,57,43,49,49,49,43,39,45,45,69,0],"items_purged":["Strike_R"],"gold":92,"score":153,"play_id":"176d1c0e-21f6-4af8-abb4-970329910b35","local_time":"20180521235247","is_prod":false,"is_daily":false,"chose_seed":false,"is_ascension_mode":true,"campfire_upgraded":2,"timestamp":1526939567,"campfire_choices":[{"data":"Bash","floor":6,"key":"SMITH"},{"data":"Feel No Pain","floor":10,"key":"SMITH"},{"floor":15,"key":"REST"}],"path_taken":["M","?","?","?","$","R","E","?","T","R","M","M","M","$","R","BOSS"],"build_version":"2018-05-17","seed_source_timestamp":182011912502011,"purchased_purges":1,"victory":false,"master_deck":["Strike_R","Strike_R","Strike_R","Defend_R","Defend_R","Defend_R","Defend_R","Bash+1","AscendersBane","Corruption+1","Feel No Pain+1","Clash","Impervious"],"max_hp_per_floor":[80,80,80,80,80,80,80,80,80,80,80,80,80,80,80,80],"relics":["Burning Blood","Shuriken","Ancient Tea Set"],"card_choices":[{"not_picked":["Thunderclap","Ghostly Armor"],"picked":"Corruption","floor":1},{"not_picked":["True Grit","Blood for Blood","Warcry"],"picked":"SKIP","floor":4},{"not_picked":["Armaments","Second Wind"],"picked":"Feel No Pain","floor":7},{"not_picked":["Sever Soul","Clash","Flex"],"picked":"SKIP","floor":8},{"not_picked":["Sever Soul","Flex"],"picked":"Clash","floor":8},{"not_picked":["Heavy Blade","True Grit","Thunderclap"],"picked":"SKIP","floor":11},{"not_picked":["Thunderclap","Body Slam"],"picked":"Impervious","floor":12},{"not_picked":["Twin Strike","Cleave","Sword Boomerang"],"picked":"SKIP","floor":13}],"player_experience":169349,"potions_floor_usage":[7],"damage_taken":[{"damage":16,"enemies":"Jaw Worm","floor":1,"turns":5},{"damage":11,"enemies":"2 Louse","floor":4,"turns":3},{"damage":20,"enemies":"Lagavulin","floor":7,"turns":7},{"damage":0,"enemies":"Cultist","floor":8,"turns":4},{"damage":12,"enemies":"Exordium Thugs","floor":11,"turns":5},{"damage":10,"enemies":"Gremlin Gang","floor":12,"turns":5},{"damage":0,"enemies":"3 Louse","floor":13,"turns":4},{"damage":71,"enemies":"The Guardian","floor":16,"turns":11}],"relics_obtained":[{"floor":7,"key":"Shuriken"},{"floor":9,"key":"Ancient Tea Set"}],"event_choices":[{"event_name":"Living Wall","player_choice":"Grow","floor":2,"damage_taken":0},{"event_name":"The Cleric","player_choice":"Card Removal","floor":3,"damage_taken":0}],"boss_relics":[],"potions_floor_spawned":[1,4],"seed_played":"-8142612024092586536","killed_by":"The Guardian","ascension_level":10,"potions_obtained":[{"floor":1,"key":"SpeedPotion"},{"floor":4,"key":"SteroidPotion"}],"is_trial":false}