{"gold_per_floor":[110,129,141,171,25,50,102,27,27,39,39,39,71,36,36,134,134,145,171,183,282,100,134,134,59,59,73,99,99],"floor_reached":29,"playtime":1335,"items_purged":["Regret"],"score":363,"play_id":"7f460bad-8a78-4c2b-8c07-3bd42cc8439d","local_time":"20190216033506","is_ascension_mode":true,"campfire_choices":[{"data":"Noxious Fumes","floor":12,"key":"SMITH"},{"data":"Terror","floor":15,"key":"SMITH"},{"data":"Transmutation","floor":24,"key":"SMITH"}],"neow_cost":"NONE","seed_source_timestamp":226948336435600,"circlet_count":0,"master_deck":["Defend_G","Defend_G","Defend_G","Defend_G","Defend_G","Strike_G","Strike_G","Survivor","Neutralize","Dramatic Entrance+1","Deadly Poison","Noxious Fumes+1","PiercingWail","Dash+1","Expertise","Footwork","Terror+1","Malaise","Adrenaline","Catalyst","Transmutation+1","Footwork","PiercingWail"],"relics":["Ring of the Snake","Tiny Chest","Bag of Marbles","Whetstone","Pantograph","Letter Opener","Singing Bowl","Empty Cage","Red Mask","Question Card","Paper Crane","The Courier"],"potions_floor_usage":[6,13,23,27,27],"damage_taken":[{"damage":0,"enemies":"Cultist","floor":1,"turns":4},{"damage":2,"enemies":"Jaw Worm","floor":2,"turns":4},{"damage":8,"enemies":"2 Louse","floor":3,"turns":4},{"damage":28,"enemies":"Gremlin Nob","floor":6,"turns":6},{"damage":0,"enemies":"2 Fungi Beasts","floor":10,"turns":2},{"damage":15,"enemies":"Lagavulin","floor":13,"turns":4},{"damage":49,"enemies":"Slime Boss","floor":16,"turns":11},{"damage":11,"enemies":"Spheric Guardian","floor":18,"turns":5},{"damage":9,"enemies":"Masked Bandits","floor":19,"turns":5},{"damage":9,"enemies":"3 Byrds","floor":20,"turns":4},{"damage":13,"enemies":"Gremlin Leader","floor":23,"turns":7},{"damage":0,"enemies":"Snecko","floor":27,"turns":6},{"damage":12,"enemies":"Book of Stabbing","floor":28,"turns":6},{"damage":23,"enemies":"Cultist and Chosen","floor":29,"turns":4}],"seed_played":"4828145512280419920","potions_obtained":[{"floor":3,"key":"Energy Potion"},{"floor":6,"key":"Fruit Juice"},{"floor":10,"key":"AttackPotion"},{"floor":13,"key":"Dexterity Potion"},{"floor":18,"key":"EssenceOfSteel"},{"floor":23,"key":"Poison Potion"}],"is_trial":false,"path_per_floor":["M","M","M","?","$","E","T","$","T","M","?","R","E","?","R","B",null,"M","?","M","?","$","E","R","?","T","M","E","M"],"character_chosen":"THE_SILENT","items_purchased":["Dash","Footwork","Transmutation"],"campfire_rested":0,"item_purchase_floors":[5,8,22],"current_hp_per_floor":[63,61,53,53,53,30,30,30,30,30,30,30,15,33,33,9,59,48,41,34,34,34,21,21,21,21,21,11,0],"gold":99,"neow_bonus":"RANDOM_COLORLESS","is_prod":false,"is_daily":false,"chose_seed":false,"campfire_upgraded":3,"win_rate":0,"timestamp":1550284506,"path_taken":["M","M","M","?","$","E","?","$","T","?","?","R","E","?","R","BOSS","M","?","M","?","$","E","R","?","T","M","E","?"],"build_version":"2019-01-23","purchased_purges":1,"victory":false,"max_hp_per_floor":[70,70,70,70,70,75,75,75,75,75,75,75,75,75,75,75,75,75,77,79,79,79,79,79,79,79,79,81,81],"card_choices":[{"not_picked":["Outmaneuver","Endless Agony"],"picked":"Deadly Poison","floor":1},{"not_picked":["Deadly Poison","Reflex"],"picked":"Noxious Fumes","floor":2},{"not_picked":["Acrobatics","Deadly Poison"],"picked":"PiercingWail","floor":3},{"not_picked":["Prepared","Well Laid Plans"],"picked":"Expertise","floor":6},{"not_picked":["Bane","Outmaneuver"],"picked":"Terror","floor":10},{"not_picked":["Quick Slash","Sucker Punch"],"picked":"Malaise","floor":13},{"not_picked":["Unload","Night Terror"],"picked":"Adrenaline","floor":16},{"not_picked":["Bane+1","Masterful Stab"],"picked":"Catalyst","floor":18},{"not_picked":["Sucker Punch","Cloak And Dagger+1","Dagger Spray"],"picked":"Singing Bowl","floor":19},{"not_picked":["Poisoned Stab+1","Cloak And Dagger+1","Noxious Fumes"],"picked":"Singing Bowl","floor":20},{"not_picked":["Acrobatics+1","Grand Finale"],"picked":"Footwork","floor":23},{"not_picked":["Quick Slash+1","Deadly Poison+1","Bane"],"picked":"PiercingWail","floor":27},{"not_picked":["Blur","Deadly Poison","Prepared+1","A Thousand Cuts"],"picked":"Singing Bowl","floor":28}],"player_experience":431414,"relics_obtained":[{"floor":6,"key":"Bag of Marbles"},{"floor":7,"key":"Whetstone"},{"floor":9,"key":"Pantograph"},{"floor":13,"key":"Singing Bowl"},{"floor":19,"key":"Red Mask"},{"floor":23,"key":"Question Card"},{"floor":26,"key":"Paper Crane"},{"floor":28,"key":"The Courier"}],"event_choices":[{"damage_healed":0,"gold_gain":0,"player_choice":"Box","damage_taken":0,"relics_obtained":["Tiny Chest"],"max_hp_gain":0,"max_hp_loss":0,"event_name":"Big Fish","floor":4,"gold_loss":0,"cards_obtained":["Regret"]},{"damage_healed":0,"gold_gain":0,"player_choice":"Searched \u00272\u0027 times","damage_taken":0,"relics_obtained":["Letter Opener"],"max_hp_gain":0,"max_hp_loss":0,"event_name":"Dead Adventurer","floor":11,"gold_loss":0},{"damage_healed":18,"gold_gain":0,"player_choice":"Healed","damage_taken":0,"max_hp_gain":0,"max_hp_loss":0,"event_name":"The Cleric","floor":14,"gold_loss":35},{"damage_healed":0,"gold_gain":0,"player_choice":"Fought Bandits","damage_taken":0,"max_hp_gain":0,"max_hp_loss":0,"event_name":"Masked Bandits","floor":19,"gold_loss":0},{"damage_healed":0,"gold_gain":99,"player_choice":"Stole From Cult","damage_taken":0,"max_hp_gain":0,"max_hp_loss":0,"event_name":"Nest","floor":21,"gold_loss":0},{"cards_removed":["Strike_G"],"damage_healed":0,"gold_gain":0,"player_choice":"Gave Gold","damage_taken":0,"max_hp_gain":0,"max_hp_loss":0,"event_name":"Beggar","floor":25,"gold_loss":75}],"is_beta":false,"boss_relics":[{"not_picked":["Runic Dome","Tiny House"],"picked":"Empty Cage"}],"items_purged_floors":[5],"is_endless":false,"potions_floor_spawned":[3,6,10,13,18,23],"killed_by":"Cultist and Chosen","ascension_level":7}