{"gold_per_floor":[116,41,57,77,77,77,95,95,171,35,45,45,45,60,60,60],"floor_reached":16,"playtime":752,"items_purged":["Strike_B","Strike_B"],"score":117,"play_id":"fb057eff-1604-42c5-8063-f57d567b7d7e","local_time":"20190219022510","is_ascension_mode":false,"campfire_choices":[{"data":"BootSequence","floor":6,"key":"SMITH"},{"data":"Defragment","floor":13,"key":"SMITH"},{"floor":15,"key":"REST"}],"neow_cost":"NONE","seed_source_timestamp":407182163330118,"circlet_count":0,"master_deck":["Defend_B","Defend_B","Defend_B","Defend_B","Zap","Dualcast","BootSequence+1","Capacitor","Defragment+1"],"relics":["Cracked Core","Anchor","Pear"],"potions_floor_usage":[16,16,16],"damage_taken":[{"damage":5,"enemies":"Small Slimes","floor":1,"turns":3},{"damage":3,"enemies":"Jaw Worm","floor":3,"turns":4},{"damage":0,"enemies":"2 Louse","floor":4,"turns":2},{"damage":0,"enemies":"Looter","floor":7,"turns":3},{"damage":0,"enemies":"Red Slaver","floor":11,"turns":3},{"damage":5,"enemies":"Large Slime","floor":14,"turns":6},{"damage":104,"enemies":"Hexaghost","floor":16,"turns":14}],"seed_played":"8254434507543281950","potions_obtained":[{"floor":3,"key":"Regen Potion"},{"floor":11,"key":"Swift Potion"},{"floor":14,"key":"SkillPotion"}],"is_trial":false,"path_per_floor":["M","$","M","M","?","R","M","?","T","$","M","?","R","M","R","B"],"character_chosen":"DEFECT","items_purchased":["Capacitor"],"campfire_rested":1,"item_purchase_floors":[10],"current_hp_per_floor":[77,77,74,74,71,71,71,71,81,81,81,74,74,69,92,0],"gold":60,"neow_bonus":"TEN_PERCENT_HP_BONUS","is_prod":false,"is_daily":false,"chose_seed":false,"campfire_upgraded":2,"win_rate":0.0,"timestamp":1550510710,"path_taken":["M","$","M","M","?","R","M","?","T","$","M","?","R","M","R","BOSS"],"build_version":"2019-01-23","purchased_purges":2,"victory":false,"max_hp_per_floor":[82,82,82,82,82,82,82,82,92,92,92,92,92,92,92,92],"card_choices":[{"not_picked":["Steam","Heatsinks","Sweeping Beam"],"picked":"SKIP","floor":1},{"not_picked":["Redo","Ball Lightning"],"picked":"BootSequence","floor":3},{"not_picked":["Beam Cell","Reboot","Go for the Eyes"],"picked":"SKIP","floor":4},{"not_picked":["Melter","Lockon","Turbo"],"picked":"SKIP","floor":7},{"not_picked":["Sweeping Beam","Aggregate"],"picked":"Defragment","floor":11},{"not_picked":["Scrape","Leap","Reprogram"],"picked":"SKIP","floor":14}],"player_experience":127902,"relics_obtained":[{"floor":9,"key":"Pear"}],"event_choices":[{"damage_healed":0,"gold_gain":0,"player_choice":"Success","damage_taken":3,"relics_obtained":["Anchor"],"max_hp_gain":0,"max_hp_loss":0,"event_name":"Scrap Ooze","floor":5,"gold_loss":0},{"cards_removed":["Strike_B"],"damage_healed":0,"gold_gain":0,"player_choice":"Forget","damage_taken":0,"max_hp_gain":0,"max_hp_loss":0,"event_name":"Living Wall","floor":8,"gold_loss":0},{"cards_removed":["Strike_B"],"damage_healed":0,"gold_gain":0,"player_choice":"Card Removal","damage_taken":7,"max_hp_gain":0,"max_hp_loss":0,"event_name":"Golden Wing","floor":12,"gold_loss":0}],"is_beta":false,"boss_relics":[],"items_purged_floors":[2,10],"is_endless":false,"potions_floor_spawned":[3,11,14],"killed_by":"Hexaghost","ascension_level":0}