{"gold_per_floor":[119,134,145,158,233,233,268,268,268,223,61,82,82,123,123,123],"floor_reached":16,"playtime":1913,"items_purged":["Strike_R"],"score":171,"play_id":"296c8417-5555-43e5-a68b-8252b52694b6","local_time":"20190210205250","is_ascension_mode":true,"campfire_choices":[{"data":"Armaments","floor":6,"key":"SMITH"},{"data":"Metallicize","floor":15,"key":"SMITH"}],"neow_cost":"PERCENT_DAMAGE","seed_source_timestamp":507875801341213,"circlet_count":0,"master_deck":["AscendersBane","Strike_R","Defend_R","Defend_R","Defend_R","Defend_R","Bash","Metallicize+1","Shrug It Off","Havoc","Armaments+1","Immolate","Rampage","Bandage Up","Spot Weakness","Shrug It Off"],"relics":["Burning Blood","Art of War","Golden Idol","Ancient Tea Set","Ornamental Fan"],"potions_floor_usage":[14,14],"damage_taken":[{"damage":10,"enemies":"Cultist","floor":1,"turns":5},{"damage":7,"enemies":"Jaw Worm","floor":2,"turns":5},{"damage":0,"enemies":"Small Slimes","floor":3,"turns":5},{"damage":0,"enemies":"3 Louse","floor":4,"turns":4},{"damage":26,"enemies":"3 Sentries","floor":7,"turns":13},{"damage":4,"enemies":"Looter","floor":10,"turns":5},{"damage":2,"enemies":"Exordium Wildlife","floor":12,"turns":6},{"damage":5,"enemies":"Gremlin Nob","floor":14,"turns":3},{"damage":28,"enemies":"Slime Boss","floor":16,"turns":8}],"seed_played":"-3268617917808133867","potions_obtained":[{"floor":1,"key":"PowerPotion"},{"floor":2,"key":"Energy Potion"}],"is_trial":false,"path_per_floor":["M","M","M","M","?","R","E","?","T","M","$","M","?","E","R","B"],"character_chosen":"IRONCLAD","items_purchased":["Bandage Up"],"campfire_rested":0,"item_purchase_floors":[11],"current_hp_per_floor":[47,46,52,58,47,47,27,7,7,9,9,17,17,22,22,0],"gold":123,"neow_bonus":"REMOVE_TWO","is_prod":false,"is_daily":false,"chose_seed":false,"campfire_upgraded":2,"win_rate":0,"timestamp":1549824770,"path_taken":["M","M","M","M","?","R","E","?","T","M","$","M","?","E","R","BOSS"],"build_version":"2019-01-23","purchased_purges":1,"victory":false,"max_hp_per_floor":[80,80,80,80,80,80,80,80,80,80,80,80,80,80,80,80],"card_choices":[{"not_picked":["Flex","Headbutt"],"picked":"Metallicize","floor":1},{"not_picked":["Flex","Clothesline"],"picked":"Shrug It Off","floor":2},{"not_picked":["True Grit","Flex"],"picked":"Havoc","floor":3},{"not_picked":["Fire Breathing","Headbutt"],"picked":"Armaments","floor":4},{"not_picked":["Feel No Pain","Bloodletting"],"picked":"Immolate","floor":7},{"not_picked":["Sentinel","Anger"],"picked":"Rampage","floor":10},{"not_picked":["Iron Wave","Burning Pact"],"picked":"Spot Weakness","floor":12},{"not_picked":["Combust","Sword Boomerang"],"picked":"Shrug It Off","floor":14}],"player_experience":180265,"relics_obtained":[{"floor":7,"key":"Art of War"},{"floor":9,"key":"Ancient Tea Set"},{"floor":14,"key":"Ornamental Fan"}],"event_choices":[{"damage_healed":0,"gold_gain":75,"player_choice":"Gather Gold","damage_taken":11,"max_hp_gain":0,"max_hp_loss":0,"event_name":"World of Goop","floor":5,"gold_loss":0},{"damage_healed":0,"gold_gain":0,"player_choice":"Take Damage","damage_taken":20,"relics_obtained":["Golden Idol"],"max_hp_gain":0,"max_hp_loss":0,"event_name":"Golden Idol","floor":8,"gold_loss":0},{"cards_removed":["Strike_R"],"damage_healed":0,"gold_gain":0,"player_choice":"Forget","damage_taken":0,"max_hp_gain":0,"max_hp_loss":0,"event_name":"Living Wall","floor":13,"gold_loss":0}],"is_beta":false,"boss_relics":[],"items_purged_floors":[11],"is_endless":false,"potions_floor_spawned":[1,2],"killed_by":"Slime Boss","ascension_level":11}