{"gold_per_floor":[119,73,43,53,68,68,94,94,167,167,167,38,102,121,121,218,218,236,236,250,150,75,103,123,123,123,138,150,175,194,69,69,173,223,239,30,30,41,41,41,51,51,51,65,65,83,108,118,118,118,118,118,40,70,70],"floor_reached":56,"playtime":2273,"items_purged":["Strike_B","Strike_B","Strike_B"],"score":1317,"play_id":"eaf2b7a6-9c4c-4351-9f34-3436e69c88c0","local_time":"20190221031533","is_ascension_mode":false,"campfire_choices":[{"data":"Ball Lightning","floor":6.0,"key":"SMITH"},{"data":"Zap","floor":8.0,"key":"SMITH"},{"data":"Capacitor","floor":11.0,"key":"SMITH"},{"data":"Coolheaded","floor":15.0,"key":"SMITH"},{"floor":25.0,"key":"REST"},{"floor":32.0,"key":"REST"},{"data":"Defend_B","floor":40.0,"key":"PURGE"},{"data":"Defend_B","floor":42.0,"key":"PURGE"},{"floor":49.0,"key":"RECALL"},{"data":"Defend_B","floor":52.0,"key":"PURGE"}],"neow_cost":"NONE","seed_source_timestamp":0,"circlet_count":0,"master_deck":["Defend_B","Zap+1","Dualcast","Cold Snap","Ball Lightning+1","Capacitor+1","Coolheaded+1","Conserve Battery+1","Echo Form","Defragment","Glacier+1","Coolheaded+1","Electrodynamics","Glacier+1","Blizzard+1"],"special_seed":0,"relics":["Cracked Core","NeowsBlessing","Bag of Preparation","Calipers","Fusion Hammer","Peace Pipe","Oddly Smooth Stone","Tiny House","ClockworkSouvenir","Blue Candle","Pear","DataDisk"],"potions_floor_usage":[55],"damage_taken":[{"damage":0.0,"enemies":"Small Slimes","floor":1.0,"turns":1.0},{"damage":0.0,"enemies":"Cultist","floor":4.0,"turns":1.0},{"damage":0.0,"enemies":"Jaw Worm","floor":5.0,"turns":1.0},{"damage":17.0,"enemies":"Lagavulin","floor":7.0,"turns":7.0},{"damage":28.0,"enemies":"Gremlin Nob","floor":13.0,"turns":4.0},{"damage":3.0,"enemies":"Looter","floor":14.0,"turns":3.0},{"damage":0.0,"enemies":"The Guardian","floor":16.0,"turns":8.0},{"damage":0.0,"enemies":"Spheric Guardian","floor":18.0,"turns":4.0},{"damage":13.0,"enemies":"3 Byrds","floor":20.0,"turns":5.0},{"damage":57.0,"enemies":"Slavers","floor":23.0,"turns":7.0},{"damage":6.0,"enemies":"Sentry and Sphere","floor":24.0,"turns":8.0},{"damage":4.0,"enemies":"Centurion and Healer","floor":27.0,"turns":6.0},{"damage":30.0,"enemies":"Chosen and Byrds","floor":28.0,"turns":8.0},{"damage":0.0,"enemies":"Gremlin Leader","floor":29.0,"turns":12.0},{"damage":0.0,"enemies":"3 Cultists","floor":30.0,"turns":7.0},{"damage":14.0,"enemies":"Automaton","floor":33.0,"turns":15.0},{"damage":18.0,"enemies":"3 Darklings","floor":35.0,"turns":5.0},{"damage":7.0,"enemies":"3 Shapes","floor":38.0,"turns":3.0},{"damage":0.0,"enemies":"Spire Growth","floor":41.0,"turns":7.0},{"damage":5.0,"enemies":"Sphere and 2 Shapes","floor":44.0,"turns":6.0},{"damage":0.0,"enemies":"Transient","floor":46.0,"turns":5.0},{"damage":26.0,"enemies":"Nemesis","floor":47.0,"turns":9.0},{"damage":21.0,"enemies":"Jaw Worm Horde","floor":48.0,"turns":6.0},{"damage":10.0,"enemies":"Awakened One","floor":50.0,"turns":12.0},{"damage":31.0,"enemies":"Shield and Spear","floor":54.0,"turns":7.0},{"damage":41,"enemies":"The Heart","floor":55,"turns":14}],"seed_played":"-7554730940685468872","potions_obtained":[{"floor":1.0,"key":"Regen Potion"},{"floor":3.0,"key":"Swift Potion"},{"floor":3.0,"key":"FocusPotion"},{"floor":14.0,"key":"PowerPotion"},{"floor":16.0,"key":"FearPotion"},{"floor":20.0,"key":"Block Potion"},{"floor":27.0,"key":"FocusPotion"},{"floor":28.0,"key":"GamblersBrew"},{"floor":29.0,"key":"FearPotion"},{"floor":30.0,"key":"Strength Potion"},{"floor":34.0,"key":"Fruit Juice"},{"floor":38.0,"key":"Explosive Potion"},{"floor":41.0,"key":"Explosive Potion"},{"floor":47.0,"key":"Energy Potion"},{"floor":48.0,"key":"Swift Potion"}],"is_trial":false,"path_per_floor":["M","$","?","M","M","R","E","R","T","?","R","$","?","M","R","B",null,"M","?","M","$","?","E","M","R","T","M","M","E","M","$","R","B",null,"M","$","?","M","?","R","M","R","T","M","$","M","E","M","R","B",null,"R","$","E","B",null],"character_chosen":"DEFECT","items_purchased":["Cold Snap","Coolheaded","ClockworkSouvenir","LiquidBronze"],"campfire_rested":2,"item_purchase_floors":[2,12,36,53],"current_hp_per_floor":[75,75,75,75,75,75,58,58,58,63,63,63,35,32,32,32,80,80,80,67,67,67,10,19,43,43,39,9,9,9,9,33,19,90,72,72,72,65,65,65,65,65,65,60,60,60,44,23,23,13,95,95,95,64,23],"gold":70,"neow_bonus":"THREE_ENEMY_KILL","is_prod":false,"is_daily":false,"chose_seed":true,"campfire_upgraded":4,"win_rate":0,"timestamp":1550686533,"path_taken":["M","$","?","M","?","R","E","R","T","?","R","$","?","M","R","BOSS","M","?","M","$","?","E","M","R","T","M","M","E","M","$","R","BOSS","M","$","?","M","?","R","M","R","T","M","$","M","E","M","R","BOSS","R","$","E","BOSS"],"build_version":"2019-01-23","purchased_purges":3,"victory":true,"max_hp_per_floor":[75,75,75,75,75,75,75,75,75,80,80,80,80,80,80,80,80,80,80,80,80,80,80,80,80,80,80,80,80,80,80,80,80,90,90,90,85,85,85,85,85,85,85,85,85,85,95,95,95,95,95,95,95,95,95],"card_choices":[{"not_picked":["Rebound","FTL","Redo"],"picked":"SKIP","floor":1.0},{"not_picked":["Steam Power","Genetic Algorithm"],"picked":"Ball Lightning","floor":4.0},{"not_picked":["Go for the Eyes","Rebound","Cold Snap"],"picked":"SKIP","floor":5.0},{"not_picked":["Gash","Beam Cell"],"picked":"Capacitor","floor":7.0},{"not_picked":["Cold Snap","Coolheaded"],"picked":"Conserve Battery","floor":14.0},{"not_picked":["Thunder Strike","Reboot"],"picked":"Echo Form","floor":16.0},{"not_picked":["Go for the Eyes+1","Steam+1","Recycle"],"picked":"SKIP","floor":18.0},{"not_picked":["BootSequence+1","Barrage","Cold Snap"],"picked":"SKIP","floor":20.0},{"not_picked":["Seek","Streamline+1"],"picked":"Defragment","floor":23.0},{"not_picked":["Ball Lightning","Auto Shields+1","Rebound"],"picked":"SKIP","floor":24.0},{"not_picked":["Ball Lightning","Genetic Algorithm","Hologram"],"picked":"SKIP","floor":27.0},{"not_picked":["Go for the Eyes","Rebound+1"],"picked":"Glacier+1","floor":28.0},{"not_picked":["Rebound","Meteor Strike","Aggregate"],"picked":"SKIP","floor":29.0},{"not_picked":["Conserve Battery","Cold Snap"],"picked":"Coolheaded+1","floor":30.0},{"not_picked":["Machine Learning","Echo Form"],"picked":"Electrodynamics","floor":33.0},{"not_picked":["Storm","Redo+1"],"picked":"Glacier+1","floor":34.0},{"not_picked":["Chaos+1","Melter","Compile Driver"],"picked":"SKIP","floor":35.0},{"not_picked":["Chaos+1","Melter","Compile Driver"],"picked":"SKIP","floor":35.0},{"not_picked":["Sunder+1","Beam Cell"],"picked":"Blizzard+1","floor":38.0},{"not_picked":["Conserve Battery+1","Stack+1","Storm+1"],"picked":"SKIP","floor":41.0},{"not_picked":["Streamline","Gash+1","Sweeping Beam+1"],"picked":"SKIP","floor":44.0},{"not_picked":["Steam+1","Rebound+1","Darkness+1"],"picked":"SKIP","floor":46.0},{"not_picked":["Force Field","Hologram","Rebound"],"picked":"SKIP","floor":47.0},{"not_picked":["Consume","Cold Snap+1","Genetic Algorithm"],"picked":"SKIP","floor":48.0},{"not_picked":["Turbo+1","Steam+1","Rip and Tear+1"],"picked":"SKIP","floor":54.0}],"player_experience":1211001,"relics_obtained":[{"floor":7.0,"key":"Bag of Preparation"},{"floor":13.0,"key":"Calipers"},{"floor":23.0,"key":"Peace Pipe"},{"floor":29.0,"key":"Oddly Smooth Stone"},{"floor":43.0,"key":"Blue Candle"},{"floor":47.0,"key":"Pear"},{"floor":54.0,"key":"DataDisk"}],"event_choices":[{"damage_healed":0.0,"max_hp_gain":0.0,"max_hp_loss":0.0,"gold_gain":0.0,"event_name":"The Woman in Blue","player_choice":"Bought 2 Potions","floor":3.0,"gold_loss":0.0,"damage_taken":0.0},{"damage_healed":0.0,"max_hp_gain":5.0,"max_hp_loss":0.0,"gold_gain":0.0,"event_name":"Big Fish","player_choice":"Donut","floor":10.0,"gold_loss":0.0,"damage_taken":0.0},{"damage_healed":0.0,"max_hp_gain":0.0,"max_hp_loss":0.0,"gold_gain":0.0,"event_name":"Dead Adventurer","player_choice":"Searched \u00272\u0027 times","floor":13.0,"gold_loss":0.0,"damage_taken":0.0},{"damage_healed":0.0,"max_hp_gain":0.0,"max_hp_loss":0.0,"gold_gain":0.0,"event_name":"Vampires","player_choice":"Ignored","floor":19.0,"gold_loss":0.0,"damage_taken":0.0},{"cards_removed":["Strike_B"],"damage_healed":0.0,"max_hp_gain":0.0,"max_hp_loss":0.0,"gold_gain":0.0,"event_name":"Beggar","player_choice":"Gave Gold","floor":22.0,"gold_loss":75.0,"damage_taken":0.0},{"damage_healed":0.0,"max_hp_gain":0.0,"max_hp_loss":5.0,"gold_gain":0.0,"event_name":"Winding Halls","player_choice":"Max HP","floor":37.0,"gold_loss":0.0,"damage_taken":0.0},{"damage_healed":0.0,"max_hp_gain":0.0,"max_hp_loss":0.0,"gold_gain":0.0,"event_name":"Match and Keep!","player_choice":"0 cards matched","floor":39.0,"gold_loss":0.0,"damage_taken":0.0,"cards_obtained":[]}],"is_beta":false,"boss_relics":[{"not_picked":["White Beast Statue","Lizard Tail"],"picked":"Fusion Hammer"},{"not_picked":["Runic Dome","Philosopher\u0027s Stone"],"picked":"Tiny House"}],"items_purged_floors":[12,21,31],"is_endless":false,"potions_floor_spawned":[1,5,14,16,20,23,27,28,29,30,38,41,47,48],"ascension_level":0}