{"path_per_floor":["M","?","?","M","M","E","M","R","T","M","M","R","M","$","R"],"character_chosen":"THE_SILENT","items_purchased":[],"gold_per_floor":[112,112,112,128,142,177,191,191,191,207,225,225,241,241,241],"floor_reached":16,"campfire_rested":2,"playtime":1405,"current_hp_per_floor":[68,68,68,68,68,33,33,54,54,41,26,47,47,47,47],"items_purged":[],"gold":241,"play_id":"c02c72b4-0e60-4f5d-948e-e15041b42b6b","is_prod":false,"is_daily":false,"campfire_rituals":0,"campfire_upgraded":1,"is_hardmode":false,"path_taken":["M","?","?","M","M","E","M","R","T","M","M","R","M","?","R","BOSS"],"build_version":"2018-01-11-PROD1","purchased_purges":0,"victory":false,"master_deck":["Defend_G","Defend_G","Defend_G","Defend_G","Defend_G","Strike_G","Strike_G","Strike_G","Strike_G","Strike_G","Survivor","Neutralize","Distraction","Distraction","Prepared","Quick Slash","Calculated Gamble","Outmaneuver","Underhanded Strike","Dagger Throw"],"max_hp_per_floor":[70,70,70,70,70,70,70,70,70,70,70,70,70,70,70],"relics":["Ring of the Snake","Bag of Preparation","Tough Bandages","Frozen Eye"],"campfire_meditates":0,"card_choices":[{"not_picked":["Underhanded Strike","Deadly Poison"],"picked":"Distraction"},{"not_picked":["Footwork","Acrobatics"],"picked":"Distraction"},{"not_picked":["Reflex","Outmaneuver"],"picked":"Prepared"},{"not_picked":["Backflip","Blur"],"picked":"Quick Slash"},{"not_picked":["Escape Plan","PiercingWail"],"picked":"Calculated Gamble"},{"not_picked":["Footwork","A Thousand Cuts"],"picked":"Outmaneuver"},{"not_picked":["Bane","Prepared"],"picked":"Underhanded Strike"},{"not_picked":["Footwork","PiercingWail"],"picked":"Dagger Throw"}],"player_experience":31192,"potions_floor_usage":[],"damage_taken":[{"damage":2,"enemies":"Cultist","floor":1,"turns":4},{"damage":0,"enemies":"2 Louse","floor":4,"turns":2},{"damage":0,"enemies":"Jaw Worm","floor":5,"turns":5},{"damage":35,"enemies":"Lagavulin","floor":6,"turns":8},{"damage":0,"enemies":"Large Slime","floor":7,"turns":12},{"damage":13,"enemies":"2 Fungi Beasts","floor":10,"turns":4},{"damage":15,"enemies":"Exordium Wildlife","floor":11,"turns":8},{"damage":0,"enemies":"3 Louse","floor":13,"turns":4},{"damage":53,"enemies":"Slime Boss","floor":16,"turns":9}],"event_choices":[{"event_name":"Liars Game","player_choice":"disagreed","floor":2,"damage_taken":0},{"event_name":"Living Wall","player_choice":"Grow","floor":3,"damage_taken":0}],"boss_relics":[],"potions_floor_spawned":[6,7,11],"seed_played":"625776645478796803","killed_by":"Slime Boss","is_trial":false}