{"gold_per_floor":[111,111,36,36,86,86,116,134,134,134,184,1,11,27,27,127,127,139,139],"floor_reached":19,"playtime":790,"items_purged":["Strike_R"],"score":223,"play_id":"eb024060-0d27-44fc-bffc-5f2a870db733","local_time":"20190126202419","is_ascension_mode":true,"campfire_choices":[{"data":"Bash","floor":6,"key":"SMITH"},{"data":"Mayhem","floor":15,"key":"SMITH"}],"neow_cost":"NONE","seed_source_timestamp":146418644955328,"circlet_count":0,"master_deck":["Strike_R","Strike_R","Strike_R","Strike_R","Defend_R","Defend_R","Defend_R","Defend_R","Bash+1","Battle Trance","Iron Wave","Mayhem+1","Metallicize","Bludgeon+1","Shrug It Off"],"relics":["Burning Blood","Shuriken","Juzu Bracelet","Pantograph","Molten Egg 2","Regal Pillow","Black Star"],"potions_floor_usage":[19,19,19],"damage_taken":[{"damage":11,"enemies":"Jaw Worm","floor":1,"turns":6},{"damage":45,"enemies":"3 Sentries","floor":7,"turns":14},{"damage":3,"enemies":"2 Louse","floor":8,"turns":3},{"damage":1,"enemies":"Cultist","floor":13,"turns":4},{"damage":35,"enemies":"Exordium Thugs","floor":14,"turns":6},{"damage":52,"enemies":"Slime Boss","floor":16,"turns":14},{"damage":24,"enemies":"Spheric Guardian","floor":18,"turns":6},{"damage":29,"enemies":"Colosseum Slavers","floor":19,"turns":6},{"damage":34,"enemies":"Colosseum Nobs","floor":19,"turns":4}],"seed_played":"929659073155054108","potions_obtained":[{"floor":7,"key":"FairyPotion"},{"floor":14,"key":"Weak Potion"},{"floor":16,"key":"EssenceOfSteel"},{"floor":18,"key":"SteroidPotion"}],"is_trial":false,"path_per_floor":["M","?","$","?","T","R","E","M","T","?","T","$","M","M","R","B",null,"M","?"],"character_chosen":"IRONCLAD","items_purchased":["Mayhem"],"campfire_rested":0,"item_purchase_floors":[12],"current_hp_per_floor":[75,57,57,57,57,57,18,21,21,50,50,50,55,26,26,14,70,52,0],"gold":139,"neow_bonus":"TEN_PERCENT_HP_BONUS","is_prod":false,"is_daily":false,"chose_seed":false,"campfire_upgraded":2,"win_rate":0,"timestamp":1548527059,"path_taken":["M","?","$","?","?","R","E","M","T","?","?","$","M","M","R","BOSS","M","?"],"build_version":"2019-01-23","purchased_purges":1,"victory":false,"max_hp_per_floor":[88,88,88,88,88,88,88,88,88,88,88,88,88,88,88,88,88,88,88],"card_choices":[{"not_picked":["Sword Boomerang","Havoc"],"picked":"Battle Trance","floor":1},{"not_picked":["Wild Strike","Cleave","Perfected Strike"],"picked":"SKIP","floor":7},{"not_picked":["Headbutt","Heavy Blade"],"picked":"Iron Wave","floor":8},{"not_picked":["Pommel Strike+1","Flex"],"picked":"Metallicize","floor":13},{"not_picked":["Flex","Anger+1","Wild Strike+1"],"picked":"SKIP","floor":14},{"not_picked":["Berserk","Feed+1"],"picked":"Bludgeon+1","floor":16},{"not_picked":["Headbutt+1","Twin Strike+1"],"picked":"Shrug It Off","floor":18}],"player_experience":144629,"relics_obtained":[{"floor":5,"key":"Juzu Bracelet"},{"floor":7,"key":"Pantograph"},{"floor":9,"key":"Molten Egg 2"},{"floor":11,"key":"Regal Pillow"}],"event_choices":[{"damage_healed":0,"gold_gain":0,"player_choice":"Success","damage_taken":18,"relics_obtained":["Shuriken"],"max_hp_gain":0,"max_hp_loss":0,"event_name":"Scrap Ooze","floor":2,"gold_loss":0},{"damage_healed":0,"gold_gain":0,"player_choice":"Leave","damage_taken":0,"max_hp_gain":0,"max_hp_loss":0,"event_name":"The Cleric","floor":4,"gold_loss":0},{"damage_healed":29,"gold_gain":0,"player_choice":"Banana","damage_taken":0,"max_hp_gain":0,"max_hp_loss":0,"event_name":"Big Fish","floor":10,"gold_loss":0},{"damage_healed":0,"gold_gain":0,"player_choice":"Fight","damage_taken":0,"max_hp_gain":0,"max_hp_loss":0,"event_name":"Colosseum","floor":19,"gold_loss":0},{"damage_healed":0,"gold_gain":0,"player_choice":"Fought Nobs","damage_taken":0,"max_hp_gain":0,"max_hp_loss":0,"event_name":"Colosseum","floor":19,"gold_loss":0}],"is_beta":false,"boss_relics":[{"not_picked":["White Beast Statue","Runic Pyramid"],"picked":"Black Star"}],"items_purged_floors":[3],"is_endless":false,"potions_floor_spawned":[7,14,16,18],"killed_by":"Colosseum Nobs","ascension_level":7}