{"path_per_floor":["M","M","?","?","M","R","E","?","T","R","M","M","M","$","R"],"character_chosen":"THE_SILENT","items_purchased":["Lantern"],"gold_per_floor":[116,133,133,133,147,147,173,142,142,142,154,173,186,33,33],"floor_reached":16,"campfire_rested":2,"playtime":909,"current_hp_per_floor":[64,64,57,57,53,53,10,10,10,31,27,25,18,18,39],"items_purged":[],"gold":33,"play_id":"24249b4d-95b8-47d9-95b7-aa59ddb76d00","is_prod":false,"is_daily":false,"campfire_rituals":0,"campfire_upgraded":1,"is_hardmode":false,"path_taken":["M","M","?","?","M","R","E","?","T","R","M","M","M","$","R","BOSS"],"build_version":"2018-01-11-PROD1","purchased_purges":0,"victory":false,"master_deck":["Defend_G","Defend_G","Defend_G","Defend_G","Defend_G","Strike_G","Strike_G","Strike_G","Strike_G","Strike_G","Survivor","Neutralize","Sucker Punch","Infinite Blades","Decay","Dagger Spray","Storm of Steel","Backflip","Distraction","Sucker Punch"],"max_hp_per_floor":[70,70,70,70,70,70,70,70,70,70,70,70,70,70,70],"relics":["Ring of the Snake","Ninja Scroll","Bird Faced Urn","Girya","Lantern"],"campfire_meditates":0,"card_choices":[{"not_picked":["Acrobatics","Quick Slash"],"picked":"Sucker Punch"},{"not_picked":["Dagger Throw","Noxious Fumes"],"picked":"Infinite Blades"},{"not_picked":["Noxious Fumes","Wraith Form"],"picked":"Dagger Spray"},{"not_picked":["Flechettes","Calculated Gamble"],"picked":"Storm of Steel"},{"not_picked":["Bouncing Flask","Dagger Throw"],"picked":"Backflip"},{"not_picked":["Flying Knee","Finisher"],"picked":"Distraction"},{"not_picked":["PiercingWail","Deflect"],"picked":"Sucker Punch"}],"player_experience":50631,"potions_floor_usage":[16],"damage_taken":[{"damage":6,"enemies":"Jaw Worm","floor":1,"turns":5},{"damage":0,"enemies":"Small Slimes","floor":2,"turns":4},{"damage":4,"enemies":"Blue Slaver","floor":5,"turns":4},{"damage":43,"enemies":"Lagavulin","floor":7,"turns":7},{"damage":6,"enemies":"3 Louse","floor":11,"turns":2},{"damage":2,"enemies":"Looter","floor":12,"turns":2},{"damage":9,"enemies":"Exordium Thugs","floor":13,"turns":4},{"damage":44,"enemies":"Slime Boss","floor":16,"turns":8}],"event_choices":[{"event_name":"Scrap Ooze","player_choice":"success","floor":3,"damage_taken":7},{"event_name":"Wheel of Change","player_choice":"Curse","floor":4,"damage_taken":0},{"event_name":"World of Goop","player_choice":"Left","floor":8,"damage_taken":0}],"boss_relics":[],"potions_floor_spawned":[7,11],"seed_played":"7831432792145758680","killed_by":"Slime Boss","is_trial":false}