{"gold_per_floor":[117,129,129,147,24,24,59,59,132,162,162,180,213,223,223,223],"floor_reached":16,"playtime":696,"items_purged":["Strike_R"],"score":168,"play_id":"8bf578d1-4e77-43cc-ba0a-b1d7601c98ca","local_time":"20190126214511","is_ascension_mode":true,"campfire_choices":[{"data":"Armaments","floor":6,"key":"SMITH"},{"data":"Rampage","floor":8,"key":"SMITH"},{"data":"True Grit","floor":15,"key":"SMITH"}],"neow_cost":"TEN_PERCENT_HP_LOSS","seed_source_timestamp":149898589796376,"circlet_count":0,"master_deck":["Strike_R","Strike_R","Strike_R","Defend_R","Defend_R","Defend_R","Defend_R","Bash","True Grit+1","Rampage+1","Armaments+1","Iron Wave","True Grit","Sentinel","Iron Wave","Iron Wave"],"relics":["Burning Blood","Magic Flower","Omamori","Bag of Preparation","Paper Frog","Gremlin Horn","Art of War"],"potions_floor_usage":[10,13,13,14],"damage_taken":[{"damage":10,"enemies":"2 Louse","floor":1,"turns":3},{"damage":14,"enemies":"Jaw Worm","floor":2,"turns":6},{"damage":0,"enemies":"Cultist","floor":4,"turns":4},{"damage":36,"enemies":"Gremlin Nob","floor":7,"turns":5},{"damage":12,"enemies":"Lagavulin","floor":10,"turns":7},{"damage":6,"enemies":"Exordium Wildlife","floor":12,"turns":4},{"damage":25,"enemies":"Gremlin Nob","floor":13,"turns":6},{"damage":0,"enemies":"Exordium Thugs","floor":14,"turns":4},{"damage":28,"enemies":"Hexaghost","floor":16,"turns":12}],"seed_played":"-2149382793377927275","potions_obtained":[{"floor":1,"key":"PowerPotion"},{"floor":7,"key":"PowerPotion"},{"floor":10,"key":"Swift Potion"},{"floor":13,"key":"Explosive Potion"}],"is_trial":false,"path_per_floor":["M","M","?","M","$","R","E","R","T","E","?","M","E","M","R","B"],"character_chosen":"IRONCLAD","items_purchased":["Armaments"],"campfire_rested":0,"item_purchase_floors":[5],"current_hp_per_floor":[71,66,48,57,57,57,30,30,30,27,27,30,14,23,23,0],"gold":223,"neow_bonus":"ONE_RARE_RELIC","is_prod":false,"is_daily":false,"chose_seed":false,"campfire_upgraded":3,"win_rate":0,"timestamp":1548531911,"path_taken":["M","M","?","M","$","R","E","R","T","E","?","?","E","M","R","BOSS"],"build_version":"2019-01-23","purchased_purges":1,"victory":false,"max_hp_per_floor":[72,72,72,72,72,72,72,72,72,72,72,72,72,72,72,72],"card_choices":[{"not_picked":["Blood for Blood","Dropkick"],"picked":"True Grit","floor":1},{"not_picked":["Shrug It Off","Perfected Strike"],"picked":"Rampage","floor":2},{"not_picked":["Feel No Pain","Rupture","Combust"],"picked":"SKIP","floor":4},{"not_picked":["Sword Boomerang","Havoc"],"picked":"Iron Wave","floor":7},{"not_picked":["Anger","Thunderclap"],"picked":"True Grit","floor":10},{"not_picked":["Thunderclap","Feed"],"picked":"Sentinel","floor":12},{"not_picked":["True Grit","Reckless Charge"],"picked":"Iron Wave","floor":13},{"not_picked":["Dual Wield","Heavy Blade"],"picked":"Iron Wave","floor":14}],"player_experience":147901,"relics_obtained":[{"floor":7,"key":"Bag of Preparation"},{"floor":9,"key":"Paper Frog"},{"floor":10,"key":"Gremlin Horn"},{"floor":13,"key":"Art of War"}],"event_choices":[{"damage_healed":0,"gold_gain":0,"player_choice":"Success","damage_taken":18,"relics_obtained":["Omamori"],"max_hp_gain":0,"max_hp_loss":0,"event_name":"Scrap Ooze","floor":3,"gold_loss":0},{"cards_removed":["Strike_R"],"damage_healed":0,"gold_gain":0,"player_choice":"Offered Basic","damage_taken":0,"max_hp_gain":0,"max_hp_loss":0,"event_name":"Bonfire Elementals","floor":11,"gold_loss":0}],"is_beta":false,"boss_relics":[],"items_purged_floors":[5],"is_endless":false,"potions_floor_spawned":[1,7,10,13],"killed_by":"Hexaghost","ascension_level":8}