{"gold_per_floor":[110,110,127,143,162,50,62,94,119,153,153,182,182,208,208,283,283,296,54,73,73,73,73],"floor_reached":23,"playtime":1075,"items_purged":[],"score":387,"play_id":"99698ea9-1b2f-4c53-b927-a33b29be5a74","local_time":"20190201211802","is_ascension_mode":true,"campfire_choices":[{"floor":15,"key":"REST"}],"neow_cost":"PERCENT_DAMAGE","seed_source_timestamp":358071542289300,"circlet_count":0,"master_deck":["AscendersBane","Strike_R","Strike_R","Strike_R","Strike_R","Defend_R","Defend_R","Defend_R","Defend_R","Bash","Infernal Blade+1","Iron Wave","Metallicize","Offering","Thunderclap","Cleave","Headbutt","Iron Wave","Headbutt","Double Tap","Ghostly Armor","Blood for Blood","Flame Barrier","Ghostly","Ghostly","Ghostly"],"relics":["Burning Blood","Champion Belt","Strawberry","Bag of Preparation","Happy Flower","Orichalcum","Anchor","Snecko Eye","Vajra"],"potions_floor_usage":[5,7,16],"damage_taken":[{"damage":1,"enemies":"Small Slimes","floor":1,"turns":4},{"damage":7,"enemies":"Jaw Worm","floor":3,"turns":3},{"damage":4,"enemies":"2 Louse","floor":4,"turns":3},{"damage":17,"enemies":"Lots of Slimes","floor":5,"turns":8},{"damage":0,"enemies":"3 Louse","floor":7,"turns":3},{"damage":30,"enemies":"Lagavulin","floor":8,"turns":5},{"damage":15,"enemies":"3 Sentries","floor":10,"turns":5},{"damage":15,"enemies":"Lagavulin","floor":12,"turns":6},{"damage":22,"enemies":"The Guardian","floor":16,"turns":13},{"damage":59,"enemies":"Spheric Guardian","floor":18,"turns":10},{"damage":1,"enemies":"2 Thieves","floor":20,"turns":2},{"damage":22,"enemies":"Book of Stabbing","floor":23,"turns":4}],"seed_played":"7413761950839866771","potions_obtained":[{"floor":4,"key":"SkillPotion"},{"floor":5,"key":"SteroidPotion"},{"floor":7,"key":"Fire Potion"},{"floor":10,"key":"PowerPotion"}],"is_trial":false,"path_per_floor":["M","?","M","M","M","$","M","E","T","E","?","E","?","T","R","B",null,"M","$","M","?","?","E"],"character_chosen":"IRONCLAD","items_purchased":["Thunderclap","Cleave","Blood for Blood","Vajra"],"campfire_rested":1,"item_purchase_floors":[6,6,19,19],"current_hp_per_floor":[55,48,47,49,38,38,44,27,27,18,18,9,9,9,33,17,66,13,13,18,18,9,0],"gold":73,"neow_bonus":"ONE_RARE_RELIC","is_prod":false,"is_daily":false,"chose_seed":false,"campfire_upgraded":0,"win_rate":0,"timestamp":1549052282,"path_taken":["M","?","M","M","M","$","M","E","T","E","?","E","?","?","R","BOSS","M","?","M","?","?","E"],"build_version":"2019-01-23","purchased_purges":0,"victory":false,"max_hp_per_floor":[75,75,75,75,75,75,75,82,82,82,82,82,82,82,82,82,82,82,82,82,41,41,41],"card_choices":[{"not_picked":["Anger","Feel No Pain"],"picked":"Infernal Blade","floor":1},{"not_picked":["Wild Strike","Bloodletting"],"picked":"Iron Wave","floor":3},{"not_picked":["Havoc","Reckless Charge"],"picked":"Metallicize","floor":4},{"not_picked":["Wild Strike","Headbutt"],"picked":"Offering","floor":5},{"not_picked":["Rampage","Twin Strike"],"picked":"Headbutt","floor":7},{"not_picked":["Cleave","Searing Blow","True Grit"],"picked":"SKIP","floor":8},{"not_picked":["Clash","Exhume"],"picked":"Iron Wave","floor":10},{"not_picked":["Perfected Strike","Clash"],"picked":"Headbutt","floor":12},{"not_picked":["Bludgeon","Reaper"],"picked":"Double Tap","floor":16},{"not_picked":["Anger","Wild Strike"],"picked":"Ghostly Armor","floor":18},{"not_picked":["Wild Strike","Anger"],"picked":"Flame Barrier","floor":20}],"player_experience":303912,"relics_obtained":[{"floor":8,"key":"Strawberry"},{"floor":9,"key":"Bag of Preparation"},{"floor":10,"key":"Happy Flower"},{"floor":12,"key":"Orichalcum"},{"floor":14,"key":"Anchor"}],"event_choices":[{"cards_removed":["Strike_R"],"damage_healed":0,"gold_gain":0,"player_choice":"Card Removal","damage_taken":7,"max_hp_gain":0,"max_hp_loss":0,"event_name":"Golden Wing","floor":2,"gold_loss":0},{"damage_healed":0,"gold_gain":0,"player_choice":"Grow","damage_taken":0,"max_hp_gain":0,"max_hp_loss":0,"event_name":"Living Wall","floor":11,"gold_loss":0,"cards_upgraded":["Infernal Blade"]},{"damage_healed":0,"gold_gain":0,"player_choice":"Ignored","damage_taken":0,"max_hp_gain":0,"max_hp_loss":0,"event_name":"Liars Game","floor":13,"gold_loss":0},{"damage_healed":0,"gold_gain":0,"player_choice":"Became a Ghost","damage_taken":0,"max_hp_gain":0,"max_hp_loss":41,"event_name":"Ghosts","floor":21,"gold_loss":0,"cards_obtained":["Ghostly","Ghostly","Ghostly"]},{"damage_healed":0,"gold_gain":0,"player_choice":"Stopped","damage_taken":9,"max_hp_gain":0,"max_hp_loss":0,"event_name":"Cursed Tome","floor":22,"gold_loss":0}],"is_beta":false,"boss_relics":[{"not_picked":["Pandora\u0027s Box","Empty Cage"],"picked":"Snecko Eye"}],"items_purged_floors":[],"is_endless":false,"potions_floor_spawned":[4,5,7,10,12],"killed_by":"Book of Stabbing","ascension_level":17}