{"path_per_floor":["M","M","?","M","?","E","M","M","T","$","M","$"],"character_chosen":"IRONCLAD","items_purchased":["Molten Egg 2","Rampage"],"gold_per_floor":[115,135,385,395,345,376,392,403,403,65,80,5,5],"floor_reached":13,"campfire_rested":0,"playtime":521,"item_purchase_floors":[10,10],"current_hp_per_floor":[66,61,61,53,53,31,23,16,16,16,5,5,1],"items_purged":["Defend_R"],"gold":5,"score":131,"play_id":"64051b68-a36e-4dbc-8be0-ce716728c6aa","local_time":"20180527183341","is_prod":false,"is_daily":false,"chose_seed":false,"is_ascension_mode":true,"campfire_upgraded":0,"win_rate":0,"timestamp":1527438821,"campfire_choices":[],"path_taken":["BOSS","M","?","?","M","?","E","M","?","T","$","M","$","M"],"build_version":"2018-05-24","seed_source_timestamp":0,"purchased_purges":1,"victory":false,"master_deck":["Strike_R","Strike_R","Strike_R","Strike_R","Strike_R","Defend_R","Defend_R","Defend_R","Bash","AscendersBane","Thunderclap","Shockwave","Inflame","Rampage+1"],"max_hp_per_floor":[80,80,80,80,80,80,80,80,80,80,80,80,80],"relics":["Cursed Key","Bag of Preparation","Molten Egg 2"],"card_choices":[{"not_picked":["Sword Boomerang","Cleave","Clothesline"],"picked":"SKIP","floor":1},{"not_picked":["Sword Boomerang","Rupture"],"picked":"Thunderclap","floor":2},{"not_picked":["Armaments","Heavy Blade","Cleave"],"picked":"SKIP","floor":4},{"not_picked":["Flame Barrier","Armaments"],"picked":"Shockwave","floor":6},{"not_picked":["Perfected Strike","Sever Soul","Havoc"],"picked":"SKIP","floor":7},{"not_picked":["Headbutt","Feel No Pain"],"picked":"Inflame","floor":8},{"not_picked":["Perfected Strike+1","Limit Break","Seeing Red"],"picked":"SKIP","floor":11}],"player_experience":196366,"potions_floor_usage":[13,13],"damage_taken":[{"damage":6,"enemies":"Cultist","floor":1,"turns":3},{"damage":5,"enemies":"2 Louse","floor":2,"turns":3},{"damage":8,"enemies":"Small Slimes","floor":4,"turns":4},{"damage":22,"enemies":"3 Sentries","floor":6,"turns":6},{"damage":8,"enemies":"Blue Slaver","floor":7,"turns":3},{"damage":7,"enemies":"Large Slime","floor":8,"turns":5},{"damage":11,"enemies":"Lots of Slimes","floor":11,"turns":5},{"damage":4,"enemies":"Exordium Thugs","floor":13,"turns":2}],"relics_obtained":[{"floor":6,"key":"Bag of Preparation"}],"event_choices":[{"event_name":"Golden Shrine","player_choice":"Desecrate","floor":3,"damage_taken":0},{"event_name":"The Cleric","player_choice":"Card Removal","floor":5,"damage_taken":0}],"boss_relics":[],"items_purged_floors":[12],"potions_floor_spawned":[7,8,11],"seed_played":"4633408418876490913","killed_by":"Exordium Thugs","ascension_level":10,"potions_obtained":[{"floor":7,"key":"Poison Potion"},{"floor":8,"key":"Weak Potion"},{"floor":11,"key":"GamblersBrew"}],"is_trial":false}