{"gold_per_floor":[118,118,34,84,134,134,163,213,213,233,244,28,28,46,46,118,118,135,185,261,511,571,604,620,670,670,670,740,740,97,129,129,203,203,218,268,370,385,435,465,465],"floor_reached":41,"playtime":2162,"items_purged":[],"score":927,"play_id":"09a54d72-84f0-458f-9331-b8ed9c62b9fa","local_time":"20190207005335","is_ascension_mode":true,"campfire_choices":[{"floor":6,"key":"REST"},{"floor":13,"key":"REST"},{"data":"Body Slam","floor":15,"key":"SMITH"},{"floor":27,"key":"REST"},{"floor":29,"key":"REST"},{"floor":32,"key":"REST"}],"neow_cost":"TEN_PERCENT_HP_LOSS","seed_source_timestamp":0,"circlet_count":0,"master_deck":["AscendersBane","Strike_R","Strike_R","Strike_R","Strike_R","Strike_R","Defend_R","Defend_R","Defend_R","Defend_R+1","Bash","Headbutt+1","Iron Wave","Twin Strike","Battle Trance","Body Slam+1","Feed","Shrug It Off","Inflame","Double Tap","Anger","Iron Wave","Anger","Clash","Uppercut","Anger","Demon Form","Exhume","Iron Wave","Transmutation","Clash","Barricade","Jack Of All Trades","Dark Shackles","Discovery","Impervious","Flame Barrier","Impervious","Evolve"],"special_seed":0,"relics":["Burning Blood","SsserpentHead","Regal Pillow","Torii","Kunai","PreservedInsect","Philosopher\u0027s Stone","Red Mask","Blood Vial","Dodecahedron","Tiny Chest","Mummified Hand","Fusion Hammer","Dead Branch","Peace Pipe"],"potions_floor_usage":[7,16,20,20,23,33,33,37,40],"damage_taken":[{"damage":10,"enemies":"Small Slimes","floor":1,"turns":3},{"damage":27,"enemies":"Gremlin Nob","floor":7,"turns":4},{"damage":0,"enemies":"Cultist","floor":10,"turns":3},{"damage":1,"enemies":"2 Louse","floor":11,"turns":3},{"damage":0,"enemies":"2 Fungi Beasts","floor":14,"turns":3},{"damage":29,"enemies":"The Guardian","floor":16,"turns":13},{"damage":0,"enemies":"Chosen","floor":18,"turns":3},{"damage":20,"enemies":"Masked Bandits","floor":20,"turns":4},{"damage":13,"enemies":"3 Byrds","floor":22,"turns":5},{"damage":48,"enemies":"Slavers","floor":23,"turns":7},{"damage":1,"enemies":"Centurion and Healer","floor":24,"turns":5},{"damage":29,"enemies":"Chosen and Byrds","floor":28,"turns":8},{"damage":21,"enemies":"Snecko","floor":31,"turns":4},{"damage":46,"enemies":"Champ","floor":33,"turns":9},{"damage":1,"enemies":"Orb Walker","floor":35,"turns":2},{"damage":41,"enemies":"2 Orb Walkers","floor":37,"turns":5},{"damage":1,"enemies":"3 Shapes","floor":38,"turns":2},{"damage":46,"enemies":"Reptomancer","floor":40,"turns":7},{"damage":17,"enemies":"3 Darklings","floor":41,"turns":2}],"seed_played":"3684770466499364747","potions_obtained":[{"floor":11,"key":"SkillPotion"},{"floor":14,"key":"Energy Potion"},{"floor":16,"key":"Swift Potion"},{"floor":22,"key":"PowerPotion"},{"floor":28,"key":"Swift Potion"},{"floor":33,"key":"Swift Potion"},{"floor":37,"key":"EssenceOfSteel"},{"floor":38,"key":"PowerPotion"},{"floor":40,"key":"LiquidBronze"}],"is_trial":false,"path_per_floor":["M","?","$","?","?","R","E","?","T","M","M","$","R","M","R","B",null,"M","?","?","?","M","E","M","?","T","R","M","R","$","M","R","B",null,"M","?","?","M","?","E","M"],"character_chosen":"IRONCLAD","items_purchased":["Iron Wave","Twin Strike","Poison Potion","PreservedInsect","Shrug It Off","Tiny Chest","Mummified Hand","Iron Wave","Transmutation","Poison Potion"],"campfire_rested":5,"item_purchase_floors":[3,3,3,12,12,30,30,30,30,30],"current_hp_per_floor":[64,64,64,64,44,64,43,8,8,14,19,19,54,63,63,43,66,75,75,64,64,57,15,22,22,22,61,43,82,82,68,83,43,73,80,70,40,50,50,12,0],"gold":465,"neow_bonus":"THREE_RARE_CARDS","is_prod":false,"is_daily":false,"chose_seed":false,"campfire_upgraded":1,"win_rate":0,"timestamp":1549497215,"path_taken":["M","?","?","?","?","R","E","?","T","M","M","$","R","M","R","BOSS","M","?","?","?","?","E","M","?","T","R","?","R","?","M","R","BOSS","M","?","?","M","?","E","M"],"build_version":"2019-01-23","purchased_purges":0,"victory":false,"max_hp_per_floor":[68,68,68,68,68,68,68,68,68,68,68,68,68,71,71,74,74,77,77,80,80,80,80,80,80,80,80,83,83,83,83,83,83,83,83,83,86,89,89,89,89],"card_choices":[{"not_picked":["Body Slam","Clothesline"],"picked":"Headbutt","floor":1},{"not_picked":["Entrench","Shrug It Off"],"picked":"Battle Trance","floor":7},{"not_picked":["Clothesline","Headbutt"],"picked":"Body Slam","floor":10},{"not_picked":["Carnage","Spot Weakness"],"picked":"Feed","floor":11},{"not_picked":["Sword Boomerang","True Grit"],"picked":"Inflame","floor":14},{"not_picked":["Fiend Fire","Berserk"],"picked":"Double Tap","floor":16},{"not_picked":["Warcry","Iron Wave"],"picked":"Anger","floor":18},{"not_picked":["Body Slam","Headbutt"],"picked":"Iron Wave","floor":20},{"not_picked":["Cleave","Clash"],"picked":"Anger","floor":22},{"not_picked":["Blood for Blood","Inflame"],"picked":"Clash","floor":23},{"not_picked":["Disarm","Headbutt"],"picked":"Uppercut","floor":24},{"not_picked":["Rampage+1","Second Wind"],"picked":"Exhume","floor":28},{"not_picked":["Inflame","Seeing Red"],"picked":"Clash","floor":31},{"not_picked":["Limit Break","Bludgeon"],"picked":"Barricade","floor":33},{"not_picked":["Cleave+1","Sentinel","Havoc"],"picked":"SKIP","floor":35},{"not_picked":["Swift Strike","Purity"],"picked":"Jack Of All Trades","floor":36},{"not_picked":["Forethought","Dramatic Entrance"],"picked":"Dark Shackles","floor":36},{"not_picked":["Dark Shackles","Good Instincts"],"picked":"Discovery","floor":36},{"not_picked":["Heavy Blade","Body Slam"],"picked":"Impervious","floor":37},{"not_picked":["Sword Boomerang","Anger"],"picked":"Flame Barrier","floor":38},{"not_picked":["Hemokinesis+1","Sever Soul"],"picked":"Evolve","floor":40}],"player_experience":342548,"relics_obtained":[{"floor":7,"key":"Regal Pillow"},{"floor":9,"key":"Kunai"},{"floor":20,"key":"Red Mask"},{"floor":23,"key":"Blood Vial"},{"floor":26,"key":"Dodecahedron"},{"floor":37,"key":"Dead Branch"},{"floor":40,"key":"Peace Pipe"}],"event_choices":[{"damage_healed":0,"gold_gain":0,"player_choice":"Trade","damage_taken":0,"relics_obtained":["SsserpentHead"],"max_hp_gain":0,"max_hp_loss":0,"event_name":"FaceTrader","floor":2,"gold_loss":0},{"damage_healed":0,"gold_gain":0,"player_choice":"Leave","damage_taken":0,"max_hp_gain":0,"max_hp_loss":0,"event_name":"The Cleric","floor":4,"gold_loss":0},{"damage_healed":0,"gold_gain":0,"player_choice":"Entered Light","damage_taken":20,"max_hp_gain":0,"max_hp_loss":0,"event_name":"Shining Light","floor":5,"gold_loss":0,"cards_upgraded":["Defend_R","Headbutt"]},{"damage_healed":0,"gold_gain":0,"player_choice":"Success","damage_taken":35,"relics_obtained":["Torii"],"max_hp_gain":0,"max_hp_loss":0,"event_name":"Scrap Ooze","floor":8,"gold_loss":0},{"damage_healed":0,"gold_gain":0,"player_choice":"Ignored","damage_taken":0,"max_hp_gain":0,"max_hp_loss":0,"event_name":"Beggar","floor":19,"gold_loss":0},{"damage_healed":0,"gold_gain":0,"player_choice":"Fought Bandits","damage_taken":0,"max_hp_gain":0,"max_hp_loss":0,"event_name":"Masked Bandits","floor":20,"gold_loss":0},{"damage_healed":0,"gold_gain":200,"player_choice":"Gold","damage_taken":0,"max_hp_gain":0,"max_hp_loss":0,"event_name":"Wheel of Change","floor":21,"gold_loss":0},{"damage_healed":0,"gold_gain":0,"player_choice":"2 cards matched","damage_taken":0,"max_hp_gain":0,"max_hp_loss":0,"event_name":"Match and Keep!","floor":25,"gold_loss":0,"cards_obtained":["Anger","Demon Form"]},{"damage_healed":0,"gold_gain":0,"player_choice":"Memory 3","damage_taken":10,"max_hp_gain":0,"max_hp_loss":0,"event_name":"SensoryStone","floor":36,"gold_loss":0},{"damage_healed":0,"gold_gain":0,"player_choice":"Fight","damage_taken":0,"max_hp_gain":0,"max_hp_loss":0,"event_name":"Mysterious Sphere","floor":37,"gold_loss":0},{"damage_healed":0,"gold_gain":0,"player_choice":"Copied","damage_taken":0,"max_hp_gain":0,"max_hp_loss":0,"event_name":"Duplicator","floor":39,"gold_loss":0,"cards_obtained":["Impervious"]}],"is_beta":false,"boss_relics":[{"not_picked":["Runic Pyramid","Astrolabe"],"picked":"Philosopher\u0027s Stone"},{"not_picked":["Black Blood","Tiny House"],"picked":"Fusion Hammer"}],"items_purged_floors":[],"is_endless":false,"potions_floor_spawned":[11,14,16,18,22,28,33,37,38,40],"killed_by":"3 Darklings","ascension_level":19}