{"gold_per_floor":[119,134,150,162,174,174,174,99,122,146,166,166,66,100,100],"floor_reached":15,"playtime":357,"items_purged":["Strike_R","Defend_R"],"score":147,"play_id":"78f2d982-71f9-4c46-b44f-88a19eee1523","local_time":"20190201092258","daily_mods":["Vintage"],"is_ascension_mode":false,"campfire_choices":[{"data":"Bash","floor":6,"key":"SMITH"},{"floor":15,"key":"REST"}],"neow_cost":"","seed_source_timestamp":0,"circlet_count":0,"master_deck":["Strike_R","Strike_R","Strike_R","Defend_R","Defend_R","Defend_R","Bash+1"],"relics":["Burning Blood","Regal Pillow","Anchor","Bird Faced Urn","Blue Candle","Matryoshka","Juzu Bracelet","Blood Vial","Odd Mushroom","Turnip","Bronze Scales"],"potions_floor_usage":[5,14,14],"damage_taken":[{"damage":5,"enemies":"2 Louse","floor":1,"turns":3},{"damage":1,"enemies":"Cultist","floor":2,"turns":3},{"damage":2,"enemies":"Small Slimes","floor":3,"turns":4},{"damage":8,"enemies":"Red Slaver","floor":4,"turns":3},{"damage":3,"enemies":"Gremlin Gang","floor":5,"turns":2},{"damage":34,"enemies":"The Mushroom Lair","floor":10,"turns":5},{"damage":17,"enemies":"Exordium Wildlife","floor":11,"turns":6},{"damage":14,"enemies":"Gremlin Nob","floor":14,"turns":3}],"seed_played":"2539056673877701159","potions_obtained":[{"floor":3,"key":"Energy Potion"},{"floor":4,"key":"Explosive Potion"},{"floor":11,"key":"Energy Potion"}],"is_trial":true,"path_per_floor":["M","M","M","M","M","R","?","$","T","?","M","?","$","E","R"],"character_chosen":"IRONCLAD","items_purchased":[],"campfire_rested":1,"item_purchase_floors":[],"current_hp_per_floor":[80,80,80,78,80,80,80,80,80,52,43,43,43,37,76],"gold":100,"neow_bonus":"","is_prod":false,"is_daily":false,"chose_seed":false,"campfire_upgraded":1,"win_rate":0,"timestamp":1549009378,"path_taken":["M","M","M","M","M","R","?","$","T","?","M","?","$","E","R"],"build_version":"2019-01-23","purchased_purges":2,"victory":false,"max_hp_per_floor":[80,80,80,80,80,80,80,80,80,80,80,80,80,80,80],"card_choices":[{"not_picked":["Wild Strike","Thunderclap","Clothesline"],"picked":"SKIP","floor":14}],"player_experience":294402,"relics_obtained":[{"floor":1,"key":"Regal Pillow"},{"floor":2,"key":"Anchor"},{"floor":3,"key":"Bird Faced Urn"},{"floor":4,"key":"Blue Candle"},{"floor":5,"key":"Matryoshka"},{"floor":9,"key":"Juzu Bracelet"},{"floor":9,"key":"Blood Vial"},{"floor":10,"key":"Odd Mushroom"},{"floor":11,"key":"Turnip"},{"floor":14,"key":"Bronze Scales"}],"event_choices":[{"damage_healed":0,"gold_gain":0,"player_choice":"Ignored","damage_taken":0,"max_hp_gain":0,"max_hp_loss":0,"event_name":"Liars Game","floor":7,"gold_loss":0},{"damage_healed":0,"gold_gain":0,"player_choice":"Fought Mushrooms","damage_taken":0,"max_hp_gain":0,"max_hp_loss":0,"event_name":"Mushrooms","floor":10,"gold_loss":0},{"cards_removed":["Strike_R"],"damage_healed":0,"gold_gain":0,"player_choice":"Purged","damage_taken":0,"max_hp_gain":0,"max_hp_loss":0,"event_name":"Purifier","floor":12,"gold_loss":0}],"is_beta":false,"boss_relics":[],"items_purged_floors":[8,13],"is_endless":true,"potions_floor_spawned":[3,4,11],"ascension_level":0}