{"gold_per_floor":[216,232,191,191,203,215,241,278,317,359,371,383,395,426,438,546,558,582,517,31,31,50,50,61,94,117,117,117,147,147],"floor_reached":30,"playtime":3730,"items_purged":[],"score":313,"play_id":"0753b3f6-8872-4a51-90a0-ec22829fa2ec","local_time":"20180809175906","is_ascension_mode":true,"campfire_choices":[{"data":"Noxious Fumes","floor":6,"key":"SMITH"},{"data":"Envenom","floor":12,"key":"SMITH"},{"floor":15,"key":"REST"},{"data":"Noxious Fumes","floor":23,"key":"SMITH"},{"floor":28,"key":"REST"}],"neow_cost":"NONE","seed_source_timestamp":20294301478293,"circlet_count":0,"master_deck":["Defend_G+1","Defend_G","Defend_G","Defend_G","Defend_G","Strike_G","Strike_G","Strike_G","Strike_G","Strike_G","Survivor","Neutralize","Flying Knee","Flying Knee","Noxious Fumes+1","Flying Knee","Envenom+1","Dagger Spray","Tools of the Trade","Noxious Fumes+1","Bullet Time+1","Dagger Spray+1","J.A.X.","RitualDagger","Poisoned Stab","Riddle With Holes+1","Finisher","Flying Knee"],"relics":["Ring of the Snake","MawBank","Strawberry","Regal Pillow","Dead Branch","Bottled Tornado","Eternal Feather","Lee\u0027s Waffle","Calipers","Frozen Egg 2","War Paint","Kunai"],"potions_floor_usage":[16,16,25,29],"damage_taken":[{"damage":2,"enemies":"2 Louse","floor":1,"turns":4},{"damage":0,"enemies":"Jaw Worm","floor":2,"turns":4},{"damage":2,"enemies":"Small Slimes","floor":7,"turns":4},{"damage":11,"enemies":"3 Sentries","floor":8,"turns":6},{"damage":25,"enemies":"Lagavulin","floor":10,"turns":7},{"damage":17,"enemies":"Exordium Thugs","floor":14,"turns":4},{"damage":34,"enemies":"The Guardian","floor":16,"turns":9},{"damage":15,"enemies":"Shell Parasite","floor":18,"turns":5},{"damage":24,"enemies":"Spheric Guardian","floor":22,"turns":5},{"damage":23,"enemies":"Centurion and Healer","floor":24,"turns":5},{"damage":38,"enemies":"Slavers","floor":25,"turns":5},{"damage":37,"enemies":"Gremlin Leader","floor":29,"turns":5},{"damage":28,"enemies":"Slaver and Parasite","floor":30,"turns":2}],"seed_played":"-2527061659758640594","potions_obtained":[{"floor":8,"key":"EssenceOfSteel"},{"floor":10,"key":"Poison Potion"},{"floor":14,"key":"Weak Potion"},{"floor":16,"key":"GhostInAJar"},{"floor":24,"key":"Weak Potion"}],"is_trial":false,"path_per_floor":["M","M","$","?","?","R","M","E","T","E","?","R","T","M","R","B",null,"M","?","$","?","M","R","M","E","T","$","R","E"],"character_chosen":"THE_SILENT","items_purchased":["Noxious Fumes","Lee\u0027s Waffle","Calipers"],"campfire_rested":2,"item_purchase_floors":[3,20,20],"current_hp_per_floor":[68,68,68,65,65,65,63,59,59,34,34,34,34,17,55,21,77,62,62,84,78,54,69,46,8,8,8,63,26,0],"gold":147,"neow_bonus":"HUNDRED_GOLD","is_prod":false,"is_daily":false,"chose_seed":false,"campfire_upgraded":3,"win_rate":0,"timestamp":1533862746,"path_taken":["M","M","$","?","?","R","M","E","T","E","?","R","?","M","R","BOSS","M","?","$","?","M","R","M","E","T","$","R","E","?"],"build_version":"2018-08-02","purchased_purges":0,"victory":false,"max_hp_per_floor":[70,70,70,70,70,70,70,77,77,77,77,77,77,77,77,77,77,77,77,84,84,84,84,84,84,84,84,84,84,84],"card_choices":[{"not_picked":["Underhanded Strike","Skewer"],"picked":"Flying Knee","floor":1},{"not_picked":["Cloak And Dagger","Infinite Blades"],"picked":"Flying Knee","floor":2},{"not_picked":["Concentrate","Well Laid Plans"],"picked":"Flying Knee","floor":7},{"not_picked":["Slice","Quick Slash"],"picked":"Envenom","floor":8},{"not_picked":["Deflect","Accuracy"],"picked":"Dagger Spray","floor":10},{"not_picked":["Footwork","Dodge and Roll"],"picked":"Noxious Fumes","floor":14},{"not_picked":["Doppelganger","Adrenaline"],"picked":"Bullet Time","floor":16},{"not_picked":["Tactician","Flechettes"],"picked":"Dagger Spray+1","floor":18},{"not_picked":["Sucker Punch","Dash"],"picked":"Poisoned Stab","floor":22},{"not_picked":["Setup","Acrobatics+1"],"picked":"Riddle With Holes+1","floor":24},{"not_picked":["PiercingWail","Reflex"],"picked":"Finisher","floor":25},{"not_picked":["Prepared","Bane"],"picked":"Flying Knee","floor":29}],"player_experience":316271,"relics_obtained":[{"floor":8,"key":"Strawberry"},{"floor":9,"key":"Regal Pillow"},{"floor":10,"key":"Dead Branch"},{"floor":13,"key":"Bottled Tornado"},{"floor":25,"key":"Frozen Egg 2"},{"floor":26,"key":"War Paint"},{"floor":29,"key":"Kunai"}],"event_choices":[{"event_name":"Scrap Ooze","player_choice":"success","floor":4,"damage_taken":3},{"event_name":"Golden Wing","player_choice":"Ignored","floor":5,"damage_taken":0},{"event_name":"Match and Keep!","player_choice":"1 cards matched","floor":11,"damage_taken":0},{"event_name":"Drug Dealer","player_choice":"Got JAXXED","floor":19,"damage_taken":0},{"event_name":"Nest","player_choice":"Joined the Cult","floor":21,"damage_taken":0}],"is_beta":false,"boss_relics":[{"not_picked":["Philosopher\u0027s Stone","Runic Dome"],"picked":"Eternal Feather"}],"items_purged_floors":[],"is_endless":false,"potions_floor_spawned":[8,10,14,16,24],"killed_by":"Slaver and Parasite","ascension_level":1}