{"gold_per_floor":[110,128,228,241,16,46,57,57,57,82,82,97,113,133,133,133],"floor_reached":16,"playtime":2368,"items_purged":[],"score":114,"play_id":"7b9f28b0-a29b-445c-bb11-3160be73fcc9","local_time":"20190220215646","is_ascension_mode":false,"campfire_choices":[{"floor":11,"key":"REST"},{"floor":15,"key":"REST"}],"neow_cost":"NONE","seed_source_timestamp":719480956844585,"circlet_count":0,"master_deck":["Defend_G","Defend_G","Defend_G","Defend_G","Defend_G","Strike_G","Strike_G","Strike_G","Strike_G","Survivor","Neutralize","Flying Knee","Crippling Poison","Heel Hook","Blade Dance","Slice","Distraction","Poisoned Stab","Blur","Sucker Punch","Backstab","Bullet Time"],"relics":["Ring of the Snake","NeowsBlessing","Pen Nib","Centennial Puzzle","Bag of Marbles","Darkstone Periapt"],"potions_floor_usage":[6,10,16,16],"damage_taken":[{"damage":0,"enemies":"Small Slimes","floor":1,"turns":1},{"damage":0,"enemies":"Cultist","floor":2,"turns":1},{"damage":0,"enemies":"2 Louse","floor":4,"turns":1},{"damage":22,"enemies":"Lagavulin","floor":6,"turns":7},{"damage":1,"enemies":"Red Slaver","floor":7,"turns":5},{"damage":15,"enemies":"3 Sentries","floor":10,"turns":9},{"damage":2,"enemies":"Large Slime","floor":12,"turns":7},{"damage":9,"enemies":"Exordium Wildlife","floor":13,"turns":4},{"damage":0,"enemies":"2 Fungi Beasts","floor":14,"turns":2},{"damage":64,"enemies":"The Guardian","floor":16,"turns":16}],"seed_played":"6596521118456007294","potions_obtained":[{"floor":1,"key":"Ancient Potion"},{"floor":4,"key":"Poison Potion"},{"floor":7,"key":"GhostInAJar"},{"floor":12,"key":"FearPotion"},{"floor":14,"key":"EssenceOfSteel"}],"is_trial":false,"path_per_floor":["?","M","?","M"],"character_chosen":"THE_SILENT","items_purchased":["Pen Nib","Blade Dance","Slice"],"campfire_rested":2,"item_purchase_floors":[5,5,5],"current_hp_per_floor":[70,70,70,70,70,48,47,47,47,32,53,51,42,42,63,0],"gold":133,"neow_bonus":"THREE_ENEMY_KILL","is_prod":false,"is_daily":false,"chose_seed":false,"campfire_upgraded":0,"win_rate":0.0,"timestamp":1550674606,"path_taken":["M","M","?","M","$","E","?","?","T","E","R","M","?","M","R","BOSS"],"build_version":"2019-01-23","purchased_purges":0,"victory":false,"max_hp_per_floor":[70,70,70,70,70,70,70,70,70,70,70,70,70,70,70,70],"card_choices":[{"not_picked":["Calculated Gamble","Outmaneuver"],"picked":"Flying Knee","floor":1},{"not_picked":["Blade Dance","PiercingWail"],"picked":"Crippling Poison","floor":2},{"not_picked":["Acrobatics","Underhanded Strike"],"picked":"Heel Hook","floor":4},{"not_picked":["Deadly Poison","Dodge and Roll"],"picked":"Distraction","floor":6},{"not_picked":["Outmaneuver","Deadly Poison"],"picked":"Poisoned Stab","floor":7},{"not_picked":["Poisoned Stab","Distraction"],"picked":"Blur","floor":10},{"not_picked":["Escape Plan","Riddle With Holes"],"picked":"Sucker Punch","floor":12},{"not_picked":["Acrobatics","Sucker Punch"],"picked":"Backstab","floor":13},{"not_picked":["Predator","Well Laid Plans"],"picked":"Bullet Time","floor":14}],"player_experience":164788,"relics_obtained":[{"floor":6,"key":"Centennial Puzzle"},{"floor":9,"key":"Bag of Marbles"},{"floor":10,"key":"Darkstone Periapt"}],"event_choices":[{"damage_healed":0,"gold_gain":100,"player_choice":"Pray","damage_taken":0,"max_hp_gain":0,"max_hp_loss":0,"event_name":"Golden Shrine","floor":3,"gold_loss":0},{"cards_removed":["Strike_G"],"damage_healed":0,"gold_gain":0,"player_choice":"Offered Basic","damage_taken":0,"max_hp_gain":0,"max_hp_loss":0,"event_name":"Bonfire Elementals","floor":8,"gold_loss":0}],"is_beta":false,"boss_relics":[],"items_purged_floors":[],"is_endless":false,"potions_floor_spawned":[1,4,7,12,14],"killed_by":"The Guardian","ascension_level":0}