{"gold_per_floor":[110,121,134,134,154,172,172],"floor_reached":7,"playtime":309,"items_purged":[],"score":90,"play_id":"fe267acc-ece0-431e-8004-3cedaf44a870","local_time":"20190219054741","is_ascension_mode":true,"campfire_choices":[],"neow_cost":"NONE","seed_source_timestamp":495134461446300,"circlet_count":0,"master_deck":["AscendersBane","Defend_G","Defend_G","Defend_G","Defend_G","Defend_G","Strike_G","Strike_G","Strike_G","Strike_G","Strike_G","Survivor","Neutralize+1","Flying Knee","Dagger Spray","Burst","Pain","Poisoned Stab","Deadly Poison"],"relics":["Ring of the Snake","WarpedTongs"],"potions_floor_usage":[7],"damage_taken":[{"damage":0,"enemies":"2 Louse","floor":1,"turns":5},{"damage":0,"enemies":"Cultist","floor":2,"turns":4},{"damage":0,"enemies":"Jaw Worm","floor":3,"turns":5},{"damage":19,"enemies":"Large Slime","floor":5,"turns":5},{"damage":17,"enemies":"Blue Slaver","floor":6,"turns":3},{"damage":30,"enemies":"The Mushroom Lair","floor":7,"turns":3}],"seed_played":"-4053279611807754532","potions_obtained":[{"floor":2,"key":"Weak Potion"}],"is_trial":false,"path_per_floor":["M","M","M","?","M","M","?"],"character_chosen":"THE_SILENT","items_purchased":[],"campfire_rested":0,"item_purchase_floors":[],"current_hp_per_floor":[59,59,59,59,40,23,0],"gold":172,"neow_bonus":"UPGRADE_CARD","is_prod":false,"is_daily":false,"chose_seed":false,"campfire_upgraded":0,"win_rate":0,"timestamp":1550551661,"path_taken":["M","M","M","?","?","M","?"],"build_version":"2019-01-23","purchased_purges":0,"victory":false,"max_hp_per_floor":[66,66,66,66,66,66,66],"card_choices":[{"not_picked":["Riddle With Holes","Acrobatics"],"picked":"Flying Knee","floor":1},{"not_picked":["PiercingWail","Backflip"],"picked":"Dagger Spray","floor":2},{"not_picked":["Infinite Blades","Backflip"],"picked":"Burst","floor":3},{"not_picked":["Riddle With Holes","Dagger Spray"],"picked":"Poisoned Stab","floor":5},{"not_picked":["Tactician","Sucker Punch"],"picked":"Deadly Poison","floor":6}],"player_experience":509083,"relics_obtained":[],"event_choices":[{"damage_healed":0,"gold_gain":0,"player_choice":"Rummage","damage_taken":0,"relics_obtained":["WarpedTongs"],"max_hp_gain":0,"max_hp_loss":0,"event_name":"Accursed Blacksmith","floor":4,"gold_loss":0,"cards_obtained":["Pain"]},{"damage_healed":0,"gold_gain":0,"player_choice":"Fought Mushrooms","damage_taken":0,"max_hp_gain":0,"max_hp_loss":0,"event_name":"Mushrooms","floor":7,"gold_loss":0}],"is_beta":false,"boss_relics":[],"items_purged_floors":[],"is_endless":false,"potions_floor_spawned":[2],"killed_by":"The Mushroom Lair","ascension_level":20}