{"gold_per_floor":[114,64,64,25,40,40,65,65,65,95,95,125,56,56,56,156,156,171,171,171,21,21,21,21,51,51,51,0,0,0,75,75,175,175,190,100,100,115,190,190,220,220,245,245,270,40,40,0,0,0],"floor_reached":51,"playtime":3127,"items_purged":[],"score":760,"play_id":"4fc9b2ba-0075-47d2-bb4d-fcb880c56a6a","local_time":"20190105025136","daily_mods":["Shiny","Flight","Terminal"],"is_ascension_mode":false,"campfire_choices":[{"data":"Barricade","floor":8,"key":"SMITH"},{"floor":11,"key":"REST"},{"floor":15,"key":"REST"},{"data":"Limit Break","floor":23,"key":"SMITH"},{"data":"Demon Form","floor":24,"key":"SMITH"},{"floor":27,"key":"REST"},{"data":"Limit Break","floor":32,"key":"SMITH"},{"data":"Metallicize","floor":40,"key":"SMITH"},{"data":"PanicButton","floor":42,"key":"SMITH"},{"data":"Impervious","floor":44,"key":"SMITH"},{"data":"Battle Trance","floor":47,"key":"SMITH"},{"data":"1","floor":49,"key":"LIFT"}],"neow_cost":"","seed_source_timestamp":0,"circlet_count":0,"master_deck":["Double Tap","Demon Form+1","Bludgeon+1","Feed","Limit Break+1","Barricade+1","Dark Embrace","Impervious+1","Juggernaut","Reaper","Exhume","Offering","Immolate","Thunderclap+1","Flex","Flex","Shrug It Off","Flex","Demon Form","Inflame","Writhe","Limit Break+1","Disarm","PanicButton+1","Metallicize+1","Rupture+1","Battle Trance+1"],"special_seed":17900,"relics":["Burning Blood","Lantern","Blood Vial","Red Skull","Du-Vu Doll","Eternal Feather","Kunai","Anchor","Ice Cream","Incense Burner","Girya","Blue Candle","Sozu","Self Forming Clay","Whetstone","Pen Nib","Oddly Smooth Stone","Boot","Red Mask"],"potions_floor_usage":[25,25,25,25,25,50,50],"damage_taken":[{"damage":0,"enemies":"Small Slimes","floor":1,"turns":1},{"damage":0,"enemies":"2 Louse","floor":5,"turns":2},{"damage":62,"enemies":"3 Sentries","floor":10,"turns":10},{"damage":49,"enemies":"Gremlin Nob","floor":12,"turns":6},{"damage":6,"enemies":"Slime Boss","floor":16,"turns":12},{"damage":10,"enemies":"Spheric Guardian","floor":18,"turns":9},{"damage":52,"enemies":"Slavers","floor":25,"turns":7},{"damage":41,"enemies":"Collector","floor":33,"turns":9},{"damage":13,"enemies":"Orb Walker","floor":35,"turns":7},{"damage":30,"enemies":"3 Darklings","floor":38,"turns":7},{"damage":16,"enemies":"Giant Head","floor":41,"turns":9},{"damage":33,"enemies":"Donu and Deca","floor":50,"turns":6}],"seed_played":"8207971978240580140","potions_obtained":[{"floor":5,"key":"SpeedPotion"},{"floor":10,"key":"FearPotion"},{"floor":12,"key":"SpeedPotion"},{"floor":18,"key":"EntropicBrew"},{"floor":25,"key":"SteroidPotion"}],"is_trial":false,"path_per_floor":["M","?","$","?","M","?","T","R","T","E","R","E","$","?","R","B",null,"M","T","?","$","?","R","R","E","T","R","?","?","?","T","R","B",null,"M","$","?","M","T","R","E","R","T","R","T","$","R","?","R","B",null],"character_chosen":"IRONCLAD","items_purchased":["Shrug It Off","Flex","Anchor","PanicButton","Battle Trance","Boot"],"campfire_rested":3,"item_purchase_floors":[13,13,21,36,46,46],"current_hp_per_floor":[81,80,79,78,77,81,80,79,78,30,54,27,27,27,50,76,76,74,74,73,72,71,70,69,26,26,59,59,47,47,47,59,26,67,63,63,63,41,41,56,48,62,61,60,59,58,57,56,55,45],"gold":0,"neow_bonus":"","is_prod":false,"is_daily":true,"chose_seed":false,"campfire_upgraded":8,"win_rate":0,"timestamp":1546649496,"path_taken":["M","?","$","?","M","?","?","R","T","E","R","E","?","?","R","BOSS","M","?","?","$","?","R","R","E","T","R","?","?","?","?","R","BOSS","M","$","?","?","?","R","E","R","T","R","?","$","R","?","R","BOSS"],"build_version":"2019-01-03v4","purchased_purges":0,"victory":true,"max_hp_per_floor":[81,80,79,78,77,81,80,79,78,80,79,81,80,79,78,77,76,75,74,73,72,71,70,69,71,70,69,68,72,71,70,69,68,67,69,68,67,66,65,64,63,62,61,60,59,58,57,56,55,54],"card_choices":[{"not_picked":["Second Wind","Anger"],"picked":"Thunderclap","floor":1},{"not_picked":["Perfected Strike","Body Slam"],"picked":"Flex","floor":5},{"not_picked":["Dropkick","Combust"],"picked":"Flex","floor":10},{"not_picked":["Sever Soul","Entrench","Clash"],"picked":"SKIP","floor":12},{"not_picked":["Brutality","Reaper"],"picked":"Demon Form","floor":16},{"not_picked":["Burning Pact","Havoc"],"picked":"Inflame","floor":18},{"not_picked":["Perfected Strike","Warcry"],"picked":"Limit Break","floor":25},{"not_picked":["Sever Soul","Sentinel"],"picked":"Disarm","floor":35},{"not_picked":["Wild Strike+1","Burning Pact"],"picked":"Metallicize","floor":38},{"not_picked":["Heavy Blade","Thunderclap"],"picked":"Rupture+1","floor":41}],"player_experience":54723,"relics_obtained":[{"floor":7,"key":"Lantern"},{"floor":9,"key":"Blood Vial"},{"floor":10,"key":"Red Skull"},{"floor":12,"key":"Du-Vu Doll"},{"floor":19,"key":"Kunai"},{"floor":25,"key":"Incense Burner"},{"floor":26,"key":"Girya"},{"floor":31,"key":"Blue Candle"},{"floor":39,"key":"Self Forming Clay"},{"floor":41,"key":"Whetstone"},{"floor":43,"key":"Pen Nib"},{"floor":45,"key":"Oddly Smooth Stone"}],"event_choices":[{"cards_removed":["Brutality"],"damage_healed":0,"gold_gain":0,"player_choice":"Card Removal","damage_taken":0,"max_hp_gain":0,"max_hp_loss":0,"event_name":"The Cleric","floor":2,"gold_loss":50},{"damage_healed":0,"gold_gain":0,"player_choice":"Left Gold","damage_taken":0,"max_hp_gain":0,"max_hp_loss":0,"event_name":"World of Goop","floor":4,"gold_loss":39},{"damage_healed":0,"gold_gain":0,"player_choice":"Donut","damage_taken":0,"max_hp_gain":5,"max_hp_loss":0,"event_name":"Big Fish","floor":6,"gold_loss":0},{"cards_removed":["Berserk"],"damage_healed":0,"gold_gain":0,"player_choice":"Purged","damage_taken":0,"max_hp_gain":0,"max_hp_loss":0,"event_name":"Purifier","floor":14,"gold_loss":0},{"damage_healed":0,"gold_gain":0,"player_choice":"Ignored","damage_taken":0,"max_hp_gain":0,"max_hp_loss":0,"event_name":"Beggar","floor":20,"gold_loss":0},{"damage_healed":0,"gold_gain":0,"player_choice":"Opened","damage_taken":0,"relics_obtained":["Ice Cream"],"max_hp_gain":0,"max_hp_loss":0,"event_name":"The Mausoleum","floor":22,"gold_loss":0,"cards_obtained":["Writhe"]},{"damage_healed":0,"gold_gain":0,"player_choice":"Paid Fearfully","damage_taken":0,"max_hp_gain":0,"max_hp_loss":0,"event_name":"Masked Bandits","floor":28,"gold_loss":51},{"damage_healed":0,"gold_gain":0,"player_choice":"Shed Blood","damage_taken":17,"max_hp_gain":5,"max_hp_loss":0,"event_name":"Forgotten Altar","floor":29,"gold_loss":0},{"cards_removed":["Fiend Fire"],"damage_healed":0,"gold_gain":0,"player_choice":"Elegance","damage_taken":0,"max_hp_gain":0,"max_hp_loss":0,"event_name":"Back to Basics","floor":30,"gold_loss":0},{"damage_healed":0,"gold_gain":0,"player_choice":"Bought 0 Potions","damage_taken":0,"max_hp_gain":0,"max_hp_loss":0,"event_name":"The Woman in Blue","floor":37,"gold_loss":0},{"damage_healed":0,"gold_gain":0,"player_choice":"Paid","damage_taken":0,"relics_obtained":["Red Mask"],"max_hp_gain":0,"max_hp_loss":0,"event_name":"Tomb of Lord Red Mask","floor":48,"gold_loss":40}],"is_beta":false,"boss_relics":[{"not_picked":["Busted Crown","Empty Cage"],"picked":"Eternal Feather"},{"not_picked":["White Beast Statue","Tiny House"],"picked":"Sozu"}],"items_purged_floors":[],"is_endless":false,"potions_floor_spawned":[5,10,12,18,25],"ascension_level":0}