{"path_per_floor":["M","?","?","?","$","E","M","$","T","$","M","M","M","?","R","B",null,"M","?","?","M","M","R"],"character_chosen":"THE_SILENT","items_purchased":["Riddle With Holes","Bane","Caltrops"],"gold_per_floor":[112,112,112,112,77,109,122,100,100,61,74,94,108,108,108,207,207,223,148,148,165,176,176],"floor_reached":24,"campfire_rested":2,"playtime":3463,"current_hp_per_floor":[70,70,63,63,63,35,35,35,35,35,35,35,35,28,64,8,70,54,54,54,52,9,55],"items_purged":[],"gold":176,"score":196,"play_id":"69c08f10-c8c7-46e1-b5ed-50678725f295","is_prod":false,"is_daily":false,"is_ascension_mode":false,"campfire_upgraded":0,"path_taken":["M","?","?","?","$","E","M","$","T","?","M","M","?","?","R","BOSS","M","?","?","?","?","R","E"],"build_version":"2018-02-08-PROD1","purchased_purges":0,"victory":false,"master_deck":["Defend_G","Defend_G","Defend_G","Defend_G","Strike_G","Strike_G","Strike_G","Strike_G","Strike_G","Survivor","Neutralize","Bullet Time","Deadly Poison","Flechettes","Riddle With Holes+1","Outmaneuver","Deflect","Bane","Caltrops","Poisoned Stab","Terror","Finisher","Adrenaline","Quick Slash","Quick Slash+1","Flying Knee"],"max_hp_per_floor":[70,70,70,70,70,70,70,70,70,70,70,70,70,70,70,70,70,70,70,70,70,70,70],"relics":["Ring of the Snake","Regal Pillow","Bottled Lightning","Unceasing Top","Prayer Wheel","Eternal Feather"],"card_choices":[{"not_picked":["Acrobatics","Distraction"],"picked":"Deadly Poison"},{"not_picked":["Cloak And Dagger","Blade Dance"],"picked":"Outmaneuver"},{"not_picked":["Concentrate","Underhanded Strike"],"picked":"Deflect"},{"not_picked":["Slice","PiercingWail"],"picked":"Poisoned Stab"},{"not_picked":["All Out Attack","Blur"],"picked":"Terror"},{"not_picked":["Quick Slash","Cloak And Dagger"],"picked":"Finisher"},{"not_picked":["Burst","Venomology"],"picked":"Adrenaline"},{"not_picked":["Deadly Poison","Cloak And Dagger"],"picked":"Quick Slash"},{"not_picked":["Dodge and Roll","Dagger Spray"],"picked":"Quick Slash"},{"not_picked":["Poisoned Stab","Outmaneuver"],"picked":"Flying Knee"}],"player_experience":166989,"potions_floor_usage":[24],"damage_taken":[{"damage":0.0,"enemies":"Cultist","floor":1.0,"turns":4.0},{"damage":28.0,"enemies":"Gremlin Nob","floor":6.0,"turns":5.0},{"damage":0.0,"enemies":"Blue Slaver","floor":7.0,"turns":3.0},{"damage":0.0,"enemies":"2 Louse","floor":11.0,"turns":2.0},{"damage":0.0,"enemies":"2 Fungi Beasts","floor":12.0,"turns":2.0},{"damage":0.0,"enemies":"3 Louse","floor":13.0,"turns":2.0},{"damage":56.0,"enemies":"Hexaghost","floor":16.0,"turns":9.0},{"damage":16.0,"enemies":"3 Byrds","floor":18.0,"turns":4.0},{"damage":2.0,"enemies":"Chosen","floor":21.0,"turns":3.0},{"damage":43,"enemies":"Centurion and Healer","floor":22,"turns":5},{"damage":55,"enemies":"Book of Stabbing","floor":24,"turns":6}],"event_choices":[{"event_name":"Accursed Blacksmith","player_choice":"Rummage","floor":2.0,"damage_taken":0.0},{"event_name":"Golden Wing","player_choice":"Card Removal","floor":3.0,"damage_taken":0.0},{"event_name":"Match and Keep!","player_choice":"1 cards matched","floor":4.0,"damage_taken":0.0},{"event_name":"Scrap Ooze","player_choice":"success","floor":14.0,"damage_taken":7.0},{"event_name":"Beggar","player_choice":"Gave Gold","floor":19.0,"damage_taken":0.0},{"event_name":"Upgrade Shrine","player_choice":"Upgraded","floor":20.0,"damage_taken":0.0}],"boss_relics":[],"potions_floor_spawned":[7,11,12,13,22],"seed_played":"8617230523706821914","killed_by":"Book of Stabbing","ascension_level":0,"is_trial":false}