{"gold_per_floor":[110,110,185,73,93,93,93,105,105,138,154,182,193,193,193,290,290,306,324,337,337,189,189,208,234,288,288,288,307,337,337,337,440,440,459,459,459,74,94,125,125,142,192,192,219,219,48,60,60,60],"floor_reached":51,"playtime":4126,"items_purged":["Strike_R"],"score":1146,"play_id":"c034f78f-58ea-40e3-8017-f8a1f55ee2d8","local_time":"20190211214529","is_ascension_mode":true,"campfire_choices":[{"data":"True Grit","floor":6,"key":"SMITH"},{"data":"Armaments","floor":15,"key":"SMITH"},{"data":"Barricade","floor":23,"key":"SMITH"},{"data":"Feel No Pain","floor":28,"key":"SMITH"},{"data":"Metallicize","floor":32,"key":"SMITH"},{"data":"Demon Form","floor":44,"key":"SMITH"},{"data":"Chrysalis","floor":46,"key":"SMITH"},{"data":"Master of Strategy","floor":49,"key":"SMITH"}],"neow_cost":"NONE","seed_source_timestamp":551157438043108,"circlet_count":0,"master_deck":["AscendersBane","Strike_R+1","Strike_R+1","Strike_R","Strike_R","Defend_R","Defend_R","Defend_R","Defend_R","Bash","True Grit","Metallicize+1","True Grit+1","Warcry","Barricade+1","Impervious","Armaments+1","Impervious","Shrug It Off","Metallicize+1","Feel No Pain+1","Exhume","Inflame","Shrug It Off+1","Armaments","Burning Pact","Warcry+1","Double Tap","Entrench+1","Chrysalis+1","Demon Form+1","Flame Barrier+1","Warcry","Master of Strategy+1","Havoc+1"],"relics":["Burning Blood","Regal Pillow","Dead Branch","Bird Faced Urn","Gremlin Horn","Mark of Pain","Art of War","Bag of Marbles","Ginger","Whetstone","Philosopher\u0027s Stone","Charon\u0027s Ashes","StoneCalendar","Bronze Scales","Smiling Mask"],"potions_floor_usage":[12,16,40,42,42,50,50],"damage_taken":[{"damage":7,"enemies":"Jaw Worm","floor":1,"turns":3},{"damage":5,"enemies":"2 Louse","floor":5,"turns":4},{"damage":8,"enemies":"Small Slimes","floor":8,"turns":10},{"damage":20,"enemies":"3 Sentries","floor":10,"turns":9},{"damage":16,"enemies":"Exordium Thugs","floor":11,"turns":7},{"damage":34,"enemies":"Gremlin Nob","floor":12,"turns":7},{"damage":10,"enemies":"Looter","floor":13,"turns":4},{"damage":2,"enemies":"The Guardian","floor":16,"turns":17},{"damage":11,"enemies":"Shell Parasite","floor":18,"turns":14},{"damage":9,"enemies":"Spheric Guardian","floor":19,"turns":12},{"damage":6,"enemies":"Centurion and Healer","floor":20,"turns":14},{"damage":0,"enemies":"Cultist and Chosen","floor":24,"turns":8},{"damage":38,"enemies":"Gremlin Leader","floor":25,"turns":12},{"damage":0,"enemies":"Colosseum Slavers","floor":27,"turns":10},{"damage":0,"enemies":"Sentry and Sphere","floor":29,"turns":9},{"damage":5,"enemies":"Book of Stabbing","floor":30,"turns":11},{"damage":13,"enemies":"Champ","floor":33,"turns":16},{"damage":2,"enemies":"3 Shapes","floor":35,"turns":9},{"damage":27,"enemies":"Orb Walker","floor":39,"turns":5},{"damage":24,"enemies":"Nemesis","floor":40,"turns":9},{"damage":20,"enemies":"Transient","floor":42,"turns":5},{"damage":1,"enemies":"Spire Growth","floor":48,"turns":6},{"damage":93,"enemies":"Awakened One","floor":50,"turns":17}],"seed_played":"-429760548766804626","potions_obtained":[{"floor":8,"key":"EssenceOfSteel"},{"floor":10,"key":"Weak Potion"},{"floor":12,"key":"Block Potion"},{"floor":16,"key":"Swift Potion"},{"floor":18,"key":"EntropicBrew"},{"floor":29,"key":"Dexterity Potion"},{"floor":48,"key":"Ancient Potion"}],"is_trial":false,"path_per_floor":["M","?","?","$","M","R","?","M","T","E","M","E","M","$","R","B",null,"M","M","M","?","$","R","M","E","T","?","R","M","E","T","R","B",null,"M","?","?","$","M","E","?","M","T","R","T","R","$","M","R","B",null],"character_chosen":"IRONCLAD","items_purchased":["Metallicize","Exhume","Inflame","Charon\u0027s Ashes","Demon Form","Master of Strategy"],"campfire_rested":0,"item_purchase_floors":[4,22,22,38,38,47],"current_hp_per_floor":[79,76,65,65,66,66,66,64,64,50,44,20,18,18,18,28,73,76,77,85,85,85,85,88,59,59,77,77,88,88,88,88,88,88,88,88,88,88,75,69,69,73,73,73,73,73,73,88,88,13],"gold":60,"neow_bonus":"TEN_PERCENT_HP_BONUS","is_prod":false,"is_daily":false,"chose_seed":false,"campfire_upgraded":8,"win_rate":0,"timestamp":1549914329,"path_taken":["M","?","?","$","M","R","?","M","T","E","M","E","M","$","R","BOSS","M","M","M","?","$","R","M","E","T","?","R","M","E","?","R","BOSS","M","?","?","$","M","E","?","M","T","R","?","R","?","M","R","BOSS"],"build_version":"2019-01-23","purchased_purges":1,"victory":true,"max_hp_per_floor":[88,88,88,88,88,88,88,88,88,88,88,88,88,88,88,88,88,88,88,88,88,88,88,88,88,88,88,88,88,88,88,88,88,88,88,88,88,88,88,88,88,88,88,88,88,88,88,88,88,88],"card_choices":[{"not_picked":["Warcry","Wild Strike"],"picked":"True Grit","floor":1},{"not_picked":["Burning Pact","Flex"],"picked":"True Grit","floor":5},{"not_picked":["Hemokinesis","Flex"],"picked":"Clothesline","floor":8},{"not_picked":["Sword Boomerang","Clash"],"picked":"Warcry","floor":10},{"not_picked":["Pommel Strike","Armaments"],"picked":"Barricade","floor":11},{"not_picked":["True Grit","Flame Barrier"],"picked":"Impervious","floor":12},{"not_picked":["Searing Blow","Heavy Blade"],"picked":"Armaments","floor":13},{"not_picked":["Offering","Bludgeon"],"picked":"Impervious","floor":16},{"not_picked":["Clash","Ghostly Armor"],"picked":"Shrug It Off","floor":18},{"not_picked":["Uppercut","Rampage"],"picked":"Metallicize","floor":19},{"not_picked":["Evolve","Pummel+1","Blood for Blood"],"picked":"SKIP","floor":20},{"not_picked":["Fire Breathing","Pummel+1"],"picked":"Shrug It Off+1","floor":24},{"not_picked":["Headbutt","Inflame"],"picked":"Armaments","floor":25},{"not_picked":["Armaments","Second Wind"],"picked":"Burning Pact","floor":29},{"not_picked":["Havoc","Sentinel"],"picked":"Warcry+1","floor":30},{"not_picked":["Exhume","Barricade"],"picked":"Double Tap","floor":33},{"not_picked":["Iron Wave+1","Havoc"],"picked":"Entrench+1","floor":35},{"not_picked":["Thinking Ahead","Madness"],"picked":"Chrysalis","floor":36},{"not_picked":["Sword Boomerang+1","Fire Breathing+1","Cleave"],"picked":"SKIP","floor":39},{"not_picked":["Ghostly Armor","Thunderclap+1"],"picked":"Flame Barrier+1","floor":40},{"not_picked":["Thunderclap+1","Perfected Strike"],"picked":"Warcry","floor":42},{"not_picked":["Reckless Charge","Flex+1"],"picked":"Havoc+1","floor":48}],"player_experience":183541,"relics_obtained":[{"floor":9,"key":"Dead Branch"},{"floor":10,"key":"Bird Faced Urn"},{"floor":12,"key":"Gremlin Horn"},{"floor":25,"key":"Art of War"},{"floor":26,"key":"Bag of Marbles"},{"floor":30,"key":"Ginger"},{"floor":31,"key":"Whetstone"},{"floor":40,"key":"StoneCalendar"},{"floor":43,"key":"Bronze Scales"},{"floor":45,"key":"Smiling Mask"}],"event_choices":[{"damage_healed":0,"gold_gain":0,"player_choice":"Success","damage_taken":3,"relics_obtained":["Regal Pillow"],"max_hp_gain":0,"max_hp_loss":0,"event_name":"Scrap Ooze","floor":2,"gold_loss":0},{"damage_healed":0,"gold_gain":75,"player_choice":"Gather Gold","damage_taken":11,"max_hp_gain":0,"max_hp_loss":0,"event_name":"World of Goop","floor":3,"gold_loss":0},{"damage_healed":0,"gold_gain":0,"player_choice":"Forge","damage_taken":0,"max_hp_gain":0,"max_hp_loss":0,"event_name":"Accursed Blacksmith","floor":7,"gold_loss":0,"cards_upgraded":["Metallicize"]},{"damage_healed":0,"gold_gain":0,"player_choice":"Read","damage_taken":0,"max_hp_gain":0,"max_hp_loss":0,"event_name":"The Library","floor":21,"gold_loss":0,"cards_obtained":["Feel No Pain"]},{"damage_healed":0,"gold_gain":0,"player_choice":"Fight","damage_taken":0,"max_hp_gain":0,"max_hp_loss":0,"event_name":"Colosseum","floor":27,"gold_loss":0},{"damage_healed":0,"gold_gain":0,"player_choice":"Fled From Nobs","damage_taken":0,"max_hp_gain":0,"max_hp_loss":0,"event_name":"Colosseum","floor":27,"gold_loss":0},{"damage_healed":0,"gold_gain":0,"player_choice":"Memory 1","damage_taken":0,"max_hp_gain":0,"max_hp_loss":0,"event_name":"SensoryStone","floor":36,"gold_loss":0},{"cards_removed":["Clothesline"],"damage_healed":0,"gold_gain":0,"player_choice":"Removed Attack","damage_taken":0,"max_hp_gain":0,"max_hp_loss":0,"event_name":"Falling","floor":37,"gold_loss":0},{"damage_healed":0,"gold_gain":0,"player_choice":"Ignored","damage_taken":0,"max_hp_gain":0,"max_hp_loss":0,"event_name":"Mysterious Sphere","floor":41,"gold_loss":0}],"is_beta":false,"boss_relics":[{"not_picked":["Lizard Tail","Runic Dome"],"picked":"Mark of Pain"},{"not_picked":["Tiny House","Runic Pyramid"],"picked":"Philosopher\u0027s Stone"}],"items_purged_floors":[4],"is_endless":false,"potions_floor_spawned":[8,10,12,16,18,25,27,29,33,39,48],"ascension_level":11}