{"gold_per_floor":[365,385,385,32,32,61,61,124,175,208,227,257,10,25,25,102,102,102,102,102,102,102,102,102,102,102,102,102,102,102,102,102,102,102,102,102,102,102,102,102,102,102,102,102,102,102,102,102,102,102,102],"floor_reached":51,"playtime":1947,"items_purged":[],"score":1698,"play_id":"4598fd03-13ea-42e2-bd9f-165ee5f1f018","local_time":"20190210212302","is_ascension_mode":true,"campfire_choices":[{"floor":7,"key":"REST"},{"floor":15,"key":"REST"},{"floor":23,"key":"REST"},{"floor":27,"key":"REST"},{"data":"Sword Boomerang","floor":32,"key":"SMITH"},{"data":"Pommel Strike","floor":41,"key":"SMITH"},{"floor":45,"key":"REST"},{"data":"Pommel Strike","floor":47,"key":"SMITH"},{"floor":49,"key":"REST"}],"neow_cost":"PERCENT_DAMAGE","seed_source_timestamp":352108929748100,"circlet_count":0,"master_deck":["AscendersBane","Strike_R","Strike_R","Strike_R","Strike_R","Strike_R","Defend_R","Defend_R","Defend_R","Defend_R","Bash+1","Feel No Pain","Seeing Red","Twin Strike","Seeing Red","Anger","Feed","Havoc","Iron Wave+1","Impervious","Twin Strike","Sword Boomerang","Shrug It Off","Metallicize+1","Clash","Thunderclap","Sword Boomerang+1","Dropkick","Limit Break","Pommel Strike+1","Infernal Blade+1","Pommel Strike+1","Infernal Blade+1","Pommel Strike","Clash","Pommel Strike+1","Clash","Pommel Strike","Clash","Feed"],"relics":["Burning Blood","Shuriken","PreservedInsect","Tiny Chest","Self Forming Clay","Red Skull","Omamori","Bag of Preparation","Bag of Marbles","Vajra","Ectoplasm","MutagenicStrength","Potion Belt","Pen Nib","Dream Catcher","Regal Pillow","Cursed Key","WingedGreaves","Mummified Hand","Art of War","Happy Flower","Whetstone","Juzu Bracelet","Bronze Scales"],"potions_floor_usage":[6,8,10,33,33,37,44,50,51],"damage_taken":[{"damage":11,"enemies":"Small Slimes","floor":1,"turns":3},{"damage":8,"enemies":"2 Louse","floor":2,"turns":3},{"damage":30,"enemies":"Lagavulin","floor":6,"turns":5},{"damage":18,"enemies":"3 Sentries","floor":8,"turns":7},{"damage":8,"enemies":"Gremlin Nob","floor":10,"turns":3},{"damage":7,"enemies":"Jaw Worm","floor":11,"turns":2},{"damage":20,"enemies":"Lagavulin","floor":12,"turns":3},{"damage":5,"enemies":"Exordium Wildlife","floor":14,"turns":3},{"damage":37,"enemies":"The Guardian","floor":16,"turns":9},{"damage":7,"enemies":"3 Byrds","floor":18,"turns":6},{"damage":18,"enemies":"Shell Parasite","floor":19,"turns":3},{"damage":7,"enemies":"Slavers","floor":24,"turns":2},{"damage":21,"enemies":"Snake Plant","floor":25,"turns":3},{"damage":0,"enemies":"Centurion and Healer","floor":29,"turns":2},{"damage":14,"enemies":"Book of Stabbing","floor":30,"turns":2},{"damage":0,"enemies":"Snecko","floor":31,"turns":4},{"damage":39,"enemies":"Champ","floor":33,"turns":9},{"damage":3,"enemies":"3 Darklings","floor":35,"turns":3},{"damage":18,"enemies":"2 Orb Walkers","floor":36,"turns":3},{"damage":28,"enemies":"3 Shapes","floor":37,"turns":5},{"damage":0,"enemies":"Sphere and 2 Shapes","floor":39,"turns":3},{"damage":23,"enemies":"Reptomancer","floor":40,"turns":3},{"damage":13,"enemies":"Giant Head","floor":42,"turns":2},{"damage":34,"enemies":"Reptomancer","floor":44,"turns":4},{"damage":21,"enemies":"Nemesis","floor":46,"turns":3},{"damage":32,"enemies":"Reptomancer","floor":48,"turns":5},{"damage":81,"enemies":"Awakened One","floor":50,"turns":7},{"damage":23,"enemies":"Time Eater","floor":51,"turns":1}],"seed_played":"-4288339580253162240","potions_obtained":[{"floor":2,"key":"BloodPotion"},{"floor":6,"key":"Swift Potion"},{"floor":8,"key":"SkillPotion"},{"floor":16,"key":"GamblersBrew"},{"floor":24,"key":"SpeedPotion"},{"floor":25,"key":"Strength Potion"},{"floor":29,"key":"Strength Potion"},{"floor":33,"key":"Swift Potion"},{"floor":35,"key":"Block Potion"},{"floor":40,"key":"Block Potion"},{"floor":46,"key":"FearPotion"}],"is_trial":false,"path_per_floor":["M","M","?","$","?","E","R","?","T","E","M","E","$","M","R","B",null,"M","M","?","?","?","R","E","M","T","R","?","M","E","M","R","B",null,"M","?","M","?","M","E","R","E","T","E","R","E","R","E","R","B","B"],"character_chosen":"IRONCLAD","items_purchased":["PreservedInsect","Tiny Chest","SkillPotion","Vajra","Havoc","Iron Wave"],"campfire_rested":6,"item_purchase_floors":[4,4,4,13,13,13],"current_hp_per_floor":[45,43,38,38,43,19,43,39,39,37,36,22,22,26,50,22,70,69,57,32,32,32,59,58,43,43,70,70,79,71,77,77,44,82,85,73,54,97,97,80,80,73,73,45,89,74,74,48,92,23,0],"gold":102,"neow_bonus":"TWO_FIFTY_GOLD","is_prod":false,"is_daily":false,"chose_seed":false,"campfire_upgraded":3,"win_rate":0,"timestamp":1549830182,"path_taken":["M","M","?","$","?","E","R","?","T","E","M","E","$","M","R","BOSS","M","M","?","?","?","R","E","M","T","R","?","M","E","?","R","BOSS","M","?","M","?","?","E","R","E","T","E","R","E","R","E","R","BOSS","BOSS"],"build_version":"2019-01-23","purchased_purges":0,"victory":false,"max_hp_per_floor":[75,75,75,75,80,80,80,80,80,80,80,80,80,83,83,86,86,86,86,91,91,91,91,91,91,91,91,91,94,94,94,94,94,94,94,94,97,97,97,97,97,97,97,97,97,97,97,97,97,103,103],"card_choices":[{"not_picked":["Heavy Blade","Iron Wave"],"picked":"Feel No Pain","floor":1},{"not_picked":["Rampage","Twin Strike"],"picked":"Seeing Red","floor":2},{"not_picked":["Bludgeon","Spot Weakness"],"picked":"Twin Strike","floor":6},{"not_picked":["Spot Weakness","Rupture"],"picked":"Seeing Red","floor":8},{"not_picked":["Dark Embrace","Feel No Pain","Sentinel"],"picked":"SKIP","floor":10},{"not_picked":["Dark Embrace","Feel No Pain","Sentinel"],"picked":"SKIP","floor":10},{"not_picked":["Dark Embrace","Feel No Pain","Sentinel"],"picked":"SKIP","floor":10},{"not_picked":["Hemokinesis","True Grit"],"picked":"Anger","floor":11},{"not_picked":["Reckless Charge","Sword Boomerang"],"picked":"Feed","floor":12},{"not_picked":["Warcry","Clothesline","Inflame"],"picked":"SKIP","floor":14},{"not_picked":["Fiend Fire","Berserk"],"picked":"Impervious","floor":16},{"not_picked":["Burning Pact","Heavy Blade"],"picked":"Twin Strike","floor":18},{"not_picked":["Perfected Strike","Twin Strike"],"picked":"Sword Boomerang","floor":19},{"not_picked":["Evolve","Limit Break"],"picked":"Shrug It Off","floor":24},{"not_picked":["Evolve","Thunderclap"],"picked":"Metallicize+1","floor":25},{"not_picked":["Perfected Strike","Pommel Strike"],"picked":"Clash","floor":27},{"not_picked":["Warcry","Clothesline+1"],"picked":"Sword Boomerang","floor":29},{"not_picked":["Dark Embrace","Perfected Strike","Shrug It Off"],"picked":"SKIP","floor":30},{"not_picked":["True Grit","Clothesline"],"picked":"Dropkick","floor":31},{"not_picked":["Barricade","Exhume"],"picked":"Limit Break","floor":33},{"not_picked":["Heavy Blade","Bloodletting"],"picked":"Pommel Strike+1","floor":35},{"not_picked":["Body Slam","Seeing Red"],"picked":"Infernal Blade+1","floor":36},{"not_picked":["Uppercut","Body Slam"],"picked":"Pommel Strike","floor":37},{"not_picked":["Hemokinesis","Sever Soul+1"],"picked":"Infernal Blade+1","floor":39},{"not_picked":["Perfected Strike","Immolate"],"picked":"Pommel Strike","floor":40},{"not_picked":["Iron Wave","Hemokinesis"],"picked":"Clash","floor":42},{"not_picked":["Anger","Thunderclap"],"picked":"Pommel Strike","floor":44},{"not_picked":["Wild Strike","Intimidate"],"picked":"Clash","floor":45},{"not_picked":["Thunderclap+1","Perfected Strike+1"],"picked":"Pommel Strike","floor":46},{"not_picked":["True Grit","Sword Boomerang+1"],"picked":"Clash","floor":48},{"not_picked":["Ghostly Armor","Sentinel"],"picked":"Feed","floor":49}],"player_experience":356767,"relics_obtained":[{"floor":6,"key":"Self Forming Clay"},{"floor":8,"key":"Red Skull"},{"floor":9,"key":"Omamori"},{"floor":10,"key":"Bag of Preparation"},{"floor":12,"key":"Bag of Marbles"},{"floor":24,"key":"Pen Nib"},{"floor":26,"key":"Dream Catcher"},{"floor":30,"key":"Regal Pillow"},{"floor":36,"key":"WingedGreaves"},{"floor":40,"key":"Mummified Hand"},{"floor":42,"key":"Art of War"},{"floor":43,"key":"Happy Flower"},{"floor":44,"key":"Whetstone"},{"floor":46,"key":"Juzu Bracelet"},{"floor":48,"key":"Bronze Scales"}],"event_choices":[{"damage_healed":0,"gold_gain":0,"player_choice":"Success","damage_taken":5,"relics_obtained":["Shuriken"],"max_hp_gain":0,"max_hp_loss":0,"event_name":"Scrap Ooze","floor":3,"gold_loss":0},{"damage_healed":0,"gold_gain":0,"player_choice":"Donut","damage_taken":0,"max_hp_gain":5,"max_hp_loss":0,"event_name":"Big Fish","floor":5,"gold_loss":0},{"damage_healed":0,"gold_gain":0,"player_choice":"Searched \u00271\u0027 times","damage_taken":0,"max_hp_gain":0,"max_hp_loss":0,"event_name":"Dead Adventurer","floor":8,"gold_loss":0},{"damage_healed":0,"gold_gain":0,"player_choice":"Shed Blood","damage_taken":30,"max_hp_gain":5,"max_hp_loss":0,"event_name":"Forgotten Altar","floor":20,"gold_loss":0},{"damage_healed":0,"gold_gain":0,"player_choice":"Inject Mutagens","damage_taken":0,"relics_obtained":["MutagenicStrength"],"max_hp_gain":0,"max_hp_loss":0,"event_name":"Drug Dealer","floor":21,"gold_loss":0},{"damage_healed":0,"gold_gain":0,"player_choice":"Opened","damage_taken":0,"relics_obtained":["Potion Belt"],"max_hp_gain":0,"max_hp_loss":0,"event_name":"The Mausoleum","floor":22,"gold_loss":0,"cards_obtained":["Writhe"]},{"damage_healed":0,"gold_gain":0,"player_choice":"Read","damage_taken":0,"max_hp_gain":0,"max_hp_loss":0,"event_name":"The Library","floor":28,"gold_loss":0,"cards_obtained":["Thunderclap"]},{"damage_healed":0,"gold_gain":0,"player_choice":"Fight","damage_taken":0,"max_hp_gain":0,"max_hp_loss":0,"event_name":"Mysterious Sphere","floor":36,"gold_loss":0},{"damage_healed":43,"gold_gain":0,"player_choice":"Full Heal","damage_taken":0,"max_hp_gain":0,"max_hp_loss":0,"event_name":"Wheel of Change","floor":38,"gold_loss":0}],"is_beta":false,"boss_relics":[{"not_picked":["Velvet Choker","Orrery"],"picked":"Ectoplasm"},{"not_picked":["Astrolabe","Pandora\u0027s Box"],"picked":"Cursed Key"}],"items_purged_floors":[],"is_endless":false,"potions_floor_spawned":[2,6,8,16,24,25,29,31,33,35,40,46],"killed_by":"Time Eater","ascension_level":20}