{"gold_per_floor":[113,123,11,11,28,56,56,56,56,85,85,95,95,124,124,222,222,232,252,268,268,281,314,332,366,366,366,13,45,45,55,55,152,152,168,179,195,5,5,5,17,48,71,89,105,105,139,156,156,156,156,156,33,61,61],"floor_reached":56,"playtime":4086,"items_purged":[],"score":1573,"play_id":"4e48efea-7b5f-49fa-a0a4-a3f77371a4bb","local_time":"20190220203310","is_ascension_mode":true,"campfire_choices":[{"data":"Inflame","floor":7.0,"key":"SMITH"},{"data":"Bludgeon","floor":11.0,"key":"SMITH"},{"floor":15.0,"key":"REST"},{"floor":27.0,"key":"RECALL"},{"data":"Heavy Blade","floor":30.0,"key":"SMITH"},{"data":"Uppercut","floor":32.0,"key":"SMITH"},{"data":"Offering","floor":40.0,"key":"SMITH"},{"data":"Armaments","floor":49,"key":"SMITH"},{"data":"Limit Break","floor":52,"key":"SMITH"}],"neow_cost":"NONE","seed_source_timestamp":0,"circlet_count":0,"master_deck":["Strike_R","Strike_R","Strike_R","Strike_R","Strike_R","Defend_R","Defend_R","Defend_R","Defend_R","Bash","Inflame+1","Body Slam","Spot Weakness","Fire Breathing","Heavy Blade+1","Iron Wave","Bludgeon+1","Clothesline","Uppercut+1","Fiend Fire","Dropkick","Barricade","Corruption+1","Sword Boomerang","Rampage","Ghostly","Ghostly","Ghostly","Ghostly","Ghostly","Sever Soul","Armaments+1","Burning Pact","Flex+1","Reaper","Iron Wave","True Grit","Spot Weakness","Sentinel","Offering+1","Rampage","Armaments+1","Havoc","Limit Break+1","Shrug It Off+1","Pommel Strike+1","Feel No Pain+1","Battle Trance+1","Perfected Strike","Flame Barrier","Seeing Red","Body Slam","Forethought","Burning Pact","Ghostly Armor+1","Infernal Blade+1","Flame Barrier","Madness","Madness","Demon Form","Thunderclap+1","Shockwave","Armaments","Intimidate"],"special_seed":0,"relics":["Snecko Eye","Dead Branch","Kunai","Shuriken","PreservedInsect","Philosopher\u0027s Stone","Question Card","Ancient Tea Set","Vajra","Mango","Orrery","Bottled Tornado","Oddly Smooth Stone","Nunchaku","Red Skull"],"potions_floor_usage":[44,55],"damage_taken":[{"damage":6.0,"enemies":"Jaw Worm","floor":1.0,"turns":3.0},{"damage":3.0,"enemies":"2 Louse","floor":2.0,"turns":3.0},{"damage":10.0,"enemies":"Cultist","floor":5.0,"turns":4.0},{"damage":14.0,"enemies":"Gremlin Nob","floor":6.0,"turns":3.0},{"damage":16.0,"enemies":"3 Sentries","floor":10.0,"turns":5.0},{"damage":12.0,"enemies":"Blue Slaver","floor":12.0,"turns":2.0},{"damage":0.0,"enemies":"Lagavulin","floor":14.0,"turns":2.0},{"damage":15.0,"enemies":"The Guardian","floor":16.0,"turns":3.0},{"damage":33.0,"enemies":"2 Thieves","floor":18.0,"turns":3.0},{"damage":7.0,"enemies":"Chosen","floor":19.0,"turns":2.0},{"damage":13.0,"enemies":"Snake Plant","floor":20.0,"turns":2.0},{"damage":0.0,"enemies":"Snecko","floor":22.0,"turns":3.0},{"damage":3.0,"enemies":"Book of Stabbing","floor":23.0,"turns":4.0},{"damage":1.0,"enemies":"Chosen and Byrds","floor":24.0,"turns":3.0},{"damage":0.0,"enemies":"Slavers","floor":25.0,"turns":2.0},{"damage":15.0,"enemies":"Gremlin Leader","floor":29.0,"turns":2.0},{"damage":0.0,"enemies":"Cultist and Chosen","floor":31.0,"turns":2.0},{"damage":23.0,"enemies":"Collector","floor":33.0,"turns":6.0},{"damage":17.0,"enemies":"3 Shapes","floor":35.0,"turns":3.0},{"damage":1.0,"enemies":"Orb Walker","floor":36.0,"turns":3.0},{"damage":8.0,"enemies":"Transient","floor":37.0,"turns":5.0},{"damage":2.0,"enemies":"4 Shapes","floor":41.0,"turns":3.0},{"damage":1,"enemies":"Reptomancer","floor":42,"turns":4},{"damage":0,"enemies":"Sphere and 2 Shapes","floor":44,"turns":1},{"damage":8,"enemies":"Writhing Mass","floor":45,"turns":3},{"damage":0,"enemies":"Giant Head","floor":47,"turns":2},{"damage":0,"enemies":"Spire Growth","floor":48,"turns":3},{"damage":5,"enemies":"Time Eater","floor":50,"turns":7},{"damage":0,"enemies":"Shield and Spear","floor":54,"turns":2},{"damage":14,"enemies":"The Heart","floor":55,"turns":3}],"seed_played":"-3220767227886764903","potions_obtained":[{"floor":2.0,"key":"Swift Potion"},{"floor":6.0,"key":"Ancient Potion"},{"floor":10.0,"key":"BloodPotion"},{"floor":14.0,"key":"LiquidBronze"},{"floor":18.0,"key":"Weak Potion"},{"floor":23.0,"key":"Weak Potion"},{"floor":29.0,"key":"Block Potion"},{"floor":35.0,"key":"Swift Potion"},{"floor":41,"key":"SmokeBomb"},{"floor":44,"key":"SpeedPotion"},{"floor":47,"key":"Ancient Potion"}],"is_trial":false,"path_per_floor":["M","M","$","?","M","E","R","$","T","E","R","M","?","E","R","B",null,"M","M","M","?","M","E","M","E","T","R","$","E","R","M","R","B",null,"M","M","M","$","?","R","M","E","T","M","M","?","E","M","R","B",null,"R","$","E","B",null],"character_chosen":"IRONCLAD","items_purchased":["Spot Weakness","Fire Breathing","Reaper","Vajra","Iron Wave","True Grit","Perfected Strike","Flame Barrier","Seeing Red","Shockwave","Armaments"],"campfire_rested":1,"item_purchase_floors":[3,3,28,28,28,28,38,38,38,53,53],"current_hp_per_floor":[74,71,71,71,61,47,47,47,47,31,31,19,19,19,43,28,80,47,40,27,27,27,24,23,23,23,23,23,22,22,41,41,37,54,43,54,52,52,52,52,50,49,49,49,41,34,54,54,54,51,54,54,54,54,40],"gold":61,"neow_bonus":"BOSS_RELIC","is_prod":false,"is_daily":false,"chose_seed":false,"campfire_upgraded":7,"win_rate":0,"timestamp":1550665990,"path_taken":["M","M","$","?","M","E","R","$","T","E","R","M","?","E","R","BOSS","M","?","M","?","M","E","M","E","T","R","$","E","R","M","R","BOSS","M","M","M","$","?","R","M","E","T","?","?","?","E","M","R","BOSS","R","$","E","BOSS"],"build_version":"2019-01-23","purchased_purges":0,"victory":true,"max_hp_per_floor":[80,80,80,80,80,80,80,80,80,80,80,80,80,80,80,80,80,80,80,80,40,40,40,40,40,40,40,40,54,54,54,54,54,54,54,54,54,54,54,54,54,54,54,54,54,54,54,54,54,54,54,54,54,54,54],"card_choices":[{"not_picked":["Headbutt","Spot Weakness"],"picked":"Inflame","floor":1.0},{"not_picked":["Second Wind","Power Through"],"picked":"Body Slam","floor":2.0},{"not_picked":["Intimidate","Power Through"],"picked":"Heavy Blade","floor":5.0},{"not_picked":["Clash","Warcry"],"picked":"Iron Wave","floor":6.0},{"not_picked":["Wild Strike","Flame Barrier"],"picked":"Bludgeon","floor":10.0},{"not_picked":["Reckless Charge","Perfected Strike"],"picked":"Clothesline","floor":12.0},{"not_picked":["Body Slam","Carnage"],"picked":"Dropkick","floor":14.0},{"not_picked":["Berserk","Dark Embrace"],"picked":"Barricade","floor":16.0},{"not_picked":["Cleave","Thunderclap+1"],"picked":"Corruption+1","floor":18.0},{"not_picked":["Clash","Body Slam"],"picked":"Sword Boomerang","floor":19.0},{"not_picked":["Twin Strike","Bloodletting"],"picked":"Rampage","floor":20.0},{"not_picked":["Battle Trance","Fire Breathing"],"picked":"Sever Soul","floor":22.0},{"not_picked":["True Grit","Immolate"],"picked":"Armaments+1","floor":23.0},{"not_picked":["Warcry+1","Dropkick","Second Wind"],"picked":"Burning Pact","floor":24.0},{"not_picked":["Anger","Corruption","Brutality"],"picked":"Flex+1","floor":25.0},{"not_picked":["Body Slam","Bloodletting+1","Pummel+1"],"picked":"Spot Weakness","floor":29.0},{"not_picked":["Armaments+1","Cleave","Havoc"],"picked":"Sentinel","floor":31.0},{"not_picked":["Exhume","Dark Embrace","Bludgeon"],"picked":"Offering","floor":33.0},{"not_picked":["Iron Wave+1","Wild Strike","Anger+1"],"picked":"Rampage","floor":34.0},{"not_picked":["Iron Wave+1","Reckless Charge+1","Carnage"],"picked":"Armaments","floor":34.0},{"not_picked":["Body Slam","Warcry","Pommel Strike"],"picked":"Havoc","floor":34.0},{"not_picked":["Inflame","True Grit","Wild Strike+1"],"picked":"Limit Break","floor":34.0},{"not_picked":["Anger","Sword Boomerang+1","Warcry"],"picked":"Shrug It Off+1","floor":34.0},{"not_picked":["Armaments","Body Slam+1","True Grit+1"],"picked":"Pommel Strike+1","floor":35.0},{"not_picked":["Rupture+1","Pommel Strike","Clothesline+1"],"picked":"Feel No Pain+1","floor":36.0},{"not_picked":["Feel No Pain","Twin Strike","Pommel Strike"],"picked":"Battle Trance+1","floor":37.0},{"not_picked":["Pommel Strike","Body Slam+1","Iron Wave+1"],"picked":"Burning Pact","floor":41},{"not_picked":["Pommel Strike+1","Hemokinesis","Body Slam"],"picked":"Ghostly Armor+1","floor":42},{"not_picked":["Clothesline","Heavy Blade","Carnage"],"picked":"Infernal Blade+1","floor":44},{"not_picked":["Thunderclap+1","Headbutt","Cleave+1"],"picked":"Flame Barrier","floor":45},{"not_picked":["Dual Wield","True Grit","Ghostly Armor+1"],"picked":"Demon Form","floor":47},{"not_picked":["Sentinel+1","True Grit","Havoc"],"picked":"Thunderclap+1","floor":48},{"not_picked":["Combust+1","Feel No Pain","Power Through"],"picked":"Intimidate","floor":54}],"player_experience":123108,"relics_obtained":[{"floor":6.0,"key":"Dead Branch"},{"floor":9.0,"key":"Kunai"},{"floor":10.0,"key":"Shuriken"},{"floor":14.0,"key":"PreservedInsect"},{"floor":23.0,"key":"Question Card"},{"floor":25.0,"key":"Ancient Tea Set"},{"floor":29.0,"key":"Mango"},{"floor":42,"key":"Bottled Tornado"},{"floor":43,"key":"Oddly Smooth Stone"},{"floor":47,"key":"Nunchaku"},{"floor":54,"key":"Red Skull"}],"event_choices":[{"damage_healed":0.0,"max_hp_gain":0.0,"max_hp_loss":0.0,"gold_gain":0.0,"event_name":"The Cleric","player_choice":"Leave","floor":4.0,"gold_loss":0.0,"damage_taken":0.0},{"damage_healed":0.0,"max_hp_gain":0.0,"max_hp_loss":0.0,"gold_gain":0.0,"event_name":"Match and Keep!","player_choice":"2 cards matched","floor":13.0,"gold_loss":0.0,"damage_taken":0.0,"cards_obtained":["Uppercut","Fiend Fire"]},{"damage_healed":0.0,"max_hp_gain":0.0,"max_hp_loss":40.0,"gold_gain":0.0,"event_name":"Ghosts","player_choice":"Became a Ghost","floor":21.0,"gold_loss":0.0,"damage_taken":0.0,"cards_obtained":["Ghostly","Ghostly","Ghostly","Ghostly","Ghostly"]},{"damage_healed":0.0,"max_hp_gain":0.0,"max_hp_loss":0.0,"gold_gain":0.0,"event_name":"Match and Keep!","player_choice":"2 cards matched","floor":39.0,"gold_loss":0.0,"damage_taken":0.0,"cards_obtained":["Body Slam","Forethought"]},{"damage_healed":0,"gold_gain":0,"player_choice":"Embrace Madness","damage_taken":7,"max_hp_gain":0,"max_hp_loss":0,"event_name":"Winding Halls","floor":46,"gold_loss":0,"cards_obtained":["Madness","Madness"]}],"is_beta":false,"boss_relics":[{"not_picked":["Sozu","Runic Dome"],"picked":"Philosopher\u0027s Stone"},{"not_picked":["Coffee Dripper","Velvet Choker"],"picked":"Orrery"}],"items_purged_floors":[],"is_endless":false,"potions_floor_spawned":[2,6,10,14,18,23,29,33,35,41,44,47,48],"ascension_level":1}