{"gold_per_floor":[110,86,86,86,86,122,142,180,180,216,236,236,254,329,329,449,449,473,67,67,87,112,112,112],"floor_reached":24,"playtime":1162,"items_purged":[],"score":225,"play_id":"62b6344c-9c94-4bf8-b28a-178b0de5fba5","local_time":"20190220134412","is_ascension_mode":true,"campfire_choices":[{"floor":12.0,"key":"REST"},{"floor":15.0,"key":"REST"},{"data":"Flame Barrier","floor":23,"key":"SMITH"}],"neow_cost":"NONE","seed_source_timestamp":649529962043049,"circlet_count":0,"master_deck":["Strike_R","Strike_R","Strike_R","Strike_R","Strike_R","Defend_R","Defend_R","Defend_R","Defend_R","Bash","Perfected Strike","Perfected Strike","Offering","Rampage","Inflame","Flame Barrier+1","Shrug It Off","Body Slam","Reaper","Clothesline","Blood for Blood","Perfected Strike","Clothesline"],"special_seed":0,"relics":["Black Blood","Golden Idol","Omamori","CultistMask","Blood Vial","Self Forming Clay","Matryoshka","The Courier","MealTicket","Shuriken"],"potions_floor_usage":[22],"damage_taken":[{"damage":0.0,"enemies":"Small Slimes","floor":1.0,"turns":3.0},{"damage":27.0,"enemies":"Gremlin Nob","floor":6.0,"turns":4.0},{"damage":0.0,"enemies":"Jaw Worm","floor":7.0,"turns":1.0},{"damage":37.0,"enemies":"Lagavulin","floor":8.0,"turns":6.0},{"damage":12.0,"enemies":"Gremlin Nob","floor":10.0,"turns":3.0},{"damage":6.0,"enemies":"Cultist","floor":11.0,"turns":4.0},{"damage":11.0,"enemies":"Lots of Slimes","floor":13.0,"turns":5.0},{"damage":45.0,"enemies":"Hexaghost","floor":16.0,"turns":11.0},{"damage":50.0,"enemies":"2 Thieves","floor":18.0,"turns":4.0},{"damage":28.0,"enemies":"Shell Parasite","floor":21.0,"turns":5.0},{"damage":22,"enemies":"Sentry and Sphere","floor":22,"turns":5},{"damage":55,"enemies":"Slavers","floor":24,"turns":3}],"seed_played":"4667186862466423012","potions_obtained":[{"floor":6.0,"key":"AttackPotion"},{"floor":8.0,"key":"Dexterity Potion"},{"floor":11.0,"key":"GamblersBrew"},{"floor":16.0,"key":"SteroidPotion"},{"floor":18.0,"key":"Ancient Potion"},{"floor":22,"key":"SteroidPotion"}],"is_trial":false,"path_per_floor":["M","$","?","?","?","E","M","E","T","E","M","R","M","?","R","B",null,"M","$","?","M","M","R","E"],"character_chosen":"IRONCLAD","items_purchased":["Perfected Strike","Blood for Blood","MealTicket","Shuriken"],"campfire_rested":2,"item_purchase_floors":[2,19,19,19],"current_hp_per_floor":[88,88,66,54,54,33,41,12,12,8,10,36,33,22,48,11,88,60,60,60,50,40,40,0],"gold":112,"neow_bonus":"TEN_PERCENT_HP_BONUS","is_prod":false,"is_daily":false,"chose_seed":false,"campfire_upgraded":1,"win_rate":0,"timestamp":1550641452,"path_taken":["M","$","?","?","?","E","M","E","T","E","?","R","?","?","R","BOSS","M","$","?","M","?","R","E"],"build_version":"2019-01-23","purchased_purges":0,"victory":false,"max_hp_per_floor":[88,88,88,88,88,88,88,88,88,88,88,88,88,88,88,88,88,88,88,88,88,88,88,88],"card_choices":[{"not_picked":["True Grit","Warcry"],"picked":"Perfected Strike","floor":1.0},{"not_picked":["Pommel Strike","Combust"],"picked":"Offering","floor":6.0},{"not_picked":["Wild Strike","Sword Boomerang"],"picked":"Rampage","floor":7.0},{"not_picked":["Reckless Charge","Searing Blow"],"picked":"Inflame","floor":8.0},{"not_picked":["Cleave","Limit Break"],"picked":"Flame Barrier","floor":10.0},{"not_picked":["Bloodletting","Combust"],"picked":"Shrug It Off","floor":11.0},{"not_picked":["Second Wind","Warcry"],"picked":"Body Slam","floor":13.0},{"not_picked":["Immolate","Exhume"],"picked":"Reaper","floor":16.0},{"not_picked":["Headbutt+1","Wild Strike+1"],"picked":"Clothesline","floor":18.0},{"not_picked":["Feel No Pain","Seeing Red"],"picked":"Perfected Strike","floor":21.0},{"not_picked":["Sword Boomerang+1","Sentinel"],"picked":"Clothesline","floor":22}],"player_experience":121946,"relics_obtained":[{"floor":6.0,"key":"Blood Vial"},{"floor":8.0,"key":"Self Forming Clay"},{"floor":9.0,"key":"Matryoshka"},{"floor":10.0,"key":"The Courier"}],"event_choices":[{"damage_healed":0.0,"max_hp_gain":0.0,"max_hp_loss":0.0,"gold_gain":0.0,"event_name":"Golden Idol","player_choice":"Take Damage","floor":3.0,"gold_loss":0.0,"damage_taken":22.0,"relics_obtained":["Golden Idol"]},{"damage_healed":0.0,"max_hp_gain":0.0,"max_hp_loss":0.0,"gold_gain":0.0,"event_name":"Scrap Ooze","player_choice":"Success","floor":4.0,"gold_loss":0.0,"damage_taken":12.0,"relics_obtained":["Omamori"]},{"damage_healed":0.0,"max_hp_gain":0.0,"max_hp_loss":0.0,"gold_gain":0.0,"event_name":"FaceTrader","player_choice":"Trade","floor":5.0,"gold_loss":0.0,"damage_taken":0.0,"relics_obtained":["CultistMask"]},{"damage_healed":0.0,"max_hp_gain":0.0,"max_hp_loss":0.0,"gold_gain":75.0,"event_name":"World of Goop","player_choice":"Gather Gold","floor":14.0,"gold_loss":0.0,"damage_taken":11.0},{"damage_healed":0.0,"max_hp_gain":0.0,"max_hp_loss":0.0,"gold_gain":0.0,"event_name":"Wheel of Change","player_choice":"Cursed","floor":20.0,"gold_loss":0.0,"damage_taken":0.0,"cards_obtained":["Decay"]}],"is_beta":false,"boss_relics":[{"not_picked":["Orrery","Eternal Feather"],"picked":"Black Blood"}],"items_purged_floors":[],"is_endless":false,"potions_floor_spawned":[6,8,11,16,18,22],"killed_by":"Slavers","ascension_level":1}