{"gold_per_floor":[219,235,235,251,18,43,53,81,105,134,134,150,150,150,150,247,247,258,276,276,55,55,86,97,126,176,201,287,334,346],"floor_reached":30,"playtime":1363,"items_purged":["Strike_R"],"score":477,"play_id":"072ed44c-837c-421a-8453-fc936e787939","local_time":"20190210211547","is_ascension_mode":true,"campfire_choices":[{"floor":11,"key":"REST"},{"data":"Armaments","floor":13,"key":"SMITH"},{"data":"Metallicize","floor":15,"key":"SMITH"}],"neow_cost":"NONE","seed_source_timestamp":510144368339123,"circlet_count":0,"master_deck":["AscendersBane","Strike_R","Strike_R","Strike_R","Strike_R","Defend_R","Defend_R","Defend_R","Defend_R","Bash","Shrug It Off","Battle Trance","Metallicize+1","Double Tap","Armaments+1","Rampage","Immolate","True Grit","Barricade","True Grit","Headbutt","Necronomicurse","Flame Barrier","Armaments","Warcry+1"],"relics":["Burning Blood","Centennial Puzzle","Incense Burner","Happy Flower","PreservedInsect","Vajra","Fusion Hammer","Necronomicon","Bag of Preparation","Bottled Tornado","Art of War","MawBank","Molten Egg 2","Charon\u0027s Ashes"],"potions_floor_usage":[10,10,25,25],"damage_taken":[{"damage":2,"enemies":"2 Louse","floor":1,"turns":3},{"damage":2,"enemies":"Cultist","floor":2,"turns":4},{"damage":11,"enemies":"Jaw Worm","floor":4,"turns":5},{"damage":39,"enemies":"Lagavulin","floor":6,"turns":8},{"damage":11,"enemies":"3 Louse","floor":7,"turns":6},{"damage":28,"enemies":"Gremlin Nob","floor":8,"turns":4},{"damage":7,"enemies":"Lagavulin","floor":10,"turns":7},{"damage":4,"enemies":"Exordium Wildlife","floor":12,"turns":4},{"damage":18,"enemies":"The Guardian","floor":16,"turns":10},{"damage":12,"enemies":"Spheric Guardian","floor":18,"turns":6},{"damage":8,"enemies":"Shell Parasite","floor":19,"turns":6},{"damage":16,"enemies":"Gremlin Leader","floor":23,"turns":4},{"damage":0,"enemies":"Centurion and Healer","floor":24,"turns":7},{"damage":8,"enemies":"Book of Stabbing","floor":25,"turns":5},{"damage":10,"enemies":"Snake Plant","floor":27,"turns":3},{"damage":31,"enemies":"Slavers","floor":29,"turns":4},{"damage":13,"enemies":"Cultist and Chosen","floor":30,"turns":4}],"seed_played":"-2116804785855971034","potions_obtained":[{"floor":4,"key":"Fire Potion"},{"floor":7,"key":"LiquidBronze"},{"floor":10,"key":"AttackPotion"},{"floor":16,"key":"Block Potion"},{"floor":25,"key":"Energy Potion"},{"floor":27,"key":"SteroidPotion"},{"floor":29,"key":"AttackPotion"}],"is_trial":false,"path_per_floor":["M","M","?","M","$","E","M","E","T","E","R","M","R","?","R","B",null,"M","M","?","$","?","E","M","E","T","M","T","E","M"],"character_chosen":"IRONCLAD","items_purchased":["Centennial Puzzle","Double Tap","Bag of Preparation"],"campfire_rested":1,"item_purchase_floors":[5,5,21],"current_hp_per_floor":[76,80,80,75,75,42,37,15,15,14,38,40,40,45,45,33,72,66,64,48,48,48,38,44,42,42,38,38,13,0],"gold":346,"neow_bonus":"HUNDRED_GOLD","is_prod":false,"is_daily":false,"chose_seed":false,"campfire_upgraded":2,"win_rate":0,"timestamp":1549826147,"path_taken":["M","M","?","M","$","E","M","E","T","E","R","?","R","?","R","BOSS","M","M","?","$","?","E","M","E","T","M","?","E","M"],"build_version":"2019-01-23","purchased_purges":1,"victory":false,"max_hp_per_floor":[80,80,80,80,80,80,80,80,80,80,80,80,80,85,85,85,85,85,85,85,85,85,85,85,85,85,85,85,85,85],"card_choices":[{"not_picked":["Havoc","Headbutt"],"picked":"Shrug It Off","floor":1},{"not_picked":["Perfected Strike","Blood for Blood"],"picked":"Battle Trance","floor":2},{"not_picked":["Inflame","Shrug It Off"],"picked":"Metallicize","floor":4},{"not_picked":["Flex","Corruption"],"picked":"Armaments","floor":6},{"not_picked":["Body Slam","Infernal Blade"],"picked":"Rampage","floor":7},{"not_picked":["Anger","Dual Wield","Clash"],"picked":"SKIP","floor":8},{"not_picked":["Havoc","Rupture"],"picked":"Immolate","floor":10},{"not_picked":["Armaments","Pommel Strike"],"picked":"True Grit","floor":12},{"not_picked":["Double Tap","Bludgeon"],"picked":"Barricade","floor":16},{"not_picked":["Thunderclap","Cleave+1"],"picked":"True Grit","floor":18},{"not_picked":["Cleave","Twin Strike"],"picked":"Headbutt","floor":19},{"not_picked":["Evolve+1","True Grit+1"],"picked":"Flame Barrier","floor":23},{"not_picked":["True Grit","Rampage","Pommel Strike"],"picked":"SKIP","floor":24},{"not_picked":["Cleave+1","Thunderclap"],"picked":"Armaments","floor":25},{"not_picked":["Headbutt","Wild Strike","Havoc"],"picked":"SKIP","floor":27},{"not_picked":["Dark Embrace","Perfected Strike+1"],"picked":"Warcry+1","floor":29}],"player_experience":182178,"relics_obtained":[{"floor":6,"key":"Incense Burner"},{"floor":8,"key":"Happy Flower"},{"floor":9,"key":"PreservedInsect"},{"floor":10,"key":"Vajra"},{"floor":20,"key":"Necronomicon"},{"floor":23,"key":"Bottled Tornado"},{"floor":25,"key":"Art of War"},{"floor":26,"key":"MawBank"},{"floor":28,"key":"Molten Egg 2"},{"floor":29,"key":"Charon\u0027s Ashes"}],"event_choices":[{"damage_healed":0,"gold_gain":0,"player_choice":"Bought 0 Potions","damage_taken":0,"max_hp_gain":0,"max_hp_loss":0,"event_name":"The Woman in Blue","floor":3,"gold_loss":0},{"damage_healed":0,"gold_gain":0,"player_choice":"Donut","damage_taken":0,"max_hp_gain":5,"max_hp_loss":0,"event_name":"Big Fish","floor":14,"gold_loss":0},{"damage_healed":0,"gold_gain":0,"player_choice":"Obtained Book","damage_taken":16,"max_hp_gain":0,"max_hp_loss":0,"event_name":"Cursed Tome","floor":20,"gold_loss":0},{"damage_healed":0,"gold_gain":0,"player_choice":"Ignored","damage_taken":0,"max_hp_gain":0,"max_hp_loss":0,"event_name":"Vampires","floor":22,"gold_loss":0}],"is_beta":false,"boss_relics":[{"not_picked":["Runic Dome","Tiny House"],"picked":"Fusion Hammer"}],"items_purged_floors":[21],"is_endless":false,"potions_floor_spawned":[4,7,10,16,19,25,27,29],"killed_by":"Cultist and Chosen","ascension_level":11}