{"gold_per_floor":[117,117,133,133,58,93,107,438,438,438,438,438],"floor_reached":12,"playtime":452,"items_purged":["Strike_G"],"score":128,"play_id":"665b2277-c717-4763-a084-0df97e8f24fa","local_time":"20190218010015","is_ascension_mode":true,"campfire_choices":[{"floor":10,"key":"REST"}],"neow_cost":"NONE","seed_source_timestamp":315985590625883,"circlet_count":0,"master_deck":["Defend_G","Defend_G","Defend_G","Defend_G","Defend_G","Strike_G","Strike_G","Strike_G","Strike_G","Survivor","Neutralize","Calculated Gamble","Acrobatics","Parasite"],"relics":["Ring of the Snake","NeowsBlessing","Bottled Lightning","Old Coin","Gambling Chip"],"potions_floor_usage":[],"damage_taken":[{"damage":0,"enemies":"Small Slimes","floor":1,"turns":1},{"damage":0,"enemies":"Jaw Worm","floor":3,"turns":1},{"damage":0,"enemies":"Lagavulin","floor":6,"turns":1},{"damage":0,"enemies":"2 Louse","floor":7,"turns":3},{"damage":74,"enemies":"Gremlin Nob","floor":8,"turns":7},{"damage":45,"enemies":"3 Sentries","floor":12,"turns":6}],"seed_played":"4056886137994574037","potions_obtained":[{"floor":7,"key":"Energy Potion"},{"floor":8,"key":"Dexterity Potion"}],"is_trial":false,"path_per_floor":["M","?","M","?","$","E","M","E","T","R","?","E"],"character_chosen":"THE_SILENT","items_purchased":[],"campfire_rested":1,"item_purchase_floors":[],"current_hp_per_floor":[70,70,70,75,75,75,75,1,1,23,41,0],"gold":438,"neow_bonus":"THREE_ENEMY_KILL","is_prod":false,"is_daily":false,"chose_seed":false,"campfire_upgraded":0,"win_rate":0,"timestamp":1550419215,"path_taken":["M","?","M","?","$","E","M","E","T","R","?","E"],"build_version":"2019-01-23","purchased_purges":1,"victory":false,"max_hp_per_floor":[70,70,70,75,75,75,75,75,75,75,75,75],"card_choices":[{"not_picked":["Blade Dance","Poisoned Stab"],"picked":"Calculated Gamble","floor":1},{"not_picked":["Poisoned Stab","Quick Slash","Prepared"],"picked":"SKIP","floor":3},{"not_picked":["Leg Sweep","Masterful Stab","Cloak And Dagger"],"picked":"SKIP","floor":6},{"not_picked":["Blade Dance","Heel Hook","Bane"],"picked":"SKIP","floor":7},{"not_picked":["Burst","Catalyst"],"picked":"Acrobatics","floor":8}],"player_experience":109270,"relics_obtained":[{"floor":6,"key":"Bottled Lightning"},{"floor":8,"key":"Old Coin"},{"floor":9,"key":"Gambling Chip"}],"event_choices":[{"damage_healed":0,"gold_gain":0,"player_choice":"Fled","damage_taken":0,"max_hp_gain":0,"max_hp_loss":0,"event_name":"Scrap Ooze","floor":2,"gold_loss":0},{"damage_healed":0,"gold_gain":0,"player_choice":"Donut","damage_taken":0,"max_hp_gain":5,"max_hp_loss":0,"event_name":"Big Fish","floor":4,"gold_loss":0},{"damage_healed":18,"gold_gain":0,"player_choice":"Healed and dodged fight","damage_taken":0,"max_hp_gain":0,"max_hp_loss":0,"event_name":"Mushrooms","floor":11,"gold_loss":0,"cards_obtained":["Parasite"]}],"is_beta":false,"boss_relics":[],"items_purged_floors":[5],"is_endless":false,"potions_floor_spawned":[7,8],"killed_by":"3 Sentries","ascension_level":3}