{"gold_per_floor":[114,114,129,144,159,189,90,90,90,105,135,150,180,195,195,295,295,310,310,310,325,25,55,9,39,39,39,39,0,0,30,30,130,130,145,145,160,175,5,5,35,35,85,100,115,115,38,68,68,68],"floor_reached":51,"playtime":4250,"items_purged":["Pain"],"score":933,"play_id":"f504689f-1bac-4fc1-a1d2-ad5fa3d0a539","local_time":"20190108005937","daily_mods":["Draft","Red Cards","Elite Swarm"],"is_ascension_mode":false,"campfire_choices":[{"data":"Metallicize","floor":15,"key":"SMITH"},{"floor":28,"key":"REST"},{"data":"Armaments","floor":30,"key":"SMITH"},{"data":"Juggernaut","floor":32,"key":"SMITH"},{"data":"Metallicize","floor":40,"key":"SMITH"},{"data":"Armaments","floor":46,"key":"SMITH"},{"floor":49,"key":"REST"}],"neow_cost":"","seed_source_timestamp":0,"circlet_count":0,"master_deck":["Sweeping Beam","Ball Lightning","Headbutt","Armaments+1","Rebound","Leap","Flame Barrier","Cleave","Gash","Thunderclap","Armaments+1","Go for the Eyes","Thunderclap","Rampage","Metallicize+1","Intimidate","Go for the Eyes","Stack","Feed","Metallicize+1","Redo","Armaments+1","Machine Learning","Flex","Double Tap","Beam Cell","Exhume","Intimidate+1","Burning Pact","FTL","Machine Learning","Leap","Electrodynamics","Regret","Juggernaut+1","Seek","Parasite","Warcry+1","Doubt","Rupture","Flex+1","Cold Snap+1","True Grit+1","Leap","Streamline","Double Tap","Pain","Redo+1","Ball Lightning+1","Headbutt","Hologram+1","Blind","Reboot"],"special_seed":17903,"relics":["Cracked Core","Cables","Darkstone Periapt","Bottled Tornado","Mummified Hand","Potion Belt","Cursed Key","Thread and Needle","Du-Vu Doll","Gambling Chip","Pantograph","Vajra","Calling Bell","Regal Pillow","Meat on the Bone","Prayer Wheel","The Courier","Smiling Mask","Calipers"],"potions_floor_usage":[23,33,45,50,50],"damage_taken":[{"damage":2,"enemies":"2 Louse","floor":1,"turns":2},{"damage":0,"enemies":"Cultist","floor":3,"turns":3},{"damage":0,"enemies":"Jaw Worm","floor":4,"turns":2},{"damage":7,"enemies":"Looter","floor":5,"turns":2},{"damage":6,"enemies":"Lagavulin","floor":6,"turns":5},{"damage":0,"enemies":"Large Slime","floor":10,"turns":3},{"damage":0,"enemies":"Gremlin Nob","floor":11,"turns":3},{"damage":0,"enemies":"Exordium Thugs","floor":12,"turns":4},{"damage":0,"enemies":"Lagavulin","floor":13,"turns":5},{"damage":0,"enemies":"Exordium Wildlife","floor":14,"turns":3},{"damage":18,"enemies":"Hexaghost","floor":16,"turns":7},{"damage":4,"enemies":"Spheric Guardian","floor":18,"turns":4},{"damage":4,"enemies":"2 Thieves","floor":21,"turns":4},{"damage":19,"enemies":"Slavers","floor":23,"turns":5},{"damage":16,"enemies":"Gremlin Leader","floor":25,"turns":6},{"damage":0,"enemies":"Book of Stabbing","floor":31,"turns":6},{"damage":15,"enemies":"Champ","floor":33,"turns":7},{"damage":6,"enemies":"3 Shapes","floor":35,"turns":2},{"damage":0,"enemies":"Orb Walker","floor":37,"turns":3},{"damage":22,"enemies":"4 Shapes","floor":38,"turns":3},{"damage":0,"enemies":"Nemesis","floor":41,"turns":6},{"damage":0,"enemies":"Jaw Worm Horde","floor":44,"turns":4},{"damage":3,"enemies":"Transient","floor":45,"turns":5},{"damage":43,"enemies":"Reptomancer","floor":48,"turns":4},{"damage":89,"enemies":"Donu and Deca","floor":50,"turns":9}],"seed_played":"8694291460791302925","potions_obtained":[{"floor":4,"key":"Poison Potion"},{"floor":5,"key":"SkillPotion"},{"floor":11,"key":"AttackPotion"},{"floor":12,"key":"PowerPotion"},{"floor":14,"key":"Strength Potion"},{"floor":18,"key":"Energy Potion"},{"floor":23,"key":"SmokeBomb"},{"floor":35,"key":"PowerPotion"},{"floor":45,"key":"EssenceOfSteel"}],"is_trial":false,"path_per_floor":["M","?","M","M","M","E","$","T","T","M","E","M","E","M","R","B",null,"M","?","?","M","$","E","$","E","T","?","R","?","R","E","R","B",null,"M","?","M","M","$","R","E","$","T","M","M","R","$","E","R","B",null],"character_chosen":"DEFECT","items_purchased":["Metallicize","Redo","Thread and Needle","Leap","Leap","Streamline","Blind"],"campfire_rested":2,"item_purchase_floors":[7,7,22,24,39,39,47],"current_hp_per_floor":[73,73,73,73,66,60,60,60,60,60,60,63,63,67,67,49,82,78,78,78,77,77,58,58,42,48,48,75,75,75,75,75,76,109,103,109,109,91,91,91,91,91,97,100,97,97,97,66,119,55],"gold":68,"neow_bonus":"","is_prod":false,"is_daily":true,"chose_seed":false,"campfire_upgraded":5,"win_rate":0,"timestamp":1546901977,"path_taken":["M","?","M","M","?","E","$","?","T","?","E","M","E","M","R","BOSS","M","?","?","?","$","E","?","E","T","?","R","?","R","E","R","BOSS","M","?","M","M","$","R","E","$","T","M","M","R","?","E","R","BOSS"],"build_version":"2019-01-03v4","purchased_purges":1,"victory":true,"max_hp_per_floor":[75,75,75,75,75,75,75,75,75,75,75,78,78,82,82,82,82,82,82,82,85,85,85,85,85,91,91,91,91,91,91,91,91,109,109,115,115,119,119,119,119,119,125,128,128,128,128,128,128,132],"card_choices":[{"not_picked":["Beam Cell","Flex"],"picked":"Sweeping Beam","floor":0},{"not_picked":["Steam","Clothesline"],"picked":"Ball Lightning","floor":0},{"not_picked":["Whirlwind","Anger"],"picked":"Headbutt","floor":0},{"not_picked":["Compile Driver","Sentinel"],"picked":"Armaments","floor":0},{"not_picked":["Warcry","Scrape"],"picked":"True Grit","floor":0},{"not_picked":["Tempest","Sever Soul"],"picked":"Rebound","floor":0},{"not_picked":["Headbutt","True Grit"],"picked":"Leap","floor":0},{"not_picked":["Rebound","Perfected Strike"],"picked":"Flame Barrier","floor":0},{"not_picked":["Pommel Strike","Turbo"],"picked":"Cleave","floor":0},{"not_picked":["Burning Pact","Body Slam"],"picked":"Gash","floor":0},{"not_picked":["Hello World","Pommel Strike"],"picked":"Thunderclap","floor":0},{"not_picked":["Turbo","Glacier"],"picked":"Armaments","floor":0},{"not_picked":["Twin Strike","Turbo"],"picked":"Go for the Eyes","floor":0},{"not_picked":["Disarm","Rage"],"picked":"Thunderclap","floor":0},{"not_picked":["Perfected Strike","Consume"],"picked":"Rampage","floor":0},{"not_picked":["Twin Strike","Wild Strike"],"picked":"Metallicize","floor":1},{"not_picked":["Clothesline","Clash"],"picked":"Intimidate","floor":3},{"not_picked":["Fusion","Feel No Pain"],"picked":"Go for the Eyes","floor":4},{"not_picked":["Steam","Barrage"],"picked":"Stack","floor":5},{"not_picked":["Meteor Strike","Multi-Cast"],"picked":"Feed","floor":6},{"not_picked":["Body Slam","Fusion"],"picked":"Armaments","floor":10},{"not_picked":["Berserk","Multi-Cast"],"picked":"Machine Learning","floor":11},{"not_picked":["Lockon","Havoc"],"picked":"Flex","floor":12},{"not_picked":["Exhume","Brutality"],"picked":"Double Tap","floor":13},{"not_picked":["Go for the Eyes","Anger"],"picked":"Beam Cell","floor":14},{"not_picked":["Meteor Strike","Electrodynamics"],"picked":"Exhume","floor":16},{"not_picked":["Flex","Stack"],"picked":"Intimidate+1","floor":18},{"not_picked":["Go for the Eyes+1","Leap"],"picked":"FTL","floor":21},{"not_picked":["Fission","Berserk"],"picked":"Machine Learning","floor":23},{"not_picked":["Rainbow","Biased Cognition"],"picked":"Electrodynamics","floor":25},{"not_picked":["Core Surge","Bludgeon"],"picked":"Juggernaut","floor":31},{"not_picked":["Immolate","Fiend Fire"],"picked":"Seek","floor":33},{"not_picked":["Whirlwind","Hemokinesis+1"],"picked":"Warcry+1","floor":35},{"not_picked":["Twin Strike+1","Recycle+1","True Grit"],"picked":"SKIP","floor":35},{"not_picked":["Recycle+1","Bludgeon"],"picked":"Rupture","floor":37},{"not_picked":["Armaments","Blood for Blood"],"picked":"Flex+1","floor":37},{"not_picked":["Warcry+1","Sweeping Beam"],"picked":"Cold Snap+1","floor":38},{"not_picked":["Conserve Battery+1","Go for the Eyes"],"picked":"True Grit+1","floor":38},{"not_picked":["Thunder Strike","Amplify"],"picked":"Double Tap","floor":41},{"not_picked":["Wild Strike+1","Reprogram+1"],"picked":"Redo+1","floor":44},{"not_picked":["Clothesline","Dropkick"],"picked":"Ball Lightning+1","floor":44},{"not_picked":["Pommel Strike+1","Intimidate"],"picked":"Headbutt","floor":45},{"not_picked":["Wild Strike+1","Anger"],"picked":"Hologram+1","floor":45},{"not_picked":["Brutality","Fission"],"picked":"Reboot","floor":48}],"player_experience":67440,"relics_obtained":[{"floor":6,"key":"Cables"},{"floor":8,"key":"Darkstone Periapt"},{"floor":9,"key":"Bottled Tornado"},{"floor":11,"key":"Mummified Hand"},{"floor":13,"key":"Potion Belt"},{"floor":23,"key":"Du-Vu Doll"},{"floor":25,"key":"Gambling Chip"},{"floor":26,"key":"Pantograph"},{"floor":31,"key":"Vajra"},{"floor":34,"key":"Regal Pillow"},{"floor":34,"key":"Meat on the Bone"},{"floor":34,"key":"Prayer Wheel"},{"floor":41,"key":"The Courier"},{"floor":43,"key":"Smiling Mask"},{"floor":48,"key":"Calipers"}],"event_choices":[{"damage_healed":0,"gold_gain":0,"player_choice":"Forge","damage_taken":0,"max_hp_gain":0,"max_hp_loss":0,"event_name":"Accursed Blacksmith","floor":2,"gold_loss":0,"cards_upgraded":["Armaments"]},{"damage_healed":0,"gold_gain":0,"player_choice":"Ignored","damage_taken":0,"max_hp_gain":0,"max_hp_loss":0,"event_name":"Beggar","floor":19,"gold_loss":0},{"damage_healed":0,"gold_gain":0,"cards_transformed":["True Grit"],"player_choice":"Transformed","damage_taken":0,"max_hp_gain":0,"max_hp_loss":0,"event_name":"Transmorgrifier","floor":20,"gold_loss":0,"cards_obtained":["Burning Pact"]},{"damage_healed":0,"gold_gain":0,"player_choice":"Ignored","damage_taken":0,"max_hp_gain":0,"max_hp_loss":0,"event_name":"Vampires","floor":27,"gold_loss":0},{"damage_healed":0,"gold_gain":0,"player_choice":"Paid Fearfully","damage_taken":0,"max_hp_gain":0,"max_hp_loss":0,"event_name":"Masked Bandits","floor":29,"gold_loss":39},{"damage_healed":0,"gold_gain":0,"cards_transformed":["Normality"],"player_choice":"Transformed","damage_taken":0,"max_hp_gain":0,"max_hp_loss":0,"event_name":"Transmorgrifier","floor":36,"gold_loss":0,"cards_obtained":["Doubt"]}],"is_beta":false,"boss_relics":[{"not_picked":["Velvet Choker","Runic Pyramid"],"picked":"Cursed Key"},{"not_picked":["Inserter","Fusion Hammer"],"picked":"Calling Bell"}],"items_purged_floors":[39],"is_endless":false,"potions_floor_spawned":[4,5,11,12,14,18,23,25,31,35,37,45,48],"ascension_level":0}