{"gold_per_floor":[111,0,75,89,89,122,122,132,132,195,210,238,251,278,278,376,376,356,59,59,70,84,84,99,99,99,99,117,129,129,149,149,251,301,319,329,329,10,10],"floor_reached":39,"playtime":3035,"items_purged":["Strike_B","Strike_B","Defend_B"],"score":501,"play_id":"9afa838f-b2e7-462a-8a3f-665e4d1237eb","local_time":"20190219190324","is_ascension_mode":true,"campfire_choices":[{"floor":7,"key":"RECALL"},{"floor":15,"key":"REST"},{"data":"Defragment","floor":23,"key":"SMITH"},{"floor":25,"key":"REST"},{"data":"Blizzard","floor":27,"key":"SMITH"},{"data":"Glacier","floor":32,"key":"SMITH"}],"neow_cost":"NONE","seed_source_timestamp":0,"circlet_count":0,"master_deck":["Strike_B","Defend_B+1","Defend_B","Defend_B","Zap","Dualcast","Darkness","Cold Snap","Glacier+1","Defragment+1","Blizzard+1","Cold Snap","Coolheaded"],"special_seed":0,"relics":["Cracked Core","Letter Opener","Bag of Marbles","Potion Belt","Orichalcum","Velvet Choker","Tiny Chest","Nloth\u0027s Gift","Omamori","Mango","Tiny House","PreservedInsect"],"potions_floor_usage":[10,12,14,16,16,16,33,39,39],"damage_taken":[{"damage":0.0,"enemies":"Cultist","floor":1.0,"turns":1.0},{"damage":0,"enemies":"Jaw Worm","floor":4,"turns":1},{"damage":0,"enemies":"Lagavulin","floor":6,"turns":1},{"damage":0,"enemies":"2 Louse","floor":8,"turns":3},{"damage":14,"enemies":"Gremlin Nob","floor":10,"turns":3},{"damage":7,"enemies":"2 Fungi Beasts","floor":11,"turns":4},{"damage":14,"enemies":"Gremlin Nob","floor":12,"turns":4},{"damage":12,"enemies":"Lots of Slimes","floor":13,"turns":5},{"damage":0,"enemies":"3 Sentries","floor":14,"turns":9},{"damage":9,"enemies":"Slime Boss","floor":16,"turns":12},{"damage":7,"enemies":"2 Thieves","floor":18,"turns":4},{"damage":4,"enemies":"Shell Parasite","floor":21,"turns":5},{"damage":3,"enemies":"Chosen and Byrds","floor":22,"turns":6},{"damage":13,"enemies":"Cultist and Chosen","floor":24,"turns":7},{"damage":9,"enemies":"Shelled Parasite and Fungi","floor":28,"turns":7},{"damage":2,"enemies":"3 Cultists","floor":29,"turns":5},{"damage":0,"enemies":"Snecko","floor":31,"turns":7},{"damage":38,"enemies":"Champ","floor":33,"turns":15},{"damage":9,"enemies":"3 Darklings","floor":35,"turns":8},{"damage":5,"enemies":"3 Shapes","floor":36,"turns":6},{"damage":99,"enemies":"2 Orb Walkers","floor":39,"turns":7}],"seed_played":"526938623633572239","potions_obtained":[{"floor":6,"key":"PowerPotion"},{"floor":8,"key":"LiquidBronze"},{"floor":10,"key":"PowerPotion"},{"floor":12,"key":"Block Potion"},{"floor":13,"key":"Block Potion"},{"floor":14,"key":"SteroidPotion"},{"floor":24,"key":"Energy Potion"},{"floor":28,"key":"Dexterity Potion"},{"floor":33,"key":"Weak Potion"},{"floor":34,"key":"Block Potion"},{"floor":36,"key":"PowerPotion"}],"is_trial":false,"path_per_floor":["M","$","?","M","?","E","R","M","T","?","M","E","M","E","R","B",null,"M","$","?","M","M","R","M","R","T","R","M","M","?","M","R","B",null,"M","M","?","$","?"],"character_chosen":"DEFECT","items_purchased":["Darkness","Defragment","Tiny Chest","Coolheaded","PreservedInsect"],"campfire_rested":2,"item_purchase_floors":[2,19,19,38,38],"current_hp_per_floor":[75,75,68,68,61,61,61,61,61,47,40,26,14,14,36,27,75,68,68,68,64,61,61,48,70,70,70,61,59,73,73,73,35,94,85,80,94,94,0],"gold":10,"neow_bonus":"THREE_ENEMY_KILL","is_prod":false,"is_daily":false,"chose_seed":false,"campfire_upgraded":3,"win_rate":0,"timestamp":1550570604,"path_taken":["M","$","?","?","?","E","R","M","T","?","M","E","M","E","R","BOSS","M","$","?","M","?","R","M","R","T","R","M","M","?","M","R","BOSS","M","M","?","$","?"],"build_version":"2019-01-23","purchased_purges":3,"victory":false,"max_hp_per_floor":[75,75,75,75,75,75,75,75,75,75,75,75,75,75,75,75,75,75,75,75,75,75,75,75,75,75,75,75,75,89,89,89,89,94,94,94,94,94,94],"card_choices":[{"not_picked":["Redo","Conserve Battery","Steam"],"picked":"SKIP","floor":1.0},{"not_picked":["Auto Shields","Reinforced Body","Hologram"],"picked":"SKIP","floor":4},{"not_picked":["Seek","Go for the Eyes","Barrage"],"picked":"SKIP","floor":6},{"not_picked":["Gash","Steam Power","Go for the Eyes"],"picked":"SKIP","floor":8},{"not_picked":["Storm","Consume"],"picked":"Cold Snap","floor":11},{"not_picked":["Redo","Reinforced Body","Doom and Gloom"],"picked":"SKIP","floor":12},{"not_picked":["Darkness","Sunder"],"picked":"Glacier","floor":13},{"not_picked":["Beam Cell","Compile Driver","Reboot"],"picked":"SKIP","floor":14},{"not_picked":["Turbo","Redo+1","Beam Cell+1"],"picked":"SKIP","floor":18},{"not_picked":["Electrodynamics","Rebound"],"picked":"Blizzard","floor":21},{"not_picked":["Steam","Fusion","Stack"],"picked":"SKIP","floor":22},{"not_picked":["Double Energy","Go for the Eyes"],"picked":"Cold Snap","floor":24},{"not_picked":["Tempest","Static Discharge+1","Stack"],"picked":"SKIP","floor":28},{"not_picked":["Streamline+1","Steam","Darkness"],"picked":"SKIP","floor":29},{"not_picked":["White Noise","Go for the Eyes+1","Melter+1"],"picked":"SKIP","floor":31},{"not_picked":["Rip and Tear","Leap+1","Consume"],"picked":"SKIP","floor":35},{"not_picked":["Consume","Force Field","Redo+1"],"picked":"SKIP","floor":36}],"player_experience":139770,"relics_obtained":[{"floor":6,"key":"Letter Opener"},{"floor":10,"key":"Bag of Marbles"},{"floor":12,"key":"Potion Belt"},{"floor":14,"key":"Orichalcum"},{"floor":26,"key":"Omamori"}],"event_choices":[{"damage_healed":0,"gold_gain":75,"player_choice":"Touch","damage_taken":7,"max_hp_gain":0,"max_hp_loss":0,"event_name":"FaceTrader","floor":3,"gold_loss":0},{"cards_removed":["Strike_B"],"damage_healed":0,"gold_gain":0,"player_choice":"Card Removal","damage_taken":7,"max_hp_gain":0,"max_hp_loss":0,"event_name":"Golden Wing","floor":5,"gold_loss":0},{"damage_healed":0,"gold_gain":30,"player_choice":"Searched \u00272\u0027 times","damage_taken":0,"max_hp_gain":0,"max_hp_loss":0,"event_name":"Dead Adventurer","floor":10,"gold_loss":0},{"damage_healed":0,"gold_gain":0,"player_choice":"Traded Relic","damage_taken":0,"relics_obtained":["Nloth\u0027s Gift"],"max_hp_gain":0,"max_hp_loss":0,"event_name":"N\u0027loth","floor":20,"relics_lost":["NeowsBlessing"],"gold_loss":0},{"damage_healed":0,"gold_gain":0,"player_choice":"Stole Relic","damage_taken":0,"relics_obtained":["Mango"],"max_hp_gain":0,"max_hp_loss":0,"event_name":"Addict","floor":30,"gold_loss":0,"cards_obtained":["Shame"]},{"damage_healed":24,"gold_gain":0,"player_choice":"Writhe","damage_taken":0,"max_hp_gain":0,"max_hp_loss":0,"event_name":"Winding Halls","floor":37,"gold_loss":0,"cards_obtained":["Writhe"]},{"damage_healed":0,"gold_gain":0,"player_choice":"Fight","damage_taken":0,"max_hp_gain":0,"max_hp_loss":0,"event_name":"Mysterious Sphere","floor":39,"gold_loss":0}],"is_beta":false,"boss_relics":[{"not_picked":["Orrery","Black Star"],"picked":"Velvet Choker"},{"not_picked":["Calling Bell","Coffee Dripper"],"picked":"Tiny House"}],"items_purged_floors":[2,19,38],"is_endless":false,"potions_floor_spawned":[6,8,10,12,13,14,24,28,33,36],"killed_by":"2 Orb Walkers","ascension_level":1}