{"path_per_floor":["M","?","?","M","$","E","R","?","T","M","$","E","R","T","R","B",null,"M","?","$","?","$","E","M","R","T","E","M","E","M","M","R","B",null,"M","?","?","$","M","R","E","M","T","$","M","E","M","E","R","B"],"character_chosen":"IRONCLAD","items_purchased":["Purity","Seeing Red"],"gold_per_floor":[119,119,69,80,80,111,111,111,111,131,56,87,87,87,87,183,183,198,198,0,27,27,56,75,75,75,103,113,148,162,174,174,276,276,290,290,290,90,101,101,132,149,149,149,164,199,216,251,251,251],"floor_reached":51,"campfire_rested":3,"playtime":2984,"current_hp_per_floor":[44,49,49,49,49,7,32,25,25,31,31,14,39,39,39,26,85,71,71,71,69,69,8,14,39,39,48,54,27,31,39,39,44,85,85,85,74,74,76,76,80,84,84,84,85,85,85,85,85,85],"items_purged":["Strike_R","Bash","Wild Strike"],"gold":251,"score":1022,"play_id":"560ee43a-18a2-4cc4-8353-0f71d5c658f7","local_time":"20180515235746","is_prod":false,"is_daily":false,"chose_seed":false,"is_ascension_mode":true,"campfire_upgraded":4,"timestamp":1526421466,"path_taken":["M","?","?","M","$","E","R","?","T","?","$","E","R","?","R","BOSS","M","?","?","?","$","E","M","R","T","E","M","E","M","M","R","BOSS","M","?","?","$","M","R","E","?","T","?","M","E","?","E","R","BOSS"],"build_version":"2018-05-10","seed_source_timestamp":0,"purchased_purges":3,"victory":true,"master_deck":["Anger+1","Anger","Anger","Purity","Clash","Rage+1","Fire Breathing+1","Anger","Offering","Body Slam+1","Pommel Strike","Intimidate","Disarm","Spot Weakness","Fire Breathing+1","Madness+1","Madness","Seeing Red","Fire Breathing+1","Rupture+1"],"max_hp_per_floor":[80,85,85,85,85,85,85,85,85,85,85,85,85,85,85,85,85,85,85,85,85,85,85,85,85,85,85,85,85,85,85,85,85,85,85,85,85,85,85,85,85,85,85,85,85,85,85,85,85,85],"relics":["Burning Blood","Ginger","Unceasing Top","Ornamental Fan","Frozen Egg 2","Bottled Lightning","Bottled Flame","Lizard Tail","Red Mask","Art of War","Meat on the Bone","Matryoshka","Blood Vial","Pandora\u0027s Box","Mummified Hand","Dream Catcher","Letter Opener","Gremlin Horn","Molten Egg 2"],"card_choices":[{"not_picked":["Berserk","Clothesline"],"picked":"Anger","floor":6.0},{"not_picked":["Cleave","Clash"],"picked":"Anger","floor":18.0},{"not_picked":["Shrug It Off","Headbutt"],"picked":"Clash","floor":24.0},{"not_picked":["Clothesline","Clash"],"picked":"Rage","floor":28.0},{"not_picked":["Sword Boomerang","Rupture"],"picked":"Fire Breathing","floor":29.0},{"not_picked":["Whirlwind","Warcry"],"picked":"Anger","floor":30.0},{"not_picked":["Reaper","Juggernaut"],"picked":"Offering","floor":33},{"not_picked":["Thunderclap","Headbutt"],"picked":"Fire Breathing","floor":45},{"not_picked":["Uppercut","Sever Soul"],"picked":"Rupture","floor":48}],"player_experience":66812,"potions_floor_usage":[50,50],"damage_taken":[{"damage":2.0,"enemies":"2 Louse","floor":1.0,"turns":4.0},{"damage":6.0,"enemies":"Jaw Worm","floor":4.0,"turns":4.0},{"damage":48.0,"enemies":"Gremlin Nob","floor":6.0,"turns":5.0},{"damage":0.0,"enemies":"Cultist","floor":10.0,"turns":3.0},{"damage":23.0,"enemies":"Lagavulin","floor":12.0,"turns":7.0},{"damage":19.0,"enemies":"Hexaghost","floor":16.0,"turns":7.0},{"damage":20.0,"enemies":"Shell Parasite","floor":18.0,"turns":5.0},{"damage":8.0,"enemies":"Masked Bandits","floor":21.0,"turns":4.0},{"damage":67.0,"enemies":"Slavers","floor":23.0,"turns":7.0},{"damage":0.0,"enemies":"Spheric Guardian","floor":24.0,"turns":3.0},{"damage":9.0,"enemies":"Gremlin Leader","floor":27.0,"turns":5.0},{"damage":0.0,"enemies":"Centurion and Healer","floor":28.0,"turns":3.0},{"damage":96.0,"enemies":"Slavers","floor":29.0,"turns":8.0},{"damage":16.0,"enemies":"Snecko","floor":30.0,"turns":5.0},{"damage":12.0,"enemies":"Sentry and Sphere","floor":31.0,"turns":4.0},{"damage":15,"enemies":"Automaton","floor":33,"turns":7},{"damage":4,"enemies":"3 Darklings","floor":35,"turns":2},{"damage":6,"enemies":"Orb Walker","floor":39,"turns":2},{"damage":4,"enemies":"Giant Head","floor":41,"turns":2},{"damage":4,"enemies":"3 Darklings","floor":42,"turns":1},{"damage":4,"enemies":"Sphere and 2 Shapes","floor":45,"turns":1},{"damage":4,"enemies":"Nemesis","floor":46,"turns":1},{"damage":4,"enemies":"Maw","floor":47,"turns":1},{"damage":4,"enemies":"2 Orb Walkers","floor":48,"turns":1},{"damage":4,"enemies":"Awakened One","floor":50,"turns":2}],"event_choices":[{"event_name":"Big Fish","player_choice":"Donut","floor":2.0,"damage_taken":0.0},{"event_name":"The Cleric","player_choice":"Card Removal","floor":3.0,"damage_taken":0.0},{"event_name":"Scrap Ooze","player_choice":"success","floor":8.0,"damage_taken":7.0},{"event_name":"The Library","player_choice":"Read","floor":19.0,"damage_taken":0.0},{"event_name":"Masked Bandits","player_choice":"Fought over 0 gold","floor":21.0,"damage_taken":0.0},{"event_name":"The Woman in Blue","player_choice":"Bought 0 Potions","floor":36,"damage_taken":0},{"event_name":"Winding Halls","player_choice":"Embrace Madness","floor":37,"damage_taken":0}],"boss_relics":[{"not_picked":["Runic Cube","Calling Bell"],"picked":"Pandora\u0027s Box"}],"potions_floor_spawned":[10,12,16,21,24,27,30,35,39,46,48],"seed_played":"6159680188808011709","ascension_level":1,"is_trial":false}