{"gold_per_floor":[113,126,76,96,96,124,137,212,212,212,232,262,187,204,204,301,301,320,334,334,259,134,134,166,121,171,171,188,188],"floor_reached":29,"playtime":1437,"items_purged":["Defend_R","Defend_R"],"score":253,"play_id":"abf50d0b-c839-4d46-8221-d8de66b53f41","local_time":"20190215024707","is_ascension_mode":false,"campfire_choices":[{"floor":10,"key":"REST"},{"floor":15,"key":"DIG"},{"floor":23,"key":"REST"}],"neow_cost":"NONE","seed_source_timestamp":62203597858706,"circlet_count":0,"master_deck":["Strike_R","Strike_R+1","Strike_R","Strike_R+1","Strike_R","Bash","Clash","Twin Strike","Clash","Shrug It Off+1","Perfected Strike","Wild Strike","Twin Strike","Limit Break","Headbutt","Cleave","Necronomicurse","Twin Strike","Clash+1","Warcry+1","Writhe","Battle Trance"],"relics":["Burning Blood","Whetstone","Mummified Hand","Shovel","Letter Opener","Eternal Feather","Necronomicon","Vajra","Lantern","War Paint"],"potions_floor_usage":[11,16,16,16,28,28,29],"damage_taken":[{"damage":4,"enemies":"Small Slimes","floor":1,"turns":4},{"damage":2,"enemies":"2 Louse","floor":2,"turns":2},{"damage":1,"enemies":"Cultist","floor":4,"turns":3},{"damage":21,"enemies":"Lagavulin","floor":6,"turns":5},{"damage":5,"enemies":"Looter","floor":7,"turns":2},{"damage":5,"enemies":"Red Slaver","floor":11,"turns":2},{"damage":10,"enemies":"3 Sentries","floor":12,"turns":7},{"damage":0,"enemies":"3 Louse","floor":14,"turns":2},{"damage":53,"enemies":"Hexaghost","floor":16,"turns":7},{"damage":29,"enemies":"Shell Parasite","floor":18,"turns":4},{"damage":8,"enemies":"3 Byrds","floor":19,"turns":5},{"damage":51,"enemies":"Book of Stabbing","floor":24,"turns":4},{"damage":12,"enemies":"Centurion and Healer","floor":28,"turns":4},{"damage":42,"enemies":"Shelled Parasite and Fungi","floor":29,"turns":2}],"seed_played":"4625457542602415546","potions_obtained":[{"floor":2,"key":"FearPotion"},{"floor":6,"key":"LiquidBronze"},{"floor":7,"key":"SteroidPotion"},{"floor":14,"key":"BloodPotion"},{"floor":16,"key":"EssenceOfSteel"},{"floor":24,"key":"Fire Potion"},{"floor":28,"key":"BloodPotion"}],"is_trial":false,"path_per_floor":["M","M","?","M","?","E","M","?","T","R","M","E","$","M","R","B",null,"M","M","?","?","$","R","E","$","T","?","M","M"],"character_chosen":"IRONCLAD","items_purchased":["Twin Strike","Warcry"],"campfire_rested":2,"item_purchase_floors":[22,25],"current_hp_per_floor":[80,80,80,80,80,65,66,58,58,80,80,76,76,80,80,41,80,57,55,39,39,39,72,27,27,27,27,21,0],"gold":188,"neow_bonus":"THREE_CARDS","is_prod":false,"is_daily":false,"chose_seed":false,"campfire_upgraded":0,"win_rate":0.0,"timestamp":1550166427,"path_taken":["M","M","?","M","?","E","?","?","T","R","?","E","$","M","R","BOSS","M","M","?","?","$","R","E","?","T","?","M","M"],"build_version":"2019-01-23","purchased_purges":2,"victory":false,"max_hp_per_floor":[80,80,80,80,80,80,80,80,80,80,80,80,80,80,80,80,80,80,80,80,80,80,80,80,80,80,80,80,80],"card_choices":[{"not_picked":["Iron Wave","Shockwave"],"picked":"Clash","floor":0},{"not_picked":["Body Slam","Sword Boomerang"],"picked":"Twin Strike","floor":1},{"not_picked":["Shockwave","Flame Barrier","True Grit"],"picked":"SKIP","floor":2},{"not_picked":["True Grit","Blood for Blood","Searing Blow"],"picked":"SKIP","floor":4},{"not_picked":["Bloodletting","True Grit"],"picked":"Clash","floor":6},{"not_picked":["Carnage","Fire Breathing"],"picked":"Shrug It Off","floor":7},{"not_picked":["Seeing Red","Fire Breathing"],"picked":"Perfected Strike","floor":11},{"not_picked":["Dual Wield","Combust"],"picked":"Wild Strike","floor":12},{"not_picked":["Clothesline","Fire Breathing"],"picked":"Twin Strike","floor":14},{"not_picked":["Fiend Fire","Berserk"],"picked":"Limit Break","floor":16},{"not_picked":["Clash","Anger"],"picked":"Headbutt","floor":18},{"not_picked":["Reckless Charge","Bloodletting+1"],"picked":"Cleave","floor":19},{"not_picked":["Rage+1","Sword Boomerang"],"picked":"Clash+1","floor":24},{"not_picked":["Shrug It Off","Rupture"],"picked":"Battle Trance","floor":28}],"player_experience":17558,"relics_obtained":[{"floor":6,"key":"Whetstone"},{"floor":9,"key":"Mummified Hand"},{"floor":12,"key":"Shovel"},{"floor":15,"key":"Letter Opener"},{"floor":20,"key":"Necronomicon"},{"floor":24,"key":"Vajra"},{"floor":26,"key":"Lantern"}],"event_choices":[{"cards_removed":["Defend_R"],"damage_healed":0,"gold_gain":0,"player_choice":"Card Removal","damage_taken":0,"max_hp_gain":0,"max_hp_loss":0,"event_name":"The Cleric","floor":3,"gold_loss":50},{"damage_healed":0,"gold_gain":0,"player_choice":"Ignored","damage_taken":0,"max_hp_gain":0,"max_hp_loss":0,"event_name":"NoteForYourself","floor":5,"gold_loss":0},{"damage_healed":0,"gold_gain":75,"player_choice":"Touch","damage_taken":8,"max_hp_gain":0,"max_hp_loss":0,"event_name":"FaceTrader","floor":8,"gold_loss":0},{"damage_healed":0,"gold_gain":0,"player_choice":"Obtained Book","damage_taken":16,"max_hp_gain":0,"max_hp_loss":0,"event_name":"Cursed Tome","floor":20,"gold_loss":0},{"cards_removed":["Defend_R"],"damage_healed":0,"gold_gain":0,"player_choice":"Gave Gold","damage_taken":0,"max_hp_gain":0,"max_hp_loss":0,"event_name":"Beggar","floor":21,"gold_loss":75},{"damage_healed":0,"gold_gain":0,"player_choice":"Opened","damage_taken":0,"relics_obtained":["War Paint"],"max_hp_gain":0,"max_hp_loss":0,"event_name":"The Mausoleum","floor":27,"gold_loss":0,"cards_obtained":["Writhe"]}],"is_beta":false,"boss_relics":[{"not_picked":["Philosopher\u0027s Stone","Calling Bell"],"picked":"Eternal Feather"}],"items_purged_floors":[13,22],"is_endless":false,"potions_floor_spawned":[2,6,7,14,16,24,28],"killed_by":"Shelled Parasite and Fungi","ascension_level":0}