{"path_per_floor":["M","M","$","M","?","E","R","M","T","E","M","R","E","M","R","B",null,"M","M","$","M","?","R"],"character_chosen":"THE_SILENT","items_purchased":["PiercingWail","Die Die Die","Mercury Hourglass"],"gold_per_floor":[117,129,106,116,116,141,141,154,180,215,228,228,287,300,300,400,400,415,427,17,30,30,30],"floor_reached":24,"campfire_rested":4,"playtime":1789,"current_hp_per_floor":[70,70,70,69,69,40,61,61,61,48,46,69,45,41,64,8,77,53,25,25,6,6,29],"items_purged":[],"gold":30,"play_id":"0b62edf9-cfd8-4295-96c0-ae863f102940","is_prod":false,"is_daily":false,"campfire_rituals":0,"campfire_upgraded":0,"is_hardmode":false,"path_taken":["M","M","$","M","?","E","R","M","T","E","M","R","E","?","R","BOSS","M","M","$","M","?","R","E"],"build_version":"2018-01-11-PROD1","purchased_purges":0,"victory":false,"master_deck":["Defend_G","Defend_G","Defend_G","Defend_G","Defend_G","Strike_G","Strike_G","Strike_G","Strike_G","Strike_G","Survivor","Neutralize","Glass Knife","Footwork","Dodge and Roll","PiercingWail","Poisoned Stab","Riddle With Holes","Dagger Throw","Dagger Spray","Bouncing Flask","Distraction","Dagger Throw","Distraction","Backflip","Burst","Heel Hook","Poisoned Stab","Die Die Die","Dash","Outmaneuver"],"max_hp_per_floor":[70,70,70,70,70,70,70,70,70,77,77,77,77,77,77,77,77,77,77,77,77,77,77],"relics":["Ring of the Snake","Lantern","Dream Catcher","Strawberry","Tiny Chest","Black Star","Mercury Hourglass"],"campfire_meditates":0,"card_choices":[{"not_picked":["Heel Hook","Bane"],"picked":"Footwork"},{"not_picked":["Outmaneuver","Well Laid Plans"],"picked":"Dodge and Roll"},{"not_picked":["Catalyst","Finisher"],"picked":"Poisoned Stab"},{"not_picked":["Crippling Poison","Masterful Stab"],"picked":"Riddle With Holes"},{"not_picked":["Slice","PiercingWail"],"picked":"Dagger Throw"},{"not_picked":["Deflect","Bane"],"picked":"Dagger Spray"},{"not_picked":["Deflect","Poisoned Stab"],"picked":"Bouncing Flask"},{"not_picked":["Dagger Spray","Flechettes"],"picked":"Distraction"},{"not_picked":["Wraith Form","Acrobatics"],"picked":"Dagger Throw"},{"not_picked":["Dagger Spray","Catalyst"],"picked":"Distraction"},{"not_picked":["Finisher","Deflect"],"picked":"Backflip"},{"not_picked":["Unload","Night Terror"],"picked":"Burst"},{"not_picked":["All Out Attack","Poisoned Stab"],"picked":"Heel Hook"},{"not_picked":["Dagger Throw","PiercingWail"],"picked":"Poisoned Stab"},{"not_picked":["Choke","PiercingWail"],"picked":"Dash"},{"not_picked":["Acrobatics","Dagger Spray"],"picked":"Outmaneuver"}],"player_experience":16341,"potions_floor_usage":[],"damage_taken":[{"damage":0,"enemies":"2 Louse","floor":1,"turns":2},{"damage":0,"enemies":"Cultist","floor":2,"turns":2},{"damage":1,"enemies":"Jaw Worm","floor":4,"turns":5},{"damage":29,"enemies":"Lagavulin","floor":6,"turns":9},{"damage":0,"enemies":"3 Louse","floor":8,"turns":2},{"damage":20,"enemies":"Gremlin Nob","floor":10,"turns":4},{"damage":2,"enemies":"Large Slime","floor":11,"turns":5},{"damage":24,"enemies":"3 Sentries","floor":13,"turns":3},{"damage":4,"enemies":"Looter","floor":14,"turns":2},{"damage":56,"enemies":"Hexaghost","floor":16,"turns":13},{"damage":24,"enemies":"Shell Parasite","floor":18,"turns":6},{"damage":28,"enemies":"Spheric Guardian","floor":19,"turns":8},{"damage":19,"enemies":"Snake Plant","floor":21,"turns":5},{"damage":31,"enemies":"Gremlin Leader","floor":24,"turns":3}],"event_choices":[{"event_name":"The Cleric","player_choice":"Leave","floor":5,"damage_taken":0},{"event_name":"Beggar","player_choice":"Ignored","floor":22,"damage_taken":0}],"boss_relics":[{"not_picked":["Eternal Feather","Runic Pyramid"],"picked":"Black Star"}],"potions_floor_spawned":[1,8,10,14,16,18,19],"seed_played":"1668405940516135840","killed_by":"Gremlin Leader","is_trial":false}