{"gold_per_floor":[114,134,152,152,8,36,36,56,56,86,99,49,59,24,24,124,124,141,141,157,157,90,118,118,150,199,212,232,232],"floor_reached":29,"playtime":2180,"items_purged":["Strike_G"],"score":328,"play_id":"b8872f81-7a3e-4598-97cf-49690a0776e1","local_time":"20181222122403","is_ascension_mode":true,"campfire_choices":[{"data":"Noxious Fumes","floor":7,"key":"SMITH"},{"data":"Footwork","floor":15,"key":"SMITH"},{"data":"Neutralize","floor":24,"key":"SMITH"}],"neow_cost":"NONE","seed_source_timestamp":1019350626175,"circlet_count":0,"master_deck":["Defend_G","Defend_G","Defend_G","Defend_G","Defend_G","Strike_G","Strike_G","Survivor","Neutralize+1","Reflex","Dagger Throw","Well Laid Plans","Noxious Fumes+1","PiercingWail+1","Escape Plan+1","Outmaneuver+1","Envenom","Deadly Poison+1","PiercingWail+1","Footwork+1","Unload","Deadly Poison+1","Writhe","Deadly Poison+1","Escape Plan+1","Heel Hook","Catalyst+1","Prepared+1","Deadly Poison+1","Prepared+1"],"relics":["Ring of the Serpent","Happy Flower","Toxic Egg 2","Matryoshka","Question Card","Strawberry","Ancient Tea Set","Letter Opener","Lantern","Bronze Scales"],"potions_floor_usage":[11,29,29,29],"damage_taken":[{"damage":0,"enemies":"Small Slimes","floor":1,"turns":3},{"damage":6,"enemies":"Cultist","floor":2,"turns":5},{"damage":0,"enemies":"Jaw Worm","floor":3,"turns":5},{"damage":18,"enemies":"3 Sentries","floor":6,"turns":9},{"damage":0,"enemies":"Lots of Slimes","floor":8,"turns":4},{"damage":16,"enemies":"Lagavulin","floor":10,"turns":10},{"damage":0,"enemies":"2 Fungi Beasts","floor":11,"turns":4},{"damage":3,"enemies":"3 Louse","floor":13,"turns":4},{"damage":25,"enemies":"The Guardian","floor":16,"turns":10},{"damage":9,"enemies":"Shell Parasite","floor":18,"turns":6},{"damage":25,"enemies":"Chosen","floor":20,"turns":6},{"damage":7,"enemies":"Gremlin Leader","floor":23,"turns":6},{"damage":10,"enemies":"Book of Stabbing","floor":25,"turns":4},{"damage":18,"enemies":"Centurion and Healer","floor":27,"turns":5},{"damage":0,"enemies":"3 Cultists","floor":28,"turns":4},{"damage":19,"enemies":"Slavers","floor":29,"turns":1}],"seed_played":"-8377885697452678775","potions_obtained":[{"floor":1,"key":"Swift Potion"},{"floor":3,"key":"LiquidBronze"},{"floor":8,"key":"Fire Potion"},{"floor":13,"key":"Ancient Potion"},{"floor":18,"key":"Dexterity Potion"},{"floor":28,"key":"PowerPotion"}],"is_trial":false,"path_per_floor":["M","M","M","?","$","E","R","M","T","E","M","$","M","$","R","B",null,"M","?","M","?","$","E","R","E","T","M","M","E"],"character_chosen":"THE_SILENT","items_purchased":["Noxious Fumes","Deadly Poison+1","Footwork","Catalyst+1"],"campfire_rested":0,"item_purchase_floors":[5,12,14,22],"current_hp_per_floor":[77,71,71,71,71,53,53,53,53,37,37,37,34,34,34,9,77,68,75,50,50,50,43,43,33,33,15,15,0],"gold":232,"neow_bonus":"TEN_PERCENT_HP_BONUS","is_prod":false,"is_daily":false,"chose_seed":false,"campfire_upgraded":3,"win_rate":0,"timestamp":1545474243,"path_taken":["M","M","M","?","?","E","R","M","T","E","?","$","?","?","R","BOSS","M","?","M","?","?","E","R","E","T","M","M","E"],"build_version":"2018-12-20","purchased_purges":1,"victory":false,"max_hp_per_floor":[77,77,77,77,77,77,77,77,77,77,77,77,77,77,77,77,77,77,84,84,84,84,84,84,84,84,84,84,84],"card_choices":[{"not_picked":["Masterful Stab","Accuracy"],"picked":"Reflex","floor":1},{"not_picked":["Deflect","Sucker Punch"],"picked":"Dagger Throw","floor":2},{"not_picked":["Acrobatics","Backstab"],"picked":"Well Laid Plans","floor":3},{"not_picked":["Caltrops","Slice"],"picked":"PiercingWail","floor":6},{"not_picked":["Cloak And Dagger+1","Bane"],"picked":"Escape Plan+1","floor":8},{"not_picked":["Distraction+1","Bane"],"picked":"Outmaneuver+1","floor":10},{"not_picked":["Skewer","Cloak And Dagger+1","Tactician+1"],"picked":"Envenom","floor":11},{"not_picked":["Reflex+1","Flying Knee","Deflect+1"],"picked":"PiercingWail+1","floor":13},{"not_picked":["Die Die Die","Doppelganger+1","Envenom"],"picked":"Unload","floor":16},{"not_picked":["Sucker Punch+1","Outmaneuver+1","Dagger Spray"],"picked":"Deadly Poison+1","floor":18},{"not_picked":["Deflect+1","Outmaneuver+1","Acrobatics+1"],"picked":"Deadly Poison+1","floor":20},{"not_picked":["Eviscerate","Acrobatics+1","Blade Dance+1"],"picked":"Prepared+1","floor":23},{"not_picked":["Dagger Throw+1","Outmaneuver+1","Storm of Steel+1"],"picked":"Deadly Poison+1","floor":25},{"not_picked":["Sucker Punch","Underhanded Strike","Cloak And Dagger+1","Terror+1"],"picked":"SKIP","floor":27},{"not_picked":["Slice","Backstab","Sucker Punch"],"picked":"Prepared+1","floor":28}],"player_experience":47813,"relics_obtained":[{"floor":6,"key":"Toxic Egg 2"},{"floor":9,"key":"Matryoshka"},{"floor":10,"key":"Question Card"},{"floor":23,"key":"Ancient Tea Set"},{"floor":25,"key":"Letter Opener"},{"floor":26,"key":"Lantern"},{"floor":26,"key":"Bronze Scales"}],"event_choices":[{"damage_healed":0,"gold_gain":0,"player_choice":"Gave Potion","damage_taken":0,"relics_obtained":["Happy Flower"],"max_hp_gain":0,"max_hp_loss":0,"event_name":"WeMeetAgain","floor":4,"gold_loss":0},{"damage_healed":0,"gold_gain":0,"player_choice":"Opened","damage_taken":0,"relics_obtained":["Strawberry"],"max_hp_gain":0,"max_hp_loss":0,"event_name":"The Mausoleum","floor":19,"gold_loss":0,"cards_obtained":["Writhe"]},{"damage_healed":0,"gold_gain":0,"cards_transformed":["Strike_G","Strike_G"],"player_choice":"Became Test Subject","damage_taken":0,"max_hp_gain":0,"max_hp_loss":0,"event_name":"Drug Dealer","floor":21,"gold_loss":0,"cards_obtained":["Escape Plan","Heel Hook"]}],"is_beta":false,"boss_relics":[{"not_picked":["Empty Cage","Eternal Feather"],"picked":"Ring of the Serpent"}],"items_purged_floors":[5],"is_endless":false,"potions_floor_spawned":[1,3,8,13,18,25,28],"killed_by":"Slavers","ascension_level":2}