{"path_per_floor":["M","?","$","M","M","E","$","R","T","E","M","R","M","E","R","B",null,"M","M","?","?","M","R","E","M","T","E"],"character_chosen":"THE_SILENT","items_purchased":["Reflex"],"gold_per_floor":[109,109,75,91,105,137,137,137,137,171,185,185,205,237,237,332,332,342,329,329,329,340,340,373,392,416,449],"floor_reached":28,"campfire_rested":2,"playtime":1583,"current_hp_per_floor":[70,70,70,70,70,52,52,52,52,41,41,62,58,72,72,26,84,66,34,34,34,25,60,49,23,23,4],"items_purged":[],"gold":449,"score":329,"play_id":"e6f36a6a-2793-4524-a474-b86bf531bcf5","is_prod":false,"is_daily":false,"is_ascension_mode":false,"campfire_upgraded":2,"path_taken":["M","?","$","?","M","E","$","R","T","E","M","R","M","E","R","BOSS","M","?","?","?","M","R","E","M","T","E","M"],"build_version":"2018-02-12-PROD1","purchased_purges":0,"victory":false,"master_deck":["Defend_G+1","Defend_G","Defend_G","Defend_G","Strike_G","Strike_G","Strike_G","Strike_G","Strike_G","Survivor","Neutralize","Dagger Throw","Adrenaline+1","Reflex+1","Slice","Bouncing Flask+1","Dodge and Roll","Die Die Die","Poisoned Stab","Poisoned Stab","Skewer","Burst","Malaise","Poisoned Stab+1","Poisoned Stab+1","Sucker Punch","Bane+1","Envenom"],"max_hp_per_floor":[70,70,70,70,70,70,70,70,70,70,70,70,70,84,84,84,84,84,84,84,84,84,84,84,84,84,84],"relics":["Ring of the Snake","NeowsBlessing","Bronze Scales","Unceasing Top","Calipers","Mango","Eternal Feather","Matryoshka","Prayer Wheel","War Paint","Pantograph"],"card_choices":[{"not_picked":["Acrobatics","Endless Agony"],"picked":"Dagger Throw"},{"not_picked":["Cloak And Dagger","Dodge and Roll"],"picked":"Slice"},{"not_picked":["Concentrate","Deadly Poison"],"picked":"Bouncing Flask"},{"not_picked":["Acrobatics","Tools of the Trade"],"picked":"Dodge and Roll"},{"not_picked":["Flying Knee","Underhanded Strike"],"picked":"Die Die Die"},{"not_picked":["Prepared","Deflect"],"picked":"Poisoned Stab"},{"not_picked":["Deflect","Sucker Punch"],"picked":"Poisoned Stab"},{"not_picked":["Deflect","Deadly Poison"],"picked":"Skewer"},{"not_picked":["Wraith Form","Glass Knife"],"picked":"Burst"},{"not_picked":["Sucker Punch","Bane"],"picked":"Malaise"},{"not_picked":["Flying Knee","Dodge and Roll"],"picked":"Poisoned Stab"},{"not_picked":["Reflex","Blade Dance"],"picked":"Poisoned Stab"},{"not_picked":["Well Laid Plans","Quick Slash"],"picked":"Sucker Punch"},{"not_picked":["Underhanded Strike","Prepared"],"picked":"Bane"},{"not_picked":["Prepared","Distraction"],"picked":"Envenom"}],"player_experience":176165,"potions_floor_usage":[10,16,22,27,28],"damage_taken":[{"damage":0,"enemies":"Jaw Worm","floor":1,"turns":1},{"damage":0,"enemies":"Small Slimes","floor":4,"turns":1},{"damage":0,"enemies":"2 Louse","floor":5,"turns":1},{"damage":18,"enemies":"Lagavulin","floor":6,"turns":6},{"damage":11,"enemies":"3 Sentries","floor":10,"turns":5},{"damage":0,"enemies":"Lots of Slimes","floor":11,"turns":1},{"damage":4,"enemies":"Gremlin Gang","floor":13,"turns":1},{"damage":0,"enemies":"Gremlin Nob","floor":14,"turns":3},{"damage":46,"enemies":"Slime Boss","floor":16,"turns":10},{"damage":18,"enemies":"Chosen","floor":18,"turns":5},{"damage":32,"enemies":"2 Thieves","floor":19,"turns":4},{"damage":9,"enemies":"Snake Plant","floor":22,"turns":3},{"damage":11,"enemies":"Gremlin Leader","floor":24,"turns":9},{"damage":26,"enemies":"3 Cultists","floor":25,"turns":5},{"damage":19,"enemies":"Book of Stabbing","floor":27,"turns":5},{"damage":11,"enemies":"Centurion and Healer","floor":28,"turns":3}],"event_choices":[{"event_name":"Living Wall","player_choice":"Change","floor":2,"damage_taken":0},{"event_name":"The Woman in Blue","player_choice":"Bought 0 Potions","floor":20,"damage_taken":0},{"event_name":"Vampires","player_choice":"Ignored","floor":21,"damage_taken":0}],"boss_relics":[{"not_picked":["Tiny House","Sozu"],"picked":"Eternal Feather"}],"potions_floor_spawned":[5,13,14,16,24],"seed_played":"-4253192430160125791","killed_by":"Centurion and Healer","ascension_level":0,"is_trial":false}