{"gold_per_floor":[114,114,133,204,21,59,97,97,122,122,141,141,179,217,217,342,342,361,361,361,36,14,52,52,2,27,27,65,65,65],"floor_reached":30,"playtime":2280,"items_purged":[],"score":288,"play_id":"9df2ebb1-f090-4327-9e44-231369045150","local_time":"20190129233606","daily_mods":["Allstar","Flight","DeadlyEvents"],"is_ascension_mode":false,"campfire_choices":[{"floor":8.0,"key":"REST"},{"data":"Body Slam","floor":10.0,"key":"SMITH"},{"floor":12.0,"key":"REST"},{"floor":15.0,"key":"REST"},{"floor":24,"key":"REST"},{"data":"Apotheosis","floor":27,"key":"SMITH"},{"floor":29,"key":"REST"}],"neow_cost":"","seed_source_timestamp":0,"circlet_count":0,"master_deck":["Strike_R+1","Strike_R+1","Strike_R+1","Strike_R+1","Strike_R+1","Defend_R+1","Defend_R+1","Defend_R+1","Defend_R+1","Bash","Finesse","Madness","Master of Strategy","Enlightenment","Metamorphosis","Uppercut","Body Slam+1","Apotheosis+1","Carnage","Rampage","Infernal Blade","Exhume","Spot Weakness","Demon Form","Flame Barrier","Shrug It Off","Flex","Heavy Blade","Armaments","Sword Boomerang","Anger"],"special_seed":17925,"relics":["Burning Blood","Golden Idol","Oddly Smooth Stone","Turnip","Boot","Letter Opener","Unceasing Top","Busted Crown","Nilry\u0027s Codex","MealTicket","Pen Nib","Centennial Puzzle","Vajra"],"potions_floor_usage":[28],"damage_taken":[{"damage":11.0,"enemies":"Jaw Worm","floor":1.0,"turns":3.0},{"damage":3.0,"enemies":"Small Slimes","floor":3.0,"turns":5.0},{"damage":10.0,"enemies":"Lagavulin","floor":6.0,"turns":5.0},{"damage":27.0,"enemies":"Gremlin Nob","floor":7.0,"turns":4.0},{"damage":7.0,"enemies":"2 Louse","floor":11.0,"turns":3.0},{"damage":30.0,"enemies":"3 Sentries","floor":13.0,"turns":8.0},{"damage":21.0,"enemies":"Gremlin Nob","floor":14.0,"turns":3.0},{"damage":32.0,"enemies":"Hexaghost","floor":16.0,"turns":5.0},{"damage":24.0,"enemies":"Shell Parasite","floor":18.0,"turns":4.0},{"damage":36.0,"enemies":"Book of Stabbing","floor":23.0,"turns":6.0},{"damage":36,"enemies":"Gremlin Leader","floor":28,"turns":4},{"damage":55,"enemies":"Slavers","floor":30,"turns":3}],"seed_played":"-7783971571703722258","potions_obtained":[{"floor":1.0,"key":"SpeedPotion"},{"floor":7.0,"key":"Ancient Potion"},{"floor":13.0,"key":"GamblersBrew"},{"floor":16.0,"key":"Ancient Potion"},{"floor":18.0,"key":"Fire Potion"}],"is_trial":false,"path_per_floor":["M","?","M","?","$","E","E","R","T","R","M","R","E","E","R","B",null,"M","?","?","$","$","E","R","$","T","R","E","R","E"],"character_chosen":"IRONCLAD","items_purchased":["Apotheosis","MealTicket","Shrug It Off","Flex","Heavy Blade","Armaments","AttackPotion"],"campfire_rested":5,"item_purchase_floors":[5,21,21,21,21,22,25],"current_hp_per_floor":[75,55,58,58,58,54,33,57,57,57,56,80,56,41,65,39,80,62,46,46,46,61,31,55,55,55,55,25,49,0],"gold":65,"neow_bonus":"","is_prod":false,"is_daily":true,"chose_seed":false,"campfire_upgraded":2,"win_rate":0.0,"timestamp":1548776166,"path_taken":["M","?","M","?","$","E","E","R","T","R","?","R","?","?","R","BOSS","M","?","?","?","$","E","R","?","T","R","?","R","?"],"build_version":"2019-01-23","purchased_purges":0,"victory":false,"max_hp_per_floor":[80,80,80,80,80,80,80,80,80,80,80,80,80,80,80,80,80,80,80,80,80,80,80,80,80,80,80,80,80,80],"card_choices":[{"not_picked":["Corruption","Sentinel"],"picked":"Uppercut","floor":1.0},{"not_picked":["True Grit","Havoc"],"picked":"Body Slam","floor":3.0},{"not_picked":["Whirlwind","Disarm"],"picked":"Carnage","floor":6.0},{"not_picked":["Clash","Iron Wave"],"picked":"Rampage","floor":7.0},{"not_picked":["Iron Wave","Armaments"],"picked":"Infernal Blade","floor":11.0},{"not_picked":["Clash","Seeing Red"],"picked":"Exhume","floor":13.0},{"not_picked":["Inflame","Pommel Strike"],"picked":"Spot Weakness","floor":14.0},{"not_picked":["Double Tap","Exhume"],"picked":"Demon Form","floor":16.0},{"not_picked":[],"picked":"Flame Barrier","floor":18.0},{"not_picked":[],"picked":"Sword Boomerang","floor":23},{"not_picked":[],"picked":"Anger","floor":28}],"player_experience":70816,"relics_obtained":[{"floor":6.0,"key":"Oddly Smooth Stone"},{"floor":7.0,"key":"Turnip"},{"floor":9.0,"key":"Boot"},{"floor":13.0,"key":"Letter Opener"},{"floor":14.0,"key":"Unceasing Top"},{"floor":19.0,"key":"Nilry\u0027s Codex"},{"floor":23,"key":"Pen Nib"},{"floor":26,"key":"Centennial Puzzle"},{"floor":28,"key":"Vajra"}],"event_choices":[{"damage_healed":0.0,"max_hp_gain":0.0,"max_hp_loss":0.0,"gold_gain":0.0,"event_name":"Golden Idol","player_choice":"Take Damage","floor":2.0,"gold_loss":0.0,"damage_taken":20.0,"relics_obtained":["Golden Idol"]},{"damage_healed":0.0,"max_hp_gain":0.0,"max_hp_loss":0.0,"gold_gain":71.0,"event_name":"Golden Wing","player_choice":"Gained Gold","floor":4.0,"gold_loss":0.0,"damage_taken":0.0},{"damage_healed":0.0,"max_hp_gain":0.0,"max_hp_loss":0.0,"gold_gain":0.0,"event_name":"Cursed Tome","player_choice":"Obtained Book","floor":19.0,"gold_loss":0.0,"damage_taken":16.0},{"damage_healed":0.0,"max_hp_gain":0.0,"max_hp_loss":0.0,"gold_gain":0.0,"event_name":"Back to Basics","player_choice":"Simplicity","floor":20.0,"gold_loss":0.0,"damage_taken":0.0,"cards_upgraded":["Strike_R","Strike_R","Strike_R","Strike_R","Strike_R","Defend_R","Defend_R","Defend_R","Defend_R"]}],"is_beta":false,"boss_relics":[{"not_picked":["Orrery","Mark of Pain"],"picked":"Busted Crown"}],"items_purged_floors":[],"is_endless":false,"potions_floor_spawned":[1,7,13,16,18],"killed_by":"Slavers","ascension_level":0}