{"gold_per_floor":[119,138,63,63,138,138,172,28,82,47,68,68,68,93,93,212,212,233,233,246,269,289,289],"floor_reached":23,"playtime":2576,"items_purged":["Decay"],"score":248,"play_id":"bdbc902b-77b7-417e-96e3-06e7637da7aa","local_time":"20181031222106","is_ascension_mode":true,"campfire_choices":[{"floor":6,"key":"REST"},{"floor":13,"key":"REST"},{"data":"Tempest","floor":15,"key":"SMITH"}],"neow_cost":"CURSE","seed_source_timestamp":2244921034627371,"circlet_count":0,"master_deck":["Strike_B","Strike_B","Strike_B","Defend_B","Defend_B","Defend_B","Defend_B","Zap","Dualcast","Gash","Ball Lightning","Capacitor+1","Cold Snap","Coolheaded","Tempest+1","Redo","Electrodynamics+1","Ball Lightning","Sunder","Go for the Eyes","Coolheaded"],"relics":["Cracked Core","Emotion Chip","Golden Idol","Frozen Egg 2","Vajra","Inserter"],"potions_floor_usage":[22,22,23],"damage_taken":[{"damage":14,"enemies":"Small Slimes","floor":1,"turns":4},{"damage":9,"enemies":"Jaw Worm","floor":2,"turns":3},{"damage":20,"enemies":"Lagavulin","floor":7,"turns":7},{"damage":0,"enemies":"2 Louse","floor":11,"turns":2},{"damage":4,"enemies":"Looter","floor":14,"turns":3},{"damage":17,"enemies":"Slime Boss","floor":16,"turns":7},{"damage":16,"enemies":"3 Byrds","floor":18,"turns":3},{"damage":7,"enemies":"Chosen","floor":20,"turns":4},{"damage":31,"enemies":"Snake Plant","floor":21,"turns":4},{"damage":0,"enemies":"Cultist and Chosen","floor":22,"turns":4},{"damage":13,"enemies":"Sentry and Sphere","floor":23,"turns":4}],"seed_played":"-394114345163688786","potions_obtained":[{"floor":7,"key":"SteroidPotion"},{"floor":14,"key":"PowerPotion"},{"floor":16,"key":"Energy Potion"},{"floor":21,"key":"Block Potion"},{"floor":22,"key":"Block Potion"}],"is_trial":false,"path_per_floor":["M","M","$","?","?","R","E","$","T","?","M","?","R","M","R","B",null,"M","?","M","M","M"],"character_chosen":"DEFECT","items_purchased":["Capacitor+1","Cold Snap","Coolheaded"],"campfire_rested":2,"item_purchase_floors":[8,8,8],"current_hp_per_floor":[54,45,45,27,16,38,18,18,18,36,36,36,58,54,54,37,66,50,50,43,12,12,0],"gold":289,"neow_bonus":"ONE_RARE_RELIC","is_prod":false,"is_daily":false,"chose_seed":false,"campfire_upgraded":1,"win_rate":0,"timestamp":1540992066,"path_taken":["M","M","$","?","?","R","E","?","T","?","M","?","R","M","R","BOSS","M","?","M","?","?","M"],"build_version":"2018-10-25v2","purchased_purges":1,"victory":false,"max_hp_per_floor":[75,75,75,75,75,75,75,75,75,75,75,75,75,75,75,75,75,75,75,75,75,75,75],"card_choices":[{"not_picked":["Streamline","Hologram","Barrage"],"picked":"SKIP","floor":1},{"not_picked":["Consume","Buffer"],"picked":"Gash","floor":2},{"not_picked":["Chaos","Barrage"],"picked":"Ball Lightning","floor":7},{"not_picked":["Reinforced Body","Turbo"],"picked":"Tempest","floor":11},{"not_picked":["Cold Snap","Storm+1"],"picked":"Redo","floor":14},{"not_picked":["Multi-Cast","Amplify"],"picked":"Electrodynamics+1","floor":16},{"not_picked":["Doom and Gloom","Hologram+1"],"picked":"Ball Lightning","floor":18},{"not_picked":["Genetic Algorithm","Conserve Battery"],"picked":"Go for the Eyes","floor":20},{"not_picked":["Hologram","Force Field","Aggregate"],"picked":"SKIP","floor":21},{"not_picked":["Skim","Streamline"],"picked":"Coolheaded","floor":22}],"player_experience":318037,"relics_obtained":[{"floor":7,"key":"Frozen Egg 2"},{"floor":9,"key":"Vajra"}],"event_choices":[{"damage_healed":0,"gold_gain":0,"player_choice":"Take Damage","damage_taken":18,"relics_obtained":["Golden Idol"],"max_hp_gain":0,"max_hp_loss":0,"event_name":"Golden Idol","floor":4,"gold_loss":0},{"damage_healed":0,"gold_gain":75,"player_choice":"Gather Gold","damage_taken":11,"max_hp_gain":0,"max_hp_loss":0,"event_name":"World of Goop","floor":5,"gold_loss":0},{"damage_healed":18,"gold_gain":0,"player_choice":"Healed","damage_taken":0,"max_hp_gain":0,"max_hp_loss":0,"event_name":"The Cleric","floor":10,"gold_loss":35},{"cards_removed":["Strike_B"],"damage_healed":0,"gold_gain":0,"player_choice":"Forget","damage_taken":0,"max_hp_gain":0,"max_hp_loss":0,"event_name":"Living Wall","floor":12,"gold_loss":0},{"damage_healed":0,"gold_gain":0,"player_choice":"Read","damage_taken":0,"max_hp_gain":0,"max_hp_loss":0,"event_name":"The Library","floor":19,"gold_loss":0,"cards_obtained":["Sunder"]}],"is_beta":false,"boss_relics":[{"not_picked":["Eternal Feather","Empty Cage"],"picked":"Inserter"}],"items_purged_floors":[3],"is_endless":false,"potions_floor_spawned":[7,14,16,21,22],"killed_by":"Sentry and Sphere","ascension_level":6}