{"path_per_floor":["M","$","?","M","?","E","M","R","T","?","M","M","$","?","R","B",null,"M","$","M","M","M","R","?","M","T","M","R"],"character_chosen":"IRONCLAD","items_purchased":["Vajra","Seeing Red"],"gold_per_floor":[109,34,109,125,125,151,165,165,165,340,354,368,50,50,50,154,154,164,39,49,61,75,75,101,115,141,158,158,158],"floor_reached":29,"campfire_rested":0,"playtime":771,"current_hp_per_floor":[78,78,67,73,57,63,68,68,68,68,64,70,70,63,63,20,65,50,50,50,25,43,43,49,36,36,44,44,0],"items_purged":["Defend_R","Doubt","Defend_R"],"gold":158,"score":378,"play_id":"0445058c-8baf-4f5e-89f9-0fb9d616c8b8","local_time":"20180520042901","is_prod":false,"is_daily":false,"chose_seed":false,"is_ascension_mode":true,"campfire_upgraded":4,"timestamp":1526783341,"campfire_choices":[{"data":"Whirlwind","floor":8,"key":"SMITH"},{"data":"Seeing Red","floor":15,"key":"SMITH"},{"data":"Limit Break","floor":23,"key":"SMITH"},{"data":"Spot Weakness","floor":28,"key":"SMITH"}],"path_taken":["M","$","?","?","?","E","M","R","T","?","?","M","$","?","R","BOSS","M","$","M","M","M","R","?","M","T","?","R","M"],"build_version":"2018-05-17","seed_source_timestamp":25597475547430,"purchased_purges":3,"victory":false,"master_deck":["Strike_R","Strike_R+1","Strike_R","Strike_R+1","Defend_R","Defend_R","Bash","AscendersBane","Pommel Strike","Whirlwind+1","Seeing Red+1","Limit Break+1","Spot Weakness+1"],"max_hp_per_floor":[80,80,80,80,80,80,80,80,80,80,80,80,80,80,80,80,80,80,80,80,80,80,80,80,80,80,80,80,80],"relics":["Burning Blood","NeowsBlessing","Bottled Flame","Meat on the Bone","Vajra","Runic Dome","Red Mask","Blood Vial"],"card_choices":[{"not_picked":["Clash","Twin Strike","Cleave"],"picked":"SKIP","floor":1},{"not_picked":["Sword Boomerang","Cleave"],"picked":"Pommel Strike","floor":4},{"not_picked":["Combust","Fire Breathing"],"picked":"Whirlwind","floor":6},{"not_picked":["Headbutt","Warcry","Iron Wave"],"picked":"SKIP","floor":7},{"not_picked":["Shrug It Off","Blood for Blood","Warcry"],"picked":"SKIP","floor":11},{"not_picked":["Heavy Blade","Twin Strike","True Grit"],"picked":"SKIP","floor":12},{"not_picked":["Feed","Berserk"],"picked":"Limit Break","floor":16},{"not_picked":["Cleave","Pommel Strike","Warcry"],"picked":"SKIP","floor":18},{"not_picked":["Warcry","Armaments+1","Headbutt"],"picked":"SKIP","floor":20},{"not_picked":["Rage+1","Sword Boomerang","Havoc"],"picked":"SKIP","floor":21},{"not_picked":["Sentinel+1","Entrench","Rampage"],"picked":"SKIP","floor":22},{"not_picked":["Perfected Strike","Whirlwind+1"],"picked":"Spot Weakness","floor":24},{"not_picked":["Iron Wave","Sword Boomerang","Fire Breathing+1"],"picked":"SKIP","floor":25},{"not_picked":["True Grit","Cleave","Body Slam+1"],"picked":"SKIP","floor":27}],"player_experience":126692,"potions_floor_usage":[16,16,16,27],"damage_taken":[{"damage":0,"enemies":"Jaw Worm","floor":1,"turns":1},{"damage":0,"enemies":"Small Slimes","floor":4,"turns":1},{"damage":0,"enemies":"Lagavulin","floor":6,"turns":1},{"damage":1,"enemies":"Cultist","floor":7,"turns":3},{"damage":10,"enemies":"Large Slime","floor":11,"turns":4},{"damage":0,"enemies":"3 Louse","floor":12,"turns":1},{"damage":61,"enemies":"Hexaghost","floor":16,"turns":9},{"damage":21,"enemies":"Shell Parasite","floor":18,"turns":3},{"damage":6,"enemies":"3 Byrds","floor":20,"turns":4},{"damage":43,"enemies":"Snake Plant","floor":21,"turns":3},{"damage":0,"enemies":"Cultist and Chosen","floor":22,"turns":3},{"damage":0,"enemies":"Masked Bandits","floor":24,"turns":1},{"damage":31,"enemies":"Chosen and Byrds","floor":25,"turns":3},{"damage":12,"enemies":"Centurion and Healer","floor":27,"turns":4},{"damage":47,"enemies":"Slaver and Parasite","floor":29,"turns":3}],"relics_obtained":[{"floor":6,"key":"Bottled Flame"},{"floor":9,"key":"Meat on the Bone"},{"floor":24,"key":"Red Mask"},{"floor":26,"key":"Blood Vial"}],"event_choices":[{"event_name":"World of Goop","player_choice":"Gather Gold","floor":3,"damage_taken":0},{"event_name":"Shining Light","player_choice":"Entered Light","floor":5,"damage_taken":0},{"event_name":"Liars Game","player_choice":"agreed","floor":10,"damage_taken":0},{"event_name":"Golden Wing","player_choice":"Card Removal","floor":14,"damage_taken":0},{"event_name":"Masked Bandits","player_choice":"Fought over 75 gold","floor":24,"damage_taken":0}],"boss_relics":[{"not_picked":["Eternal Feather","Velvet Choker"],"picked":"Runic Dome"}],"potions_floor_spawned":[7,11,12,20,24,27],"seed_played":"-6050962877460824","killed_by":"Slaver and Parasite","ascension_level":10,"potions_obtained":[{"floor":7,"key":"Block Potion"},{"floor":11,"key":"Poison Potion"},{"floor":12,"key":"EssenceOfSteel"},{"floor":20,"key":"Explosive Potion"},{"floor":24,"key":"Dexterity Potion"},{"floor":27,"key":"SpeedPotion"}],"is_trial":false}