{"gold_per_floor":[113,113,113,288,67,94,94,124,178,178,204,204,235,235,235,330,330,347,101,101,118,118,150,150,150,176,196,207,230,230],"floor_reached":30,"playtime":1306,"items_purged":["Doubt"],"score":361,"play_id":"0b52ded7-809d-48d8-b832-f69d35391f0d","local_time":"20181024085405","is_ascension_mode":true,"campfire_choices":[{"data":"Strike_G","floor":7,"key":"SMITH"},{"data":"Cloak And Dagger","floor":10,"key":"SMITH"},{"data":"Noxious Fumes","floor":15,"key":"SMITH"}],"neow_cost":"NONE","seed_source_timestamp":125311022673546,"circlet_count":0,"master_deck":["Defend_G","Defend_G","Defend_G","Defend_G","Defend_G","Strike_G+1","Strike_G","Strike_G","Strike_G","Strike_G","Survivor","Neutralize+1","Underhanded Strike","Cloak And Dagger+1","Noxious Fumes+1","Bouncing Flask","Night Terror","Slice","Cloak And Dagger+1","Cloak And Dagger","Poisoned Stab+1","Cloak And Dagger","Writhe","RitualDagger","Concentrate+1","Deflect"],"relics":["Ring of the Snake","NeowsBlessing","Vajra","Regal Pillow","Shuriken","Centennial Puzzle","Orichalcum","Snake Skull","Strawberry","WristBlade","DollysMirror","Frozen Egg 2","Mercury Hourglass","Smiling Mask","Bag of Marbles"],"potions_floor_usage":[28,28,28,30],"damage_taken":[{"damage":0,"enemies":"Small Slimes","floor":1,"turns":1},{"damage":0,"enemies":"3 Sentries","floor":6,"turns":1},{"damage":0,"enemies":"Lagavulin","floor":8,"turns":1},{"damage":10,"enemies":"Gremlin Nob","floor":11,"turns":4},{"damage":7,"enemies":"Lagavulin","floor":13,"turns":6},{"damage":9,"enemies":"The Guardian","floor":16,"turns":7},{"damage":18,"enemies":"Spheric Guardian","floor":18,"turns":4},{"damage":13,"enemies":"Shell Parasite","floor":21,"turns":5},{"damage":18,"enemies":"Book of Stabbing","floor":23,"turns":5},{"damage":19,"enemies":"Centurion and Healer","floor":27,"turns":5},{"damage":0,"enemies":"3 Cultists","floor":28,"turns":4},{"damage":4,"enemies":"Chosen and Byrds","floor":30,"turns":4}],"seed_played":"5200988741468361744","potions_obtained":[{"floor":8,"key":"SteroidPotion"},{"floor":13,"key":"Energy Potion"},{"floor":27,"key":"SkillPotion"},{"floor":28,"key":"EssenceOfSteel"}],"is_trial":false,"path_per_floor":["M","?","$","?","$","E","R","E","T","R","E","$","E","T","R","B",null,"M","$","?","M","?","E","?","?","T","M","M","T"],"character_chosen":"THE_SILENT","items_purchased":["Vajra","DollysMirror","Cloak And Dagger"],"campfire_rested":0,"item_purchase_floors":[5,19,19],"current_hp_per_floor":[70,70,70,70,70,70,70,70,70,70,60,60,53,60,60,51,77,59,59,59,46,46,28,28,22,22,3,3,3,0],"gold":230,"neow_bonus":"THREE_ENEMY_KILL","is_prod":false,"is_daily":false,"chose_seed":false,"campfire_upgraded":3,"win_rate":0,"timestamp":1540396445,"path_taken":["M","?","$","?","$","E","R","E","T","R","E","$","E","?","R","BOSS","M","$","?","?","?","E","?","?","T","M","M","?","?"],"build_version":"2018-10-18","purchased_purges":1,"victory":false,"max_hp_per_floor":[70,70,70,70,70,70,70,70,70,70,70,70,70,77,77,77,77,77,77,77,77,77,77,77,77,77,77,77,77,77],"card_choices":[{"not_picked":["Dodge and Roll","Setup"],"picked":"Underhanded Strike","floor":1},{"not_picked":["Dagger Throw","Backflip","Poisoned Stab"],"picked":"SKIP","floor":6},{"not_picked":["Dagger Spray","PiercingWail"],"picked":"Cloak And Dagger","floor":8},{"not_picked":["Slice","Outmaneuver"],"picked":"Noxious Fumes","floor":11},{"not_picked":["Backflip","Escape Plan"],"picked":"Bouncing Flask","floor":13},{"not_picked":["Doppelganger","A Thousand Cuts"],"picked":"Night Terror","floor":16},{"not_picked":["Quick Slash","Heel Hook"],"picked":"Slice","floor":18},{"not_picked":["Cloak And Dagger","Dagger Spray"],"picked":"Poisoned Stab+1","floor":21},{"not_picked":["Flying Knee","Skewer"],"picked":"Cloak And Dagger","floor":23},{"not_picked":["Sucker Punch","Deadly Poison"],"picked":"Concentrate+1","floor":27},{"not_picked":["Bane","Quick Slash"],"picked":"Deflect","floor":28}],"player_experience":324131,"relics_obtained":[{"floor":6,"key":"Regal Pillow"},{"floor":8,"key":"Shuriken"},{"floor":9,"key":"Centennial Puzzle"},{"floor":11,"key":"Orichalcum"},{"floor":13,"key":"Snake Skull"},{"floor":14,"key":"Strawberry"},{"floor":23,"key":"Frozen Egg 2"},{"floor":26,"key":"Smiling Mask"},{"floor":29,"key":"Bag of Marbles"}],"event_choices":[{"damage_healed":0,"gold_gain":0,"player_choice":"Upgraded","damage_taken":0,"max_hp_gain":0,"max_hp_loss":0,"event_name":"Upgrade Shrine","floor":2,"gold_loss":0,"cards_upgraded":["Neutralize"]},{"damage_healed":0,"gold_gain":175,"player_choice":"AGREE","damage_taken":0,"max_hp_gain":0,"max_hp_loss":0,"event_name":"Liars Game","floor":4,"gold_loss":0,"cards_obtained":["Doubt"]},{"damage_healed":0,"gold_gain":0,"player_choice":"Ignored","damage_taken":0,"max_hp_gain":0,"max_hp_loss":0,"event_name":"Ghosts","floor":20,"gold_loss":0},{"damage_healed":0,"gold_gain":0,"player_choice":"Ignored","damage_taken":0,"max_hp_gain":0,"max_hp_loss":0,"event_name":"Vampires","floor":22,"gold_loss":0},{"damage_healed":0,"gold_gain":0,"player_choice":"Opened","damage_taken":0,"relics_obtained":["Mercury Hourglass"],"max_hp_gain":0,"max_hp_loss":0,"event_name":"The Mausoleum","floor":24,"gold_loss":0,"cards_obtained":["Writhe"]},{"damage_healed":0,"gold_gain":0,"player_choice":"Joined the Cult","damage_taken":6,"max_hp_gain":0,"max_hp_loss":0,"event_name":"Nest","floor":25,"gold_loss":0,"cards_obtained":["RitualDagger"]}],"is_beta":false,"boss_relics":[{"not_picked":["Ectoplasm","Calling Bell"],"picked":"WristBlade"}],"items_purged_floors":[5],"is_endless":false,"potions_floor_spawned":[8,13,27,28],"killed_by":"Chosen and Byrds","ascension_level":1}