{"path_per_floor":["M","?","M","$","T","R","M","R","T","M","M","M","E","$","R","B",null,"M","M","?","M","?","M","R","M","T","$","M","R","M","M","R"],"character_chosen":"IRONCLAD","items_purchased":["Pommel Strike","Pen Nib","Blood Vial"],"gold_per_floor":[115,115,128,78,78,78,89,89,144,159,172,182,207,64,64,163,163,178,191,191,205,205,215,215,225,225,71,88,88,103,122,122,122],"floor_reached":33,"campfire_rested":3,"playtime":1139,"item_purchase_floors":[4,14,27],"current_hp_per_floor":[70,62,68,68,68,68,67,67,67,53,54,52,28,28,52,12,63,59,51,51,38,38,52,52,25,25,25,14,41,22,13,44,0],"items_purged":[],"gold":122,"score":405,"play_id":"2396585e-5159-4426-b9e4-e215188ef332","local_time":"20180527185649","is_prod":false,"is_daily":false,"chose_seed":false,"is_ascension_mode":true,"campfire_upgraded":3,"win_rate":0,"timestamp":1527440209,"campfire_choices":[{"data":"Perfected Strike","floor":6,"key":"SMITH"},{"data":"Pommel Strike","floor":8,"key":"SMITH"},{"floor":15,"key":"REST"},{"data":"Feed","floor":24,"key":"SMITH"},{"floor":29,"key":"REST"},{"floor":32,"key":"REST"}],"path_taken":["M","?","M","$","?","R","?","R","T","M","M","?","E","$","R","BOSS","M","M","?","?","?","M","R","M","T","$","M","R","M","M","R","BOSS"],"build_version":"2018-05-24","seed_source_timestamp":682107704109972,"purchased_purges":0,"victory":false,"master_deck":["Strike_R","Strike_R","Strike_R","Strike_R","Strike_R","Defend_R","Defend_R","Defend_R","Defend_R","Bash","AscendersBane","Perfected Strike+1","Pommel Strike+1","Dual Wield+1","Battle Trance","Thunderclap","Feed+1","Pommel Strike+1"],"max_hp_per_floor":[80,80,80,80,80,80,80,80,80,80,80,80,80,80,80,80,80,83,83,83,89,89,92,92,92,92,92,92,92,100,104,104,104],"relics":["Burning Blood","Calipers","Bronze Scales","Pantograph","Pen Nib","Cursed Key","Blood Vial"],"card_choices":[{"not_picked":["Sever Soul","Body Slam"],"picked":"Perfected Strike","floor":1},{"not_picked":["Shrug It Off","Clash","Cleave"],"picked":"SKIP","floor":3},{"not_picked":["Carnage","Sword Boomerang","Blood for Blood"],"picked":"SKIP","floor":7},{"not_picked":["Flex","Anger"],"picked":"Dual Wield","floor":10},{"not_picked":["Iron Wave","Clothesline"],"picked":"Battle Trance","floor":11},{"not_picked":["Infernal Blade","Clash"],"picked":"Thunderclap","floor":12},{"not_picked":["Armaments","Inflame","Thunderclap"],"picked":"SKIP","floor":13},{"not_picked":["Bludgeon","Immolate"],"picked":"Feed","floor":16},{"not_picked":["Body Slam","Seeing Red","Reckless Charge"],"picked":"SKIP","floor":18},{"not_picked":["Entrench","Armaments+1","Wild Strike"],"picked":"SKIP","floor":19},{"not_picked":["Rampage","Twin Strike","Thunderclap"],"picked":"SKIP","floor":21},{"not_picked":["Body Slam","Burning Pact+1","Heavy Blade"],"picked":"SKIP","floor":23},{"not_picked":["Evolve+1","Clothesline+1","Feel No Pain"],"picked":"SKIP","floor":25},{"not_picked":["Clash","Body Slam+1","Flex"],"picked":"SKIP","floor":28},{"not_picked":["Thunderclap","Flex+1","True Grit+1"],"picked":"SKIP","floor":30},{"not_picked":["Heavy Blade","Clash+1"],"picked":"Pommel Strike+1","floor":31}],"player_experience":196887,"potions_floor_usage":[13,13,16,21,23,25,28,33],"damage_taken":[{"damage":8,"enemies":"2 Louse","floor":1,"turns":2},{"damage":0,"enemies":"Cultist","floor":3,"turns":2},{"damage":7,"enemies":"Jaw Worm","floor":7,"turns":2},{"damage":20,"enemies":"Gremlin Gang","floor":10,"turns":3},{"damage":5,"enemies":"2 Fungi Beasts","floor":11,"turns":3},{"damage":8,"enemies":"3 Louse","floor":12,"turns":3},{"damage":30,"enemies":"Lagavulin","floor":13,"turns":4},{"damage":71,"enemies":"Hexaghost","floor":16,"turns":9},{"damage":13,"enemies":"3 Byrds","floor":18,"turns":3},{"damage":14,"enemies":"Shell Parasite","floor":19,"turns":3},{"damage":33,"enemies":"Centurion and Healer","floor":21,"turns":4},{"damage":0,"enemies":"Snecko","floor":23,"turns":2},{"damage":45,"enemies":"Snake Plant","floor":25,"turns":4},{"damage":19,"enemies":"Cultist and Chosen","floor":28,"turns":4},{"damage":35,"enemies":"Sentry and Sphere","floor":30,"turns":5},{"damage":21,"enemies":"Centurion and Healer","floor":31,"turns":5},{"damage":102,"enemies":"Champ","floor":33,"turns":8}],"relics_obtained":[{"floor":5,"key":"Calipers"},{"floor":9,"key":"Bronze Scales"},{"floor":13,"key":"Pantograph"}],"event_choices":[{"event_name":"Wheel of Change","player_choice":"Damage","floor":2,"damage_taken":0},{"event_name":"Accursed Blacksmith","player_choice":"Forge","floor":20,"damage_taken":0},{"event_name":"The Lab","player_choice":"Got Potions","floor":22,"damage_taken":0}],"boss_relics":[{"not_picked":["Runic Dome","Calling Bell"],"picked":"Cursed Key"}],"items_purged_floors":[],"potions_floor_spawned":[1,11,13,16,23,25,31],"seed_played":"-4801721344342747207","killed_by":"Champ","ascension_level":10,"potions_obtained":[{"floor":1,"key":"SpeedPotion"},{"floor":11,"key":"AttackPotion"},{"floor":13,"key":"SkillPotion"},{"floor":16,"key":"BloodPotion"},{"floor":22,"key":"Regen Potion"},{"floor":22,"key":"SteroidPotion"},{"floor":22,"key":"FairyPotion"},{"floor":23,"key":"Regen Potion"},{"floor":25,"key":"Dexterity Potion"},{"floor":31,"key":"PowerPotion"}],"is_trial":false}