{"gold_per_floor":[210,210,222,147,164,191,191,207,207,207,227,227,227,238,238,336,336,354,367,384,108,108],"floor_reached":22,"playtime":1975,"items_purged":["Strike_B","Strike_B"],"score":188,"play_id":"e5d83c87-0407-4344-8e54-d66063257d8b","local_time":"20190217134214","is_ascension_mode":false,"campfire_choices":[{"floor":7,"key":"REST"},{"data":"Turbo","floor":10,"key":"SMITH"},{"floor":15,"key":"REST"}],"neow_cost":"NONE","seed_source_timestamp":273780826585775,"circlet_count":0,"master_deck":["Defend_B","Defend_B","Defend_B","Defend_B","Zap","Dualcast","Beam Cell","Sweeping Beam","Scrape","Turbo+1","Gash","Turbo","Beam Cell","Gash","Go for the Eyes","Apotheosis"],"relics":["Cracked Core","Shuriken","Orrery"],"potions_floor_usage":[6,11,16,16,16,16,16,22],"damage_taken":[{"damage":5,"enemies":"2 Louse","floor":1,"turns":2},{"damage":6,"enemies":"Cultist","floor":3,"turns":3},{"damage":6,"enemies":"Jaw Worm","floor":5,"turns":2},{"damage":21,"enemies":"3 Sentries","floor":6,"turns":5},{"damage":0,"enemies":"3 Louse","floor":8,"turns":2},{"damage":0,"enemies":"Gremlin Gang","floor":11,"turns":1},{"damage":9,"enemies":"Blue Slaver","floor":14,"turns":3},{"damage":26,"enemies":"Slime Boss","floor":16,"turns":7},{"damage":0,"enemies":"Chosen","floor":18,"turns":4},{"damage":8,"enemies":"3 Byrds","floor":19,"turns":4},{"damage":55,"enemies":"3 Cultists","floor":20,"turns":6},{"damage":16,"enemies":"Centurion and Healer","floor":22,"turns":3}],"seed_played":"5000460933682478373","potions_obtained":[{"floor":1,"key":"Swift Potion"},{"floor":3,"key":"EntropicBrew"},{"floor":5,"key":"PowerPotion"},{"floor":8,"key":"AttackPotion"},{"floor":20,"key":"SneckoOil"}],"is_trial":false,"path_per_floor":["M","?","M","$","M","E","R","M","T","R","M","?","?","M","R","B",null,"M","M","M","$","M"],"character_chosen":"DEFECT","items_purchased":["Apotheosis"],"campfire_rested":2,"item_purchase_floors":[21],"current_hp_per_floor":[70,70,64,64,58,37,59,59,59,59,59,59,59,50,72,46,75,75,67,12,12,0],"gold":108,"neow_bonus":"HUNDRED_GOLD","is_prod":false,"is_daily":false,"chose_seed":false,"campfire_upgraded":1,"win_rate":0.0,"timestamp":1550378534,"path_taken":["M","?","M","$","?","E","R","M","T","R","M","?","?","M","R","BOSS","M","?","M","$","M"],"build_version":"2019-01-23","purchased_purges":2,"victory":false,"max_hp_per_floor":[75,75,75,75,75,75,75,75,75,75,75,75,75,75,75,75,75,75,75,75,75,75],"card_choices":[{"not_picked":["Chill","Coolheaded"],"picked":"Beam Cell","floor":1},{"not_picked":["Coolheaded","Loop"],"picked":"Sweeping Beam","floor":3},{"not_picked":["Reinforced Body","Chill"],"picked":"Scrape","floor":5},{"not_picked":["Glacier","Hello World"],"picked":"Turbo","floor":6},{"not_picked":["Hologram","White Noise"],"picked":"Gash","floor":8},{"not_picked":["Hologram","Reinforced Body"],"picked":"Turbo","floor":11},{"not_picked":["Compile Driver","Barrage","Skim"],"picked":"SKIP","floor":14},{"not_picked":["Rebound","Redo"],"picked":"Beam Cell","floor":17},{"not_picked":["Conserve Battery","Coolheaded","Defragment+1"],"picked":"SKIP","floor":18},{"not_picked":["Glacier+1","Stack"],"picked":"Gash","floor":19},{"not_picked":["Stack","Redo+1"],"picked":"Go for the Eyes","floor":20}],"player_experience":81616,"relics_obtained":[{"floor":9,"key":"Shuriken"}],"event_choices":[{"cards_removed":["Strike_B"],"damage_healed":0,"gold_gain":0,"player_choice":"Offered Basic","damage_taken":0,"max_hp_gain":0,"max_hp_loss":0,"event_name":"Bonfire Elementals","floor":2,"gold_loss":0},{"damage_healed":0,"gold_gain":0,"player_choice":"Ignored","damage_taken":0,"max_hp_gain":0,"max_hp_loss":0,"event_name":"Liars Game","floor":12,"gold_loss":0},{"cards_removed":["Strike_B"],"damage_healed":0,"gold_gain":0,"player_choice":"Purged","damage_taken":0,"max_hp_gain":0,"max_hp_loss":0,"event_name":"Purifier","floor":13,"gold_loss":0}],"is_beta":false,"boss_relics":[{"not_picked":["Philosopher\u0027s Stone","Ectoplasm"],"picked":"Orrery"}],"items_purged_floors":[4,21],"is_endless":false,"potions_floor_spawned":[1,3,5,8,20],"killed_by":"Centurion and Healer","ascension_level":0}