{"gold_per_floor":[118,43,118,43,57,87,87,113,113,113,139,139,149,175,175,175],"floor_reached":16,"playtime":483,"items_purged":["Defend_R"],"score":221,"play_id":"c75d8ea5-6cd2-4fda-ad09-542177896f19","local_time":"20190130131027","is_ascension_mode":true,"campfire_choices":[{"data":"Whirlwind","floor":7,"key":"SMITH"},{"data":"Disarm","floor":10,"key":"SMITH"},{"floor":12,"key":"REST"},{"data":"Battle Trance","floor":15,"key":"SMITH"}],"neow_cost":"NONE","seed_source_timestamp":156607804869400,"circlet_count":0,"master_deck":["AscendersBane","Strike_R+1","Strike_R","Strike_R","Strike_R","Strike_R+1","Defend_R","Defend_R","Bash","Whirlwind+1","Shrug It Off","Disarm+1","Battle Trance+1","True Grit","Feed"],"relics":["Lizard Tail","Bottled Flame","Anchor","Whetstone","Bag of Preparation","Kunai"],"potions_floor_usage":[6,11,16],"damage_taken":[{"damage":11,"enemies":"Jaw Worm","floor":1,"turns":4},{"damage":6,"enemies":"Cultist","floor":5,"turns":3},{"damage":29,"enemies":"Gremlin Nob","floor":6,"turns":4},{"damage":27,"enemies":"3 Sentries","floor":8,"turns":4},{"damage":17,"enemies":"Gremlin Nob","floor":11,"turns":5},{"damage":0,"enemies":"2 Louse","floor":13,"turns":1},{"damage":7,"enemies":"3 Sentries","floor":14,"turns":3},{"damage":31,"enemies":"Slime Boss","floor":16,"turns":6}],"seed_played":"6348170276786531219","potions_obtained":[{"floor":1,"key":"AttackPotion"},{"floor":6,"key":"Weak Potion"},{"floor":14,"key":"Weak Potion"}],"is_trial":false,"path_per_floor":["M","$","?","?","M","E","R","E","T","R","E","R","M","E","R","B"],"character_chosen":"IRONCLAD","items_purchased":[],"campfire_rested":1,"item_purchase_floors":[],"current_hp_per_floor":[57,57,46,46,40,11,11,27,27,27,10,32,32,25,25,0],"gold":175,"neow_bonus":"BOSS_RELIC","is_prod":false,"is_daily":false,"chose_seed":false,"campfire_upgraded":3,"win_rate":0,"timestamp":1548850227,"path_taken":["M","$","?","?","M","E","R","E","T","R","E","R","M","E","R","BOSS"],"build_version":"2019-01-23","purchased_purges":1,"victory":false,"max_hp_per_floor":[75,75,75,75,75,75,75,75,75,75,75,75,75,75,75,75],"card_choices":[{"not_picked":["Shockwave","Cleave"],"picked":"Whirlwind","floor":1},{"not_picked":["Thunderclap","Shrug It Off","Wild Strike"],"picked":"SKIP","floor":5},{"not_picked":["Cleave","Sentinel"],"picked":"Shrug It Off","floor":6},{"not_picked":["Perfected Strike","Warcry"],"picked":"Disarm","floor":8},{"not_picked":["Offering","Warcry"],"picked":"Battle Trance","floor":11},{"not_picked":["Battle Trance","Cleave"],"picked":"True Grit","floor":13},{"not_picked":["Perfected Strike","Cleave"],"picked":"Feed","floor":14}],"player_experience":276322,"relics_obtained":[{"floor":6,"key":"Bottled Flame"},{"floor":8,"key":"Anchor"},{"floor":9,"key":"Whetstone"},{"floor":11,"key":"Bag of Preparation"},{"floor":14,"key":"Kunai"}],"event_choices":[{"damage_healed":0,"gold_gain":75,"player_choice":"Gather Gold","damage_taken":11,"max_hp_gain":0,"max_hp_loss":0,"event_name":"World of Goop","floor":3,"gold_loss":0},{"cards_removed":["Defend_R"],"damage_healed":0,"gold_gain":0,"player_choice":"Card Removal","damage_taken":0,"max_hp_gain":0,"max_hp_loss":0,"event_name":"The Cleric","floor":4,"gold_loss":75}],"is_beta":false,"boss_relics":[],"items_purged_floors":[2],"is_endless":false,"potions_floor_spawned":[1,6,14],"killed_by":"Slime Boss","ascension_level":15}