{"gold_per_floor":[118,129,145,145,145,158,177,177,177,211,222,235,250,127,127,127],"floor_reached":16,"playtime":2066,"items_purged":["Corruption"],"score":106,"play_id":"24451c8f-3ac8-4e25-934d-1ec96ce00ae3","local_time":"20190214215750","is_ascension_mode":false,"campfire_choices":[{"data":"Warcry","floor":15,"key":"SMITH"}],"neow_cost":"","seed_source_timestamp":0,"circlet_count":0,"master_deck":["Strike_R","Strike_R","Strike_R","Strike_R","Strike_R","Defend_R+1","Defend_R+1","Defend_R","Defend_R","Bash","Warcry+1","Clash","Perfected Strike","Regret","True Grit","Ghostly Armor+1","Whirlwind","Pummel","Anger","Headbutt"],"special_seed":0,"relics":["Burning Blood","War Paint","Strawberry","Toxic Egg 2","Red Skull","Gremlin Horn"],"potions_floor_usage":[10,16,16],"damage_taken":[{"damage":6.0,"enemies":"Jaw Worm","floor":1.0,"turns":3.0},{"damage":5.0,"enemies":"Cultist","floor":2.0,"turns":4.0},{"damage":5,"enemies":"Small Slimes","floor":3,"turns":2},{"damage":6,"enemies":"2 Fungi Beasts","floor":6,"turns":3},{"damage":13,"enemies":"3 Louse","floor":7,"turns":4},{"damage":49,"enemies":"Lagavulin","floor":10,"turns":8},{"damage":9,"enemies":"Blue Slaver","floor":11,"turns":3},{"damage":0,"enemies":"Red Slaver","floor":12,"turns":3},{"damage":8,"enemies":"Gremlin Gang","floor":13,"turns":3},{"damage":39,"enemies":"The Guardian","floor":16,"turns":7}],"seed_played":"3219085840143814746","potions_obtained":[{"floor":1.0,"key":"FearPotion"},{"floor":6,"key":"SteroidPotion"},{"floor":7,"key":"LiquidBronze"},{"floor":13,"key":"Ancient Potion"}],"is_trial":false,"path_per_floor":["M","M","M","?","T","M","M","T","T","E","M","M","M","$","R","B"],"character_chosen":"IRONCLAD","items_purchased":["Headbutt"],"campfire_rested":0,"item_purchase_floors":[14],"current_hp_per_floor":[80,80,80,80,87,87,80,80,80,37,34,40,38,38,38,0],"gold":127,"neow_bonus":"","is_prod":false,"is_daily":false,"chose_seed":false,"campfire_upgraded":1,"win_rate":0.0,"timestamp":1550149070,"path_taken":["M","M","M","?","?","?","M","?","T","E","M","M","?","$","R","BOSS"],"build_version":"2019-01-23","purchased_purges":1,"victory":false,"max_hp_per_floor":[80,80,80,80,87,87,87,87,87,87,87,87,87,87,87,87],"card_choices":[{"not_picked":["Shockwave","Hemokinesis"],"picked":"Warcry","floor":1.0},{"not_picked":["Metallicize","Shockwave"],"picked":"Clash","floor":2},{"not_picked":["Clash","Anger"],"picked":"Perfected Strike","floor":3},{"not_picked":["Metallicize","Brutality"],"picked":"Corruption","floor":6},{"not_picked":["Power Through","Hemokinesis"],"picked":"True Grit","floor":7},{"not_picked":["Pommel Strike","Warcry+1"],"picked":"Ghostly Armor+1","floor":10},{"not_picked":["Flame Barrier+1","Ghostly Armor+1"],"picked":"Whirlwind","floor":11},{"not_picked":["True Grit+1","Armaments+1"],"picked":"Pummel","floor":12},{"not_picked":["Iron Wave","True Grit+1"],"picked":"Anger","floor":13}],"player_experience":0,"relics_obtained":[{"floor":5,"key":"Strawberry"},{"floor":8,"key":"Toxic Egg 2"},{"floor":9,"key":"Red Skull"},{"floor":10,"key":"Gremlin Horn"}],"event_choices":[{"damage_healed":0,"gold_gain":0,"player_choice":"Box","damage_taken":0,"relics_obtained":["War Paint"],"max_hp_gain":0,"max_hp_loss":0,"event_name":"Big Fish","floor":4,"gold_loss":0,"cards_obtained":["Regret"]}],"is_beta":false,"boss_relics":[],"items_purged_floors":[14],"is_endless":false,"potions_floor_spawned":[1,6,7,13],"killed_by":"The Guardian","ascension_level":0}