{"path_per_floor":["M","?","$","M","M","E","M","?","T","R","E","M","?","?","R","B",null,"M","$","M","?","M","E","M","M","T","M","R","M","M","?","R"],"character_chosen":"THE_SILENT","items_purchased":["Apotheosis","Heel Hook","Unceasing Top"],"gold_per_floor":[216,216,26,36,53,85,97,97,97,97,124,144,319,319,319,447,447,460,123,143,143,159,190,210,225,251,275,275,291,314,229,229],"floor_reached":33,"campfire_rested":3,"playtime":2370,"current_hp_per_floor":[70,56,56,56,55,42,42,42,49,49,38,38,38,38,59,19,71,67,67,66,66,48,45,40,28,28,23,44,28,20,20,41],"items_purged":[],"gold":229,"play_id":"b68b84db-b1ac-4f2f-9a9a-4dcbb3f9a133","is_prod":false,"is_daily":false,"campfire_rituals":0,"campfire_upgraded":1,"is_hardmode":false,"path_taken":["M","?","$","?","M","E","M","?","T","R","E","M","?","?","R","BOSS","M","$","?","?","M","E","M","M","T","?","R","M","M","?","R","BOSS"],"build_version":"2018-01-11-PROD1","purchased_purges":0,"victory":false,"master_deck":["Defend_G","Defend_G","Defend_G","Defend_G","Defend_G","Strike_G","Strike_G","Strike_G","Strike_G","Strike_G","Survivor","Neutralize","Dagger Throw","Apotheosis","Dagger Throw","Outmaneuver","Dagger Throw","Escape Plan","Cloak And Dagger","Quick Slash","Die Die Die","Infinite Blades","Heel Hook","Outmaneuver","Footwork","Dagger Spray","Flying Knee","Caltrops","Decay","Backflip","Outmaneuver","Adrenaline","Deflect","Flechettes"],"max_hp_per_floor":[70,70,70,70,70,70,70,70,77,77,77,77,77,71,71,71,71,71,71,71,71,71,71,71,71,71,71,71,71,71,71,71],"relics":["Ring of the Snake","Anchor","Strawberry","Bottled Flame","Golden Idol","Cursed Key","Unceasing Top","Dream Catcher","Prayer Wheel","Shovel"],"campfire_meditates":0,"card_choices":[{"not_picked":["Finisher","Skewer"],"picked":"Dagger Throw"},{"not_picked":["Flying Knee","Deadly Poison"],"picked":"Dagger Throw"},{"not_picked":["Infinite Blades","Bane"],"picked":"Outmaneuver"},{"not_picked":["Slice","Burst"],"picked":"Dagger Throw"},{"not_picked":["PiercingWail","Prepared"],"picked":"Escape Plan"},{"not_picked":["Crippling Poison","Riddle With Holes"],"picked":"Cloak And Dagger"},{"not_picked":["Masterful Stab","Deflect"],"picked":"Quick Slash"},{"not_picked":["Grand Finale","Tools of the Trade"],"picked":"Die Die Die"},{"not_picked":["Outmaneuver","Backflip"],"picked":"Infinite Blades"},{"not_picked":["Escape Plan","Backflip"],"picked":"Outmaneuver"},{"not_picked":["Blur","Dagger Throw"],"picked":"Footwork"},{"not_picked":["Catalyst","Skewer"],"picked":"Dagger Spray"},{"not_picked":["Slice","Dodge and Roll"],"picked":"Flying Knee"},{"not_picked":["Bane","Riddle With Holes"],"picked":"Caltrops"},{"not_picked":["Dagger Spray","Crippling Poison"],"picked":"Backflip"},{"not_picked":["Dagger Throw","Sucker Punch"],"picked":"Outmaneuver"},{"not_picked":["Quick Slash","Deflect"],"picked":"Adrenaline"},{"not_picked":["Slice","Deadly Poison"],"picked":"Deflect"},{"not_picked":["Bane","Dash"],"picked":"Flechettes"}],"player_experience":131527,"potions_floor_usage":[23,23,33,33,33],"damage_taken":[{"damage":0,"enemies":"Cultist","floor":1,"turns":4},{"damage":0,"enemies":"Jaw Worm","floor":4,"turns":2},{"damage":1,"enemies":"Blue Slaver","floor":5,"turns":3},{"damage":13,"enemies":"3 Sentries","floor":6,"turns":8},{"damage":0,"enemies":"Looter","floor":7,"turns":2},{"damage":11,"enemies":"Gremlin Nob","floor":11,"turns":4},{"damage":0,"enemies":"Exordium Wildlife","floor":12,"turns":2},{"damage":40,"enemies":"The Guardian","floor":16,"turns":12},{"damage":4,"enemies":"2 Thieves","floor":18,"turns":3},{"damage":1,"enemies":"3 Byrds","floor":20,"turns":5},{"damage":18,"enemies":"Snake Plant","floor":22,"turns":6},{"damage":3,"enemies":"Gremlin Leader","floor":23,"turns":8},{"damage":5,"enemies":"Centurion and Healer","floor":24,"turns":5},{"damage":12,"enemies":"Snecko","floor":25,"turns":5},{"damage":5,"enemies":"3 Cultists","floor":27,"turns":4},{"damage":16,"enemies":"Snake Plant","floor":29,"turns":5},{"damage":8,"enemies":"Centurion and Healer","floor":30,"turns":7},{"damage":60,"enemies":"Champ","floor":33,"turns":9}],"event_choices":[{"event_name":"Shining Light","player_choice":"Entered Light","floor":2,"damage_taken":0},{"event_name":"The Cleric","player_choice":"Leave","floor":8,"damage_taken":0},{"event_name":"Liars Game","player_choice":"agreed","floor":13,"damage_taken":0},{"event_name":"Golden Idol","player_choice":"Lose Max HP","floor":14,"damage_taken":0},{"event_name":"Fountain of Cleansing","player_choice":"Removed Curse","floor":21,"damage_taken":0},{"event_name":"Addict","player_choice":"Obtained Relic","floor":31,"damage_taken":0}],"boss_relics":[{"not_picked":["Astrolabe","Orrery"],"picked":"Cursed Key"}],"potions_floor_spawned":[1,11,12,16,22,23,27,30],"seed_played":"-3965228757362195812","killed_by":"Champ","is_trial":false}