{"path_per_floor":["M","?","M","M","M","R","?","R","T","$","R","?","M","$","R","B",null,"M","?","?","?","M","R","M","M","T","R","?","R","M","M","R","B",null,"M","?","M","$","M","R","$","M","T","R","M","T","M","M","R","B"],"character_chosen":"THE_SILENT","items_purchased":["Paper Crane"],"gold_per_floor":[19,19,38,54,73,73,73,73,73,73,73,93,111,111,111,211,211,229,229,144,67,50,50,60,70,138,138,138,138,151,163,163,258,258,268,268,288,41,55,55,55,70,94,94,109,109,124,135,135,135],"floor_reached":51,"campfire_rested":0,"playtime":3782,"current_hp_per_floor":[70,70,70,70,69,69,55,55,55,55,55,55,55,55,55,46,70,70,70,70,70,65,65,55,51,51,51,51,51,47,35,35,29,70,61,51,48,48,45,45,45,47,47,47,46,46,55,47,47,29],"items_purged":[],"gold":135,"score":700,"play_id":"d232161b-5d53-4606-a4e6-ff5161a91f68","local_time":"20180524000713","is_prod":false,"is_daily":false,"chose_seed":false,"is_ascension_mode":true,"campfire_upgraded":11,"timestamp":1527113233,"campfire_choices":[{"data":"Crippling Poison","floor":6.0,"key":"SMITH"},{"data":"Dodge and Roll","floor":8.0,"key":"SMITH"},{"data":"Survivor","floor":11.0,"key":"SMITH"},{"data":"Infinite Blades","floor":15.0,"key":"SMITH"},{"data":"PiercingWail","floor":23.0,"key":"SMITH"},{"data":"Adrenaline","floor":27.0,"key":"SMITH"},{"data":"Concentrate","floor":29.0,"key":"SMITH"},{"data":"Bullet Time","floor":32,"key":"SMITH"},{"data":"Purity","floor":40,"key":"SMITH"},{"data":"Cloak And Dagger","floor":44,"key":"SMITH"},{"data":"Transmutation","floor":49,"key":"SMITH"}],"path_taken":["M","?","M","?","M","R","?","R","T","$","R","?","M","$","R","BOSS","M","?","?","?","?","R","M","M","T","R","?","R","M","M","R","BOSS","M","?","?","?","M","R","$","M","T","R","M","?","M","?","R","BOSS"],"build_version":"2018-05-17","seed_source_timestamp":0,"purchased_purges":0,"victory":true,"master_deck":["Defend_G","Defend_G","Defend_G","Defend_G","Defend_G","Strike_G+1","Strike_G","Strike_G+1","Strike_G","Strike_G","Survivor+1","Neutralize+1","Dodge and Roll+1","Crippling Poison+1","Infinite Blades+1","PiercingWail","J.A.X.","PiercingWail+1","Adrenaline+1","Prepared+1","Concentrate+1","PiercingWail","Bullet Time+1","Cloak And Dagger+1","Endless Agony+1","PiercingWail+1","Venomology","PiercingWail+1","Purity+1","Madness","Transmutation+1","Heel Hook","PiercingWail","Endless Agony+1","Crippling Poison+1","Leg Sweep","Deadly Poison+1","Flying Knee+1","Doppelganger","Deadly Poison+1","Backflip+1","PiercingWail+1","Crippling Poison+1"],"max_hp_per_floor":[70,70,70,70,70,70,70,70,70,70,70,70,70,70,70,70,70,70,70,70,70,70,70,70,70,70,70,70,70,70,70,70,70,70,70,70,70,70,70,70,70,70,70,70,70,70,70,70,70,70],"relics":["Ring of the Snake","Dead Branch","Ice Cream","Odd Mushroom","White Beast Statue","Prayer Wheel","Letter Opener","Philosopher\u0027s Stone","Paper Crane","Bag of Marbles","Pantograph"],"card_choices":[{"not_picked":["Infinite Blades","Backflip"],"picked":"Dodge and Roll","floor":1.0},{"not_picked":["Outmaneuver","Riddle With Holes"],"picked":"Crippling Poison","floor":3.0},{"not_picked":["All Out Attack","Prepared","Masterful Stab"],"picked":"SKIP","floor":4.0},{"not_picked":["Caltrops","Acrobatics","Bouncing Flask"],"picked":"SKIP","floor":5.0},{"not_picked":["Flechettes","Dodge and Roll"],"picked":"Infinite Blades","floor":12.0},{"not_picked":["Corpse Explosion","Bane","Riddle With Holes"],"picked":"SKIP","floor":13.0},{"not_picked":["Underhanded Strike","Heel Hook"],"picked":"PiercingWail","floor":18.0},{"not_picked":["Dash","Expertise"],"picked":"PiercingWail","floor":22.0},{"not_picked":["Quick Slash","Bane+1","Backflip"],"picked":"SKIP","floor":22.0},{"not_picked":["Riddle With Holes","Prepared+1"],"picked":"Adrenaline","floor":24.0},{"not_picked":["Acrobatics","Quick Slash"],"picked":"Prepared+1","floor":24.0},{"not_picked":["Slice","Flechettes"],"picked":"Concentrate","floor":25.0},{"not_picked":["Acrobatics","Wraith Form v2","Eviscerate"],"picked":"SKIP","floor":25.0},{"not_picked":["Dodge and Roll","Poisoned Stab"],"picked":"Bullet Time","floor":30},{"not_picked":["Expertise","Skewer+1"],"picked":"Cloak And Dagger","floor":30},{"not_picked":["Deflect","Cloak And Dagger"],"picked":"Endless Agony+1","floor":31},{"not_picked":["Concentrate","Reflex+1"],"picked":"PiercingWail+1","floor":31},{"not_picked":["Die Die Die","A Thousand Cuts"],"picked":"Venomology","floor":33},{"not_picked":["Caltrops","Predator+1"],"picked":"PiercingWail+1","floor":35},{"not_picked":["Sucker Punch","All Out Attack+1","Underhanded Strike"],"picked":"SKIP","floor":35},{"not_picked":["Sadistic Nature","Thinking Ahead"],"picked":"Purity","floor":36},{"not_picked":["Secret Weapon","Sadistic Nature"],"picked":"Madness","floor":36},{"not_picked":["Secret Weapon","Dark Shackles"],"picked":"Transmutation","floor":36},{"not_picked":["Noxious Fumes","Finisher+1"],"picked":"Heel Hook","floor":37},{"not_picked":["Distraction","Noxious Fumes"],"picked":"PiercingWail","floor":37},{"not_picked":["Poisoned Stab+1","Dash+1"],"picked":"Endless Agony+1","floor":39},{"not_picked":["Flying Knee","Bouncing Flask+1"],"picked":"Crippling Poison+1","floor":39},{"not_picked":["Poisoned Stab+1","Caltrops"],"picked":"Leg Sweep","floor":42},{"not_picked":["Backflip+1","Bane+1"],"picked":"Deadly Poison+1","floor":42},{"not_picked":["Prepared+1","Dagger Spray+1"],"picked":"Flying Knee+1","floor":45},{"not_picked":["Expertise+1","Slice"],"picked":"Doppelganger","floor":45},{"not_picked":["Predator","Slice+1"],"picked":"Deadly Poison+1","floor":47},{"not_picked":["Noxious Fumes+1","Deflect"],"picked":"Backflip+1","floor":47},{"not_picked":["Cloak And Dagger","Poisoned Stab"],"picked":"PiercingWail+1","floor":48},{"not_picked":["Flechettes","Dagger Throw+1"],"picked":"Crippling Poison+1","floor":48}],"player_experience":186185,"potions_floor_usage":[31,31,33,33,35,37,39,42,45,47,47,48,50,50,50,50,50,50,50,50],"damage_taken":[{"damage":0.0,"enemies":"Small Slimes","floor":1.0,"turns":4.0},{"damage":0.0,"enemies":"2 Louse","floor":3.0,"turns":4.0},{"damage":0.0,"enemies":"Jaw Worm","floor":4.0,"turns":4.0},{"damage":1.0,"enemies":"Gremlin Gang","floor":5.0,"turns":5.0},{"damage":0.0,"enemies":"The Mushroom Lair","floor":12.0,"turns":4.0},{"damage":0.0,"enemies":"Large Slime","floor":13.0,"turns":5.0},{"damage":9.0,"enemies":"The Guardian","floor":16.0,"turns":12.0},{"damage":0.0,"enemies":"Shell Parasite","floor":18.0,"turns":7.0},{"damage":5.0,"enemies":"2 Thieves","floor":22.0,"turns":5.0},{"damage":10.0,"enemies":"Snake Plant","floor":24.0,"turns":6.0},{"damage":4.0,"enemies":"Chosen and Byrds","floor":25.0,"turns":6.0},{"damage":4.0,"enemies":"Centurion and Healer","floor":30.0,"turns":7.0},{"damage":12,"enemies":"Slaver and Parasite","floor":31,"turns":3},{"damage":6,"enemies":"Champ","floor":33,"turns":9},{"damage":9,"enemies":"3 Shapes","floor":35,"turns":4},{"damage":3,"enemies":"3 Darklings","floor":37,"turns":4},{"damage":3,"enemies":"Maw","floor":39,"turns":6},{"damage":2,"enemies":"Sphere and 2 Shapes","floor":42,"turns":4},{"damage":1,"enemies":"4 Shapes","floor":45,"turns":4},{"damage":0,"enemies":"3 Darklings","floor":47,"turns":2},{"damage":8,"enemies":"Sphere and 2 Shapes","floor":48,"turns":3},{"damage":41,"enemies":"Time Eater","floor":50,"turns":5}],"relics_obtained":[{"floor":9.0,"key":"Ice Cream"},{"floor":12.0,"key":"Odd Mushroom"},{"floor":26.0,"key":"Letter Opener"},{"floor":43,"key":"Bag of Marbles"},{"floor":46,"key":"Pantograph"}],"event_choices":[{"event_name":"Living Wall","player_choice":"Grow","floor":2.0,"damage_taken":0.0},{"event_name":"Shining Light","player_choice":"Entered Light","floor":7.0,"damage_taken":0.0},{"event_name":"Mushrooms","player_choice":"Fought Mushrooms","floor":12.0,"damage_taken":0.0},{"event_name":"The Woman in Blue","player_choice":"Bought 0 Potions","floor":19.0,"damage_taken":0.0},{"event_name":"Addict","player_choice":"Obtained Relic","floor":20.0,"damage_taken":0.0},{"event_name":"Drug Dealer","player_choice":"Got JAXXED","floor":21.0,"damage_taken":0.0},{"event_name":"The Library","player_choice":"Read","floor":28.0,"damage_taken":0.0},{"event_name":"SensoryStone","player_choice":"Memory 3","floor":36,"damage_taken":0}],"boss_relics":[{"not_picked":["Black Star","Eternal Feather"],"picked":"Philosopher\u0027s Stone"}],"potions_floor_spawned":[3,12,13,18,22,24,25,30,31,33,35,37,39,42,45,47,48],"seed_played":"-251289288413184292","ascension_level":2,"potions_obtained":[{"floor":3.0,"key":"Block Potion"},{"floor":12.0,"key":"Strength Potion"},{"floor":13.0,"key":"LiquidBronze"},{"floor":18.0,"key":"GhostInAJar"},{"floor":22.0,"key":"FearPotion"},{"floor":24.0,"key":"Block Potion"},{"floor":25.0,"key":"PowerPotion"},{"floor":33,"key":"GhostInAJar"},{"floor":35,"key":"Block Potion"},{"floor":37,"key":"FearPotion"},{"floor":39,"key":"SteroidPotion"},{"floor":42,"key":"Dexterity Potion"},{"floor":45,"key":"Regen Potion"},{"floor":47,"key":"Strength Potion"}],"is_trial":false}