{"gold_per_floor":[109,184,204,204,215,240,257,257,257,269,269,294,312,327,327,452,452,471,491,193,193,212,212,212],"floor_reached":24,"playtime":3431,"items_purged":[],"score":212,"play_id":"c7b8e2ce-8c6d-4527-b60a-5d311a91fa99","local_time":"20181014030030","is_ascension_mode":true,"campfire_choices":[{"floor":8,"key":"REST"},{"floor":15,"key":"REST"},{"floor":23,"key":"REST"}],"neow_cost":"NONE","seed_source_timestamp":705612692890934,"circlet_count":0,"master_deck":["Strike_B","Strike_B","Strike_B","Strike_B","Defend_B","Defend_B","Defend_B","Defend_B","Zap","Dualcast","Echo Form","Auto Shields","Gash","Tempest","Rip and Tear","Leap","Sweeping Beam","Injury","Self Repair","Defragment","Gash","Core Surge","Rebound","Melter","Gash","Scrape"],"relics":["Cracked Core","NlothsMask","Gambling Chip","Golden Idol","White Beast Statue","Question Card"],"potions_floor_usage":[16,18,19,24,24],"damage_taken":[{"damage":9,"enemies":"2 Louse","floor":1,"turns":3},{"damage":0,"enemies":"Cultist","floor":3,"turns":3},{"damage":0,"enemies":"Small Slimes","floor":5,"turns":3},{"damage":25,"enemies":"3 Sentries","floor":6,"turns":8},{"damage":0,"enemies":"3 Louse","floor":7,"turns":3},{"damage":18,"enemies":"Exordium Thugs","floor":10,"turns":4},{"damage":3,"enemies":"Red Slaver","floor":12,"turns":4},{"damage":6,"enemies":"2 Fungi Beasts","floor":13,"turns":2},{"damage":3,"enemies":"Blue Slaver","floor":14,"turns":3},{"damage":29,"enemies":"The Guardian","floor":16,"turns":10},{"damage":32,"enemies":"2 Thieves","floor":18,"turns":5},{"damage":25,"enemies":"3 Byrds","floor":19,"turns":5},{"damage":23,"enemies":"Snake Plant","floor":22,"turns":6},{"damage":33,"enemies":"Centurion and Healer","floor":24,"turns":3}],"seed_played":"-1883869625659834286","potions_obtained":[{"floor":1,"key":"Block Potion"},{"floor":7,"key":"Energy Potion"},{"floor":14,"key":"LiquidBronze"},{"floor":16,"key":"SpeedPotion"},{"floor":18,"key":"AttackPotion"},{"floor":19,"key":"Fire Potion"},{"floor":22,"key":"Explosive Potion"}],"is_trial":false,"path_per_floor":["M","?","M","?","M","E","M","R","T","M","?","M","M","M","R","B",null,"M","M","$","?","M","R"],"character_chosen":"DEFECT","items_purchased":["Melter","Question Card"],"campfire_rested":3,"item_purchase_floors":[20,20],"current_hp_per_floor":[66,55,55,55,55,30,30,52,52,34,34,31,32,36,58,36,75,43,25,25,25,9,31,0],"gold":212,"neow_bonus":"ONE_RANDOM_RARE_CARD","is_prod":false,"is_daily":false,"chose_seed":false,"campfire_upgraded":0,"win_rate":0,"timestamp":1539453630,"path_taken":["M","?","M","?","?","E","M","R","T","M","?","M","M","?","R","BOSS","M","M","$","?","M","R","M"],"build_version":"2018-10-11","purchased_purges":0,"victory":false,"max_hp_per_floor":[75,75,75,75,75,75,75,75,75,75,75,75,75,75,75,75,75,75,75,75,75,75,75,75],"card_choices":[{"not_picked":["Conserve Battery","Beam Cell"],"picked":"Auto Shields","floor":1},{"not_picked":["Turbo","Heatsinks"],"picked":"Gash","floor":3},{"not_picked":["Hologram","Force Field"],"picked":"Tempest","floor":5},{"not_picked":["Capacitor","Doom and Gloom"],"picked":"Rip and Tear","floor":6},{"not_picked":["Coolheaded","Steam"],"picked":"Leap","floor":7},{"not_picked":["Go for the Eyes","Beam Cell"],"picked":"Sweeping Beam","floor":10},{"not_picked":["Echo Form","Scrape"],"picked":"Self Repair","floor":12},{"not_picked":["Compile Driver","Doom and Gloom"],"picked":"Defragment","floor":13},{"not_picked":["Blizzard","Steam Power"],"picked":"Gash","floor":14},{"not_picked":["Hyperbeam","Machine Learning"],"picked":"Core Surge","floor":16},{"not_picked":["Beam Cell","Cold Snap"],"picked":"Rebound","floor":18},{"not_picked":["Beam Cell","Go for the Eyes","Chaos"],"picked":"SKIP","floor":19},{"not_picked":["Stack","Darkness","Sweeping Beam"],"picked":"Scrape","floor":22}],"player_experience":89096,"relics_obtained":[{"floor":6,"key":"Gambling Chip"}],"event_choices":[{"event_name":"World of Goop","player_choice":"Gather Gold","floor":2,"damage_taken":0},{"event_name":"FaceTrader","player_choice":"Trade","floor":4,"damage_taken":0},{"event_name":"Golden Idol","player_choice":"Take Wound","floor":11,"damage_taken":0},{"event_name":"The Library","player_choice":"Read","floor":21,"damage_taken":0}],"is_beta":false,"boss_relics":[{"not_picked":["Calling Bell","Tiny House"],"picked":"White Beast Statue"}],"items_purged_floors":[],"is_endless":false,"potions_floor_spawned":[1,7,14,16,18,19,22],"killed_by":"Centurion and Healer","ascension_level":1}