{"gold_per_floor":[119,16,29,6,25,51,64,79,79,79,118,218,218,232,232,360,360,383,402,80,5,28,28,53,97,176,176],"floor_reached":27,"playtime":1542,"items_purged":[],"score":245,"play_id":"1f23b2bd-fb1d-4b46-a349-bcfb34f70117","local_time":"20190111230552","is_ascension_mode":false,"campfire_choices":[{"floor":13,"key":"REST"},{"data":"Zap","floor":15,"key":"SMITH"},{"data":"Forethought","floor":23,"key":"SMITH"}],"neow_cost":"NONE","seed_source_timestamp":247327862847801,"circlet_count":0,"master_deck":["Strike_B+1","Defend_B","Defend_B","Defend_B","Zap+1","Dualcast","Turbo+1","Go for the Eyes+1","Genetic Algorithm+1","Streamline+1","Melter","Scrape","Ball Lightning","Coolheaded","Cold Snap","Double Energy","Self Repair","Ball Lightning","Conserve Battery","Capacitor","Electrodynamics","Static Discharge","Force Field","Sunder","Forethought+1","Loop","Go for the Eyes+1","Scrape"],"relics":["Astrolabe","Whetstone","Du-Vu Doll","Golden Idol","Ornamental Fan","Runic Pyramid","Runic Capacitor","Calipers","Pear"],"potions_floor_usage":[11,16,22,22],"damage_taken":[{"damage":0,"enemies":"Cultist","floor":1,"turns":4},{"damage":0,"enemies":"Small Slimes","floor":3,"turns":2},{"damage":0,"enemies":"2 Louse","floor":5,"turns":2},{"damage":16,"enemies":"Lagavulin","floor":6,"turns":6},{"damage":11,"enemies":"Gremlin Gang","floor":7,"turns":5},{"damage":8,"enemies":"Lots of Slimes","floor":8,"turns":4},{"damage":4,"enemies":"Gremlin Nob","floor":11,"turns":3},{"damage":5,"enemies":"Large Slime","floor":14,"turns":4},{"damage":39,"enemies":"The Guardian","floor":16,"turns":10},{"damage":15,"enemies":"Shell Parasite","floor":18,"turns":5},{"damage":0,"enemies":"Chosen","floor":19,"turns":4},{"damage":18,"enemies":"3 Cultists","floor":22,"turns":5},{"damage":41,"enemies":"Cultist and Chosen","floor":24,"turns":6},{"damage":27,"enemies":"Book of Stabbing","floor":25,"turns":6},{"damage":24,"enemies":"Centurion and Healer","floor":27,"turns":4}],"seed_played":"-5450698102605017104","potions_obtained":[{"floor":1,"key":"Energy Potion"},{"floor":6,"key":"Energy Potion"},{"floor":7,"key":"AttackPotion"},{"floor":8,"key":"Weak Potion"},{"floor":16,"key":"Regen Potion"},{"floor":24,"key":"SteroidPotion"}],"is_trial":false,"path_per_floor":["M","$","M","$","M","E","M","M","T","?","E","?","R","M","R","B",null,"M","M","$","?","M","R","M","E","T","M"],"character_chosen":"DEFECT","items_purchased":["Melter","Scrape","Coolheaded","Sunder","Forethought","Runic Capacitor"],"campfire_rested":1,"item_purchase_floors":[2,2,4,20,20,20],"current_hp_per_floor":[75,75,75,75,75,59,48,40,40,22,18,18,40,42,42,10,75,67,74,74,74,68,68,34,14,24,0],"gold":176,"neow_bonus":"BOSS_RELIC","is_prod":false,"is_daily":false,"chose_seed":false,"campfire_upgraded":2,"win_rate":0.0,"timestamp":1547219152,"path_taken":["M","$","M","?","?","E","M","M","T","?","E","?","R","M","R","BOSS","M","?","?","?","M","R","M","E","T","M"],"build_version":"2019-01-10","purchased_purges":0,"victory":false,"max_hp_per_floor":[75,75,75,75,75,75,75,75,75,75,75,75,75,75,75,75,75,75,75,75,75,75,75,75,75,85,85],"card_choices":[{"not_picked":["Recycle","Go for the Eyes"],"picked":"Streamline","floor":1},{"not_picked":["Redo","Defragment"],"picked":"Ball Lightning","floor":3},{"not_picked":["Hologram","Turbo"],"picked":"Cold Snap","floor":5},{"not_picked":["Gash","Turbo"],"picked":"Double Energy","floor":6},{"not_picked":["Turbo","Steam"],"picked":"Self Repair","floor":7},{"not_picked":["Barrage","Leap"],"picked":"Ball Lightning","floor":8},{"not_picked":["Fission","Leap"],"picked":"Conserve Battery","floor":11},{"not_picked":["Barrage","Stack"],"picked":"Capacitor","floor":14},{"not_picked":["Rainbow","Thunder Strike"],"picked":"Electrodynamics","floor":16},{"not_picked":["Streamline+1","Go for the Eyes"],"picked":"Static Discharge","floor":18},{"not_picked":["Go for the Eyes","Rebound"],"picked":"Force Field","floor":19},{"not_picked":["Gash+1","Leap"],"picked":"Loop","floor":22},{"not_picked":["Sweeping Beam","Hologram"],"picked":"Go for the Eyes+1","floor":24},{"not_picked":["Hologram","Loop"],"picked":"Scrape","floor":25}],"player_experience":49250,"relics_obtained":[{"floor":6,"key":"Whetstone"},{"floor":9,"key":"Du-Vu Doll"},{"floor":11,"key":"Ornamental Fan"},{"floor":25,"key":"Calipers"},{"floor":26,"key":"Pear"}],"event_choices":[{"damage_healed":0,"gold_gain":0,"player_choice":"Take Damage","damage_taken":18,"relics_obtained":["Golden Idol"],"max_hp_gain":0,"max_hp_loss":0,"event_name":"Golden Idol","floor":10,"gold_loss":0},{"damage_healed":0,"gold_gain":100,"player_choice":"Pray","damage_taken":0,"max_hp_gain":0,"max_hp_loss":0,"event_name":"Golden Shrine","floor":12,"gold_loss":0},{"cards_removed":["Defend_B"],"damage_healed":0,"gold_gain":0,"player_choice":"Gave Gold","damage_taken":0,"max_hp_gain":0,"max_hp_loss":0,"event_name":"Beggar","floor":21,"gold_loss":75}],"is_beta":false,"boss_relics":[{"not_picked":["Orrery","Philosopher\u0027s Stone"],"picked":"Runic Pyramid"}],"items_purged_floors":[],"is_endless":false,"potions_floor_spawned":[1,6,7,8,16,24],"killed_by":"Centurion and Healer","ascension_level":0}