{"gold_per_floor":[111,111,111,123,2,29,42,77,103,103,3,19,19,33,33,163,163,147,147,147,147,166,166,20,20,92,116,130,154,10,28,28,28],"floor_reached":33,"playtime":1586,"items_purged":["Strike_R","Strike_R"],"score":283,"play_id":"7e6c3d69-a5fa-4a67-a043-593ab4f8ebcd","local_time":"20181222194442","is_ascension_mode":true,"campfire_choices":[{"data":"Armaments","floor":10,"key":"SMITH"},{"data":"Metallicize","floor":15,"key":"SMITH"},{"data":"Barricade","floor":23,"key":"SMITH"},{"floor":25,"key":"REST"},{"floor":32,"key":"REST"}],"neow_cost":"NONE","seed_source_timestamp":18998989635678,"circlet_count":0,"master_deck":["Strike_R+1","Strike_R+1","Strike_R+1","Defend_R+1","Defend_R+1","Defend_R+1","Defend_R+1","Disarm","Metallicize+1","Armaments+1","True Grit","Flex","Sword Boomerang","Heavy Blade","Headbutt","Barricade+1","Inflame","Pommel Strike+1","Twin Strike+1","Inflame+1","Demon Form","Limit Break","Battle Trance"],"relics":["Burning Blood","Omamori","PreservedInsect","Centennial Puzzle","Lantern","Golden Idol","Black Star","Bronze Scales","Question Card"],"potions_floor_usage":[12,16,16,19,33,33,33],"damage_taken":[{"damage":1,"enemies":"Cultist","floor":1,"turns":3},{"damage":5,"enemies":"Jaw Worm","floor":4,"turns":4},{"damage":31,"enemies":"Gremlin Nob","floor":6,"turns":6},{"damage":6,"enemies":"Small Slimes","floor":7,"turns":7},{"damage":4,"enemies":"Lagavulin","floor":8,"turns":7},{"damage":0,"enemies":"3 Louse","floor":12,"turns":3},{"damage":11,"enemies":"Exordium Wildlife","floor":14,"turns":10},{"damage":2,"enemies":"The Guardian","floor":16,"turns":17},{"damage":27,"enemies":"2 Thieves","floor":18,"turns":4},{"damage":29,"enemies":"Colosseum Slavers","floor":19,"turns":8},{"damage":18,"enemies":"Chosen","floor":22,"turns":7},{"damage":12,"enemies":"Snake Plant","floor":27,"turns":5},{"damage":5,"enemies":"Snecko","floor":28,"turns":4},{"damage":10,"enemies":"Shelled Parasite and Fungi","floor":29,"turns":7},{"damage":29,"enemies":"3 Cultists","floor":31,"turns":6},{"damage":45,"enemies":"Automaton","floor":33,"turns":6}],"seed_played":"7535427912576056478","potions_obtained":[{"floor":7,"key":"SkillPotion"},{"floor":8,"key":"Explosive Potion"},{"floor":14,"key":"Explosive Potion"},{"floor":16,"key":"Swift Potion"},{"floor":22,"key":"Poison Potion"},{"floor":27,"key":"Strength Potion"},{"floor":28,"key":"LiquidBronze"}],"is_trial":false,"path_per_floor":["M","?","?","M","$","E","M","E","T","R","$","M","?","M","R","B",null,"M","?","?","?","M","R","$","R","T","M","M","M","$","M","R","B"],"character_chosen":"IRONCLAD","items_purchased":["Armaments","Bronze Scales","Limit Break"],"campfire_rested":2,"item_purchase_floors":[5,24,30],"current_hp_per_floor":[80,64,64,65,65,40,40,42,42,42,42,48,28,23,23,27,80,59,36,36,36,24,24,24,48,48,42,43,39,39,16,40,0],"gold":28,"neow_bonus":"RANDOM_COMMON_RELIC","is_prod":false,"is_daily":false,"chose_seed":false,"campfire_upgraded":3,"win_rate":0,"timestamp":1545500682,"path_taken":["M","?","?","?","$","E","M","E","T","R","?","M","?","M","R","BOSS","M","?","?","?","M","R","$","R","T","M","M","?","$","M","R","BOSS"],"build_version":"2018-12-20","purchased_purges":2,"victory":false,"max_hp_per_floor":[80,80,80,80,80,80,80,80,80,80,80,80,80,80,80,80,80,80,80,80,80,80,80,80,80,80,80,80,80,80,80,80,80],"card_choices":[{"not_picked":["Thunderclap","Body Slam"],"picked":"Disarm","floor":1},{"not_picked":["Pommel Strike","Ghostly Armor"],"picked":"Metallicize","floor":4},{"not_picked":["Uppercut","Armaments"],"picked":"True Grit","floor":6},{"not_picked":["Fire Breathing","Clash"],"picked":"Flex","floor":7},{"not_picked":["Rampage","Uppercut"],"picked":"Sword Boomerang","floor":8},{"not_picked":["Clash","Infernal Blade"],"picked":"Heavy Blade","floor":12},{"not_picked":["Perfected Strike","Clothesline"],"picked":"Headbutt","floor":14},{"not_picked":["Feed","Fiend Fire"],"picked":"Barricade","floor":16},{"not_picked":["Iron Wave","Thunderclap+1"],"picked":"Inflame","floor":18},{"not_picked":["Clash+1","Body Slam"],"picked":"Pommel Strike+1","floor":22},{"not_picked":["Feel No Pain","Perfected Strike","Heavy Blade"],"picked":"Twin Strike+1","floor":27},{"not_picked":["Flex","Body Slam","Heavy Blade"],"picked":"Inflame+1","floor":28},{"not_picked":["Whirlwind","Sever Soul","Anger+1"],"picked":"Demon Form","floor":29},{"not_picked":["Ghostly Armor","Warcry","Body Slam"],"picked":"Battle Trance","floor":31}],"player_experience":18063,"relics_obtained":[{"floor":6,"key":"PreservedInsect"},{"floor":8,"key":"Centennial Puzzle"},{"floor":9,"key":"Lantern"},{"floor":26,"key":"Question Card"}],"event_choices":[{"damage_healed":0,"gold_gain":0,"player_choice":"Entered Light","damage_taken":16,"max_hp_gain":0,"max_hp_loss":0,"event_name":"Shining Light","floor":2,"gold_loss":0,"cards_upgraded":["Defend_R","Strike_R"]},{"damage_healed":0,"gold_gain":0,"player_choice":"Bought 0 Potions","damage_taken":0,"max_hp_gain":0,"max_hp_loss":0,"event_name":"The Woman in Blue","floor":3,"gold_loss":0},{"damage_healed":0,"gold_gain":0,"player_choice":"Take Damage","damage_taken":20,"relics_obtained":["Golden Idol"],"max_hp_gain":0,"max_hp_loss":0,"event_name":"Golden Idol","floor":13,"gold_loss":0},{"damage_healed":0,"gold_gain":0,"player_choice":"Fight","damage_taken":0,"max_hp_gain":0,"max_hp_loss":0,"event_name":"Colosseum","floor":19,"gold_loss":0},{"damage_healed":0,"gold_gain":0,"player_choice":"Fled From Nobs","damage_taken":0,"max_hp_gain":0,"max_hp_loss":0,"event_name":"Colosseum","floor":19,"gold_loss":0},{"damage_healed":0,"gold_gain":0,"player_choice":"Simplicity","damage_taken":0,"max_hp_gain":0,"max_hp_loss":0,"event_name":"Back to Basics","floor":20,"gold_loss":0,"cards_upgraded":["Strike_R","Strike_R","Defend_R","Defend_R","Defend_R"]},{"cards_removed":["Bash"],"damage_healed":0,"gold_gain":0,"player_choice":"Offered Basic","damage_taken":0,"max_hp_gain":0,"max_hp_loss":0,"event_name":"Bonfire Elementals","floor":21,"gold_loss":0}],"is_beta":false,"boss_relics":[{"not_picked":["Coffee Dripper","Sozu"],"picked":"Black Star"}],"items_purged_floors":[5,11],"is_endless":false,"potions_floor_spawned":[7,8,14,16,22,27,28],"killed_by":"Automaton","ascension_level":2}