{"gold_per_floor":[109,126,141,158,171,203,203,221,221,253,328,28,46,66,66,171,171,183,202,212,232,250,284,304,335,335,359,402,414,442,486,498,610,622,650,676,705,732,489,514,514,548,622,622,637,669,697,30,30,30],"floor_reached":51,"playtime":2018,"items_purged":[],"score":1187,"play_id":"716bc488-56d1-4cb9-ba35-9f531dccf0f7","local_time":"20190220044023","is_ascension_mode":true,"campfire_choices":[{"data":"Perfected Strike","floor":7,"key":"SMITH"},{"data":"Perfected Strike","floor":15,"key":"SMITH"},{"data":"Perfected Strike","floor":29,"key":"SMITH"},{"data":"Perfected Strike","floor":32,"key":"SMITH"},{"data":"Pommel Strike","floor":41,"key":"SMITH"},{"data":"Wild Strike","floor":44,"key":"SMITH"},{"floor":49,"key":"REST"}],"neow_cost":"NONE","seed_source_timestamp":575780755031500,"circlet_count":0,"master_deck":["Strike_R+1","Strike_R","Strike_R","Strike_R","Strike_R","Defend_R","Defend_R","Defend_R","Defend_R","Bash+1","Perfected Strike+1","Twin Strike","Twin Strike","Pommel Strike+1","Perfected Strike+1","Wild Strike+1","Perfected Strike+1","Havoc+1","Headbutt","Armaments+1","Headbutt","Armaments+1","Twin Strike+1","Warcry+1","Anger","Clash","Shrug It Off+1","Perfected Strike+1","Havoc+1","Wild Strike","Clash","Pommel Strike+1","True Grit+1","Warcry+1","Perfected Strike+1","Headbutt","Perfected Strike","Havoc+1","Twin Strike+1"],"relics":["Burning Blood","Question Card","Matryoshka","Toxic Egg 2","Gremlin Horn","Velvet Choker","Anchor","Pantograph","MawBank","Meat on the Bone","Bottled Flame","Orichalcum","Black Star","Happy Flower","Self Forming Clay","WingedGreaves","Whetstone","The Courier","Blue Candle","Bottled Lightning","Dream Catcher","Du-Vu Doll","Bag of Marbles","Darkstone Periapt","Paper Frog","Membership Card","Ancient Tea Set","Shuriken"],"potions_floor_usage":[4,10,16,16,20,23,24,25,25,33,42,45,46,47,48,50,50,50],"damage_taken":[{"damage":2,"enemies":"2 Louse","floor":1,"turns":4},{"damage":7,"enemies":"Small Slimes","floor":2,"turns":3},{"damage":6,"enemies":"Jaw Worm","floor":3,"turns":2},{"damage":0,"enemies":"Large Slime","floor":4,"turns":6},{"damage":8,"enemies":"Exordium Wildlife","floor":5,"turns":3},{"damage":36,"enemies":"Lagavulin","floor":6,"turns":5},{"damage":4,"enemies":"2 Fungi Beasts","floor":8,"turns":3},{"damage":11,"enemies":"3 Sentries","floor":10,"turns":4},{"damage":7,"enemies":"Blue Slaver","floor":13,"turns":2},{"damage":0,"enemies":"Large Slime","floor":14,"turns":2},{"damage":21,"enemies":"The Guardian","floor":16,"turns":7},{"damage":7,"enemies":"Shell Parasite","floor":18,"turns":2},{"damage":0,"enemies":"Spheric Guardian","floor":19,"turns":2},{"damage":5,"enemies":"Cultist and Chosen","floor":20,"turns":3},{"damage":12,"enemies":"Snecko","floor":21,"turns":4},{"damage":8,"enemies":"Snake Plant","floor":22,"turns":3},{"damage":18,"enemies":"Slavers","floor":23,"turns":3},{"damage":0,"enemies":"Centurion and Healer","floor":24,"turns":3},{"damage":50,"enemies":"Book of Stabbing","floor":25,"turns":5},{"damage":0,"enemies":"Shelled Parasite and Fungi","floor":27,"turns":2},{"damage":0,"enemies":"Gremlin Leader","floor":28,"turns":3},{"damage":0,"enemies":"Snecko","floor":30,"turns":2},{"damage":0,"enemies":"Slavers","floor":31,"turns":2},{"damage":64,"enemies":"Champ","floor":33,"turns":7},{"damage":5,"enemies":"3 Shapes","floor":35,"turns":2},{"damage":0,"enemies":"Orb Walker","floor":36,"turns":1},{"damage":10,"enemies":"4 Shapes","floor":37,"turns":3},{"damage":0,"enemies":"Sphere and 2 Shapes","floor":38,"turns":3},{"damage":61,"enemies":"Giant Head","floor":40,"turns":7},{"damage":2,"enemies":"Nemesis","floor":42,"turns":3},{"damage":18,"enemies":"Transient","floor":45,"turns":5},{"damage":27,"enemies":"Giant Head","floor":46,"turns":6},{"damage":31,"enemies":"Nemesis","floor":47,"turns":5},{"damage":64,"enemies":"Time Eater","floor":50,"turns":7}],"seed_played":"-5233405710791176086","potions_obtained":[{"floor":0,"key":"GamblersBrew"},{"floor":0,"key":"Block Potion"},{"floor":0,"key":"Dexterity Potion"},{"floor":1,"key":"Swift Potion"},{"floor":5,"key":"EssenceOfSteel"},{"floor":10,"key":"Weak Potion"},{"floor":16,"key":"Fire Potion"},{"floor":19,"key":"SkillPotion"},{"floor":20,"key":"PowerPotion"},{"floor":24,"key":"Fruit Juice"},{"floor":25,"key":"AttackPotion"},{"floor":28,"key":"SpeedPotion"},{"floor":38,"key":"FearPotion"},{"floor":40,"key":"Block Potion"},{"floor":42,"key":"Swift Potion"},{"floor":47,"key":"Fire Potion"}],"is_trial":false,"path_per_floor":["M","M","M","M","M","E","R","M","T","E","?","$","M","M","R","B",null,"M","M","M","M","M","E","M","E","T","M","E","R","M","E","R","B",null,"M","M","M","M","$","E","R","E","T","R","M","E","E","$","R","B",null],"character_chosen":"IRONCLAD","items_purchased":["Perfected Strike","Gremlin Horn","Wild Strike","Clash","Happy Flower","Paper Frog","Membership Card","Ancient Tea Set","Perfected Strike","FearPotion","Fruit Juice","AttackPotion","AttackPotion","Shuriken","Havoc+1"],"campfire_rested":1,"item_purchase_floors":[12,12,39,39,39,48,48,48,48,48,48,48,48,48,48],"current_hp_per_floor":[80,79,79,80,78,48,48,50,50,45,34,34,33,39,39,24,80,79,80,80,74,72,60,71,27,27,45,51,51,57,63,63,39,85,85,85,81,85,85,42,42,58,58,58,58,49,36,41,68,44],"gold":30,"neow_bonus":"THREE_SMALL_POTIONS","is_prod":false,"is_daily":false,"chose_seed":false,"campfire_upgraded":6,"win_rate":0,"timestamp":1550634023,"path_taken":["M","M","M","M","M","E","R","M","T","E","?","$","M","M","R","BOSS","M","M","M","M","M","E","M","E","T","M","E","R","M","E","R","BOSS","M","M","M","M","$","E","R","E","T","R","M","E","E","$","R","BOSS"],"build_version":"2019-01-23","purchased_purges":0,"victory":true,"max_hp_per_floor":[80,80,80,80,80,80,80,80,80,80,80,80,80,80,80,80,80,80,80,80,80,80,80,85,85,85,85,85,85,85,85,85,85,85,85,85,85,85,85,85,85,85,85,85,85,85,85,90,90,90],"card_choices":[{"not_picked":["Rupture","True Grit"],"picked":"Perfected Strike","floor":1},{"not_picked":["Iron Wave","Body Slam"],"picked":"Twin Strike","floor":2},{"not_picked":["Sever Soul","Flex"],"picked":"Twin Strike","floor":3},{"not_picked":["Dual Wield","Rage","Disarm"],"picked":"SKIP","floor":4},{"not_picked":["Twin Strike","Intimidate"],"picked":"Pommel Strike","floor":5},{"not_picked":["Armaments","Demon Form"],"picked":"Perfected Strike","floor":6},{"not_picked":["Reckless Charge","Inflame","Pummel","True Grit"],"picked":"SKIP","floor":8},{"not_picked":["Warcry","Clash","Anger"],"picked":"Wild Strike","floor":10},{"not_picked":["Flex+1","Reckless Charge","Clothesline"],"picked":"Havoc+1","floor":13},{"not_picked":["Pummel","Metallicize","Power Through+1"],"picked":"Headbutt","floor":14},{"not_picked":["Clash","Iron Wave+1","Anger"],"picked":"Armaments+1","floor":18},{"not_picked":["Battle Trance+1","Disarm+1","Sword Boomerang"],"picked":"Headbutt","floor":19},{"not_picked":["Pummel","Anger","Inflame"],"picked":"Armaments+1","floor":20},{"not_picked":["Cleave","Body Slam","Sword Boomerang"],"picked":"Twin Strike+1","floor":21},{"not_picked":["Intimidate+1","Bloodletting+1","Flex+1","Thunderclap"],"picked":"SKIP","floor":22},{"not_picked":["Body Slam+1","Entrench+1","Sever Soul"],"picked":"Warcry+1","floor":23},{"not_picked":["Clothesline+1","Combust+1","Entrench+1"],"picked":"Anger","floor":24},{"not_picked":["Shrug It Off+1","Dark Embrace","Spot Weakness+1"],"picked":"Clash","floor":25},{"not_picked":["Battle Trance+1","Evolve","Clothesline"],"picked":"Shrug It Off+1","floor":27},{"not_picked":["Fire Breathing","Bloodletting+1","Offering+1","Rupture"],"picked":"SKIP","floor":28},{"not_picked":["Thunderclap","Second Wind+1","Iron Wave"],"picked":"Perfected Strike","floor":30},{"not_picked":["Fire Breathing","Heavy Blade","Corruption+1","Ghostly Armor+1"],"picked":"SKIP","floor":31},{"not_picked":["Shockwave+1","Heavy Blade+1","Whirlwind","Power Through+1"],"picked":"SKIP","floor":35},{"not_picked":["Burning Pact+1","True Grit+1","Evolve"],"picked":"Havoc+1","floor":36},{"not_picked":["Burning Pact+1","Body Slam+1","Ghostly Armor+1","Sword Boomerang+1"],"picked":"SKIP","floor":37},{"not_picked":["Thunderclap+1","Body Slam","Carnage+1","Offering+1"],"picked":"SKIP","floor":38},{"not_picked":["Infernal Blade+1","Cleave","Inflame+1"],"picked":"Pommel Strike+1","floor":40},{"not_picked":["Body Slam+1","Armaments+1","Demon Form"],"picked":"True Grit+1","floor":42},{"not_picked":["Havoc+1","Twin Strike","Battle Trance+1"],"picked":"Warcry+1","floor":45},{"not_picked":["Power Through+1","Rupture+1","Evolve"],"picked":"Perfected Strike+1","floor":46},{"not_picked":["Clash","Cleave+1","Sword Boomerang+1"],"picked":"Headbutt","floor":47},{"not_picked":["Cleave+1","Flex+1","Sentinel+1"],"picked":"Twin Strike+1","floor":49}],"player_experience":522703,"relics_obtained":[{"floor":6,"key":"Question Card"},{"floor":9,"key":"Matryoshka"},{"floor":10,"key":"Toxic Egg 2"},{"floor":23,"key":"Anchor"},{"floor":25,"key":"Pantograph"},{"floor":26,"key":"MawBank"},{"floor":26,"key":"Meat on the Bone"},{"floor":28,"key":"Bottled Flame"},{"floor":31,"key":"Orichalcum"},{"floor":40,"key":"Self Forming Clay"},{"floor":40,"key":"WingedGreaves"},{"floor":42,"key":"Whetstone"},{"floor":42,"key":"The Courier"},{"floor":43,"key":"Blue Candle"},{"floor":43,"key":"Bottled Lightning"},{"floor":46,"key":"Dream Catcher"},{"floor":46,"key":"Du-Vu Doll"},{"floor":47,"key":"Bag of Marbles"},{"floor":47,"key":"Darkstone Periapt"}],"event_choices":[{"damage_healed":0,"gold_gain":75,"player_choice":"Gather Gold","damage_taken":11,"max_hp_gain":0,"max_hp_loss":0,"event_name":"World of Goop","floor":11,"gold_loss":0}],"is_beta":false,"boss_relics":[{"not_picked":["Runic Dome","Ectoplasm"],"picked":"Velvet Choker"},{"not_picked":["Coffee Dripper","Fusion Hammer"],"picked":"Black Star"}],"items_purged_floors":[],"is_endless":false,"potions_floor_spawned":[1,5,10,13,16,19,20,21,24,25,28,38,40,42,47],"ascension_level":1}