{"gold_per_floor":[112,112,126,3,3,3,29,29,104,129,143,143,157,183,183,279,279,292,292,306,306,318,343,361,390,390,415,330,330,355,375,375,375],"floor_reached":33,"playtime":1932,"items_purged":[],"score":581,"play_id":"ffb96379-311e-4f0d-bf3f-8ab17f5a7a7a","local_time":"20190215202840","is_ascension_mode":true,"campfire_choices":[{"data":"Deadly Poison","floor":6,"key":"SMITH"},{"data":"Deadly Poison","floor":8,"key":"SMITH"},{"data":"Dash","floor":12,"key":"SMITH"},{"data":"A Thousand Cuts","floor":15,"key":"SMITH"},{"data":"Well Laid Plans","floor":29,"key":"SMITH"},{"data":"A Thousand Cuts","floor":32,"key":"SMITH"}],"neow_cost":"NONE","seed_source_timestamp":0,"circlet_count":0,"master_deck":["Defend_G","Defend_G","Defend_G","Defend_G","Defend_G","Survivor","Neutralize+1","Deadly Poison+1","Dodge and Roll","Dash+1","Deadly Poison+1","Tools of the Trade","Backstab","Well Laid Plans+1","A Thousand Cuts+1","Adrenaline","Ghostly","Ghostly","Ghostly","Ghostly","Ghostly","Bite","Bite","Bite","Bite","Bite","Cloak And Dagger+1","PiercingWail","Corpse Explosion","Backflip","A Thousand Cuts+1","Acrobatics"],"special_seed":0,"relics":["Ring of the Snake","Smiling Mask","Orichalcum","Pantograph","Strawberry","Peace Pipe","Coffee Dripper","Letter Opener","Omamori","WingedGreaves","Snake Skull","Girya","Pear"],"potions_floor_usage":[16,16,27,30,30,33],"damage_taken":[{"damage":1,"enemies":"Jaw Worm","floor":1,"turns":6},{"damage":0,"enemies":"Small Slimes","floor":3,"turns":3},{"damage":14,"enemies":"Lagavulin","floor":7,"turns":6},{"damage":20,"enemies":"3 Sentries","floor":10,"turns":10},{"damage":1,"enemies":"2 Louse","floor":11,"turns":3},{"damage":0,"enemies":"Looter","floor":13,"turns":2},{"damage":16,"enemies":"Gremlin Nob","floor":14,"turns":4},{"damage":1,"enemies":"Hexaghost","floor":16,"turns":9},{"damage":2,"enemies":"Shell Parasite","floor":18,"turns":5},{"damage":4,"enemies":"3 Byrds","floor":20,"turns":5},{"damage":0,"enemies":"3 Cultists","floor":22,"turns":5},{"damage":0,"enemies":"Book of Stabbing","floor":23,"turns":6},{"damage":0,"enemies":"Sentry and Sphere","floor":24,"turns":6},{"damage":15,"enemies":"Gremlin Leader","floor":25,"turns":8},{"damage":0,"enemies":"Book of Stabbing","floor":27,"turns":7},{"damage":12,"enemies":"Slavers","floor":30,"turns":4},{"damage":7,"enemies":"Snake Plant","floor":31,"turns":3},{"damage":47,"enemies":"Collector","floor":33,"turns":7}],"seed_played":"-43802495462889669","potions_obtained":[{"floor":1,"key":"FearPotion"},{"floor":7,"key":"EssenceOfSteel"},{"floor":10,"key":"Poison Potion"},{"floor":14,"key":"EssenceOfSteel"},{"floor":23,"key":"Swift Potion"},{"floor":25,"key":"Strength Potion"},{"floor":27,"key":"AttackPotion"},{"floor":30,"key":"Strength Potion"},{"floor":31,"key":"FearPotion"}],"is_trial":false,"path_per_floor":["M","?","M","$","?","R","E","R","T","E","M","R","M","E","R","B",null,"M","?","M","?","M","E","M","E","T","E","?","R","E","M","R","B"],"character_chosen":"THE_SILENT","items_purchased":["Dash","Deadly Poison"],"campfire_rested":0,"item_purchase_floors":[4,4],"current_hp_per_floor":[69,69,69,69,66,66,52,52,52,39,38,38,38,22,22,46,75,73,42,38,29,29,29,29,29,29,29,29,29,31,30,30,0],"gold":375,"neow_bonus":"TEN_PERCENT_HP_BONUS","is_prod":false,"is_daily":false,"chose_seed":false,"campfire_upgraded":6,"win_rate":0,"timestamp":1550258920,"path_taken":["M","?","M","$","?","R","E","R","T","E","M","R","M","E","R","BOSS","M","?","M","?","M","E","M","E","T","E","?","R","E","M","R","BOSS"],"build_version":"2019-01-23","purchased_purges":0,"victory":false,"max_hp_per_floor":[77,77,77,77,77,77,77,77,77,84,84,84,84,84,84,84,84,84,42,42,29,29,29,29,29,29,29,29,29,39,39,39,39],"card_choices":[{"not_picked":["Well Laid Plans","Acrobatics"],"picked":"Deadly Poison","floor":1},{"not_picked":["Flechettes","Slice"],"picked":"Dodge and Roll","floor":3},{"not_picked":["Escape Plan","Underhanded Strike"],"picked":"Tools of the Trade","floor":7},{"not_picked":["Concentrate","Acrobatics","Dash"],"picked":"SKIP","floor":10},{"not_picked":["Deadly Poison","Setup"],"picked":"Backstab","floor":11},{"not_picked":["Dagger Throw","Deflect"],"picked":"Well Laid Plans","floor":13},{"not_picked":["Eviscerate","Blade Dance"],"picked":"A Thousand Cuts","floor":14},{"not_picked":["Phantasmal Killer","Die Die Die"],"picked":"Adrenaline","floor":16},{"not_picked":["Accuracy","Sucker Punch","Underhanded Strike"],"picked":"SKIP","floor":18},{"not_picked":["Sucker Punch","Deadly Poison","Dash+1"],"picked":"SKIP","floor":20},{"not_picked":["Sucker Punch","Slice","Blade Dance"],"picked":"SKIP","floor":22},{"not_picked":["Reflex+1","Blade Dance"],"picked":"Cloak And Dagger+1","floor":23},{"not_picked":["A Thousand Cuts","Bane+1"],"picked":"PiercingWail","floor":24},{"not_picked":["Bouncing Flask","Setup"],"picked":"Corpse Explosion","floor":25},{"not_picked":["Distraction","Underhanded Strike"],"picked":"Backflip","floor":27},{"not_picked":["Slice","Deadly Poison"],"picked":"A Thousand Cuts","floor":30},{"not_picked":["Outmaneuver","Flying Knee"],"picked":"Acrobatics","floor":31}],"player_experience":423577,"relics_obtained":[{"floor":7,"key":"Orichalcum"},{"floor":9,"key":"Pantograph"},{"floor":10,"key":"Strawberry"},{"floor":14,"key":"Peace Pipe"},{"floor":23,"key":"Letter Opener"},{"floor":25,"key":"Omamori"},{"floor":26,"key":"WingedGreaves"},{"floor":27,"key":"Snake Skull"},{"floor":30,"key":"Pear"}],"event_choices":[{"damage_healed":0,"gold_gain":0,"player_choice":"Grow","damage_taken":0,"max_hp_gain":0,"max_hp_loss":0,"event_name":"Living Wall","floor":2,"gold_loss":0,"cards_upgraded":["Neutralize"]},{"damage_healed":0,"gold_gain":0,"player_choice":"Success","damage_taken":3,"relics_obtained":["Smiling Mask"],"max_hp_gain":0,"max_hp_loss":0,"event_name":"Scrap Ooze","floor":5,"gold_loss":0},{"damage_healed":0,"gold_gain":0,"player_choice":"Became a Ghost","damage_taken":0,"max_hp_gain":0,"max_hp_loss":42,"event_name":"Ghosts","floor":19,"gold_loss":0,"cards_obtained":["Ghostly","Ghostly","Ghostly","Ghostly","Ghostly"]},{"damage_healed":0,"gold_gain":0,"player_choice":"Became a vampire","damage_taken":0,"max_hp_gain":0,"max_hp_loss":13,"event_name":"Vampires","floor":21,"gold_loss":0,"cards_obtained":["Bite","Bite","Bite","Bite","Bite"]},{"damage_healed":0,"gold_gain":0,"player_choice":"Obtained Relic","damage_taken":0,"relics_obtained":["Girya"],"max_hp_gain":0,"max_hp_loss":0,"event_name":"Addict","floor":28,"gold_loss":85}],"is_beta":false,"boss_relics":[{"not_picked":["Orrery","WristBlade"],"picked":"Coffee Dripper"}],"items_purged_floors":[],"is_endless":false,"potions_floor_spawned":[1,7,10,13,14,23,25,27,30,31],"killed_by":"Collector","ascension_level":7}