{"gold_per_floor":[113,188,200,210,385,385,415,425,452,486,486,505,524,524,524,524],"floor_reached":16,"playtime":879,"items_purged":[],"score":118,"play_id":"1fb15ab7-2f0c-42aa-bbd8-9814a60ef43e","local_time":"20181016193452","is_ascension_mode":true,"campfire_choices":[{"data":"Fission","floor":6,"key":"SMITH"},{"floor":11,"key":"REST"},{"floor":15,"key":"REST"}],"neow_cost":"NONE","seed_source_timestamp":940639869168047,"circlet_count":0,"master_deck":["Strike_B","Strike_B","Strike_B","Strike_B","Defend_B","Defend_B","Defend_B","Defend_B","Zap","Dualcast","Fission+1","Stack","Cold Snap","Loop","Doubt","Glacier","Conserve Battery","Defragment","Leap","Conserve Battery"],"relics":["Cracked Core","Boot","Potion Belt","Happy Flower"],"potions_floor_usage":[10,10,16],"damage_taken":[{"damage":0,"enemies":"2 Louse","floor":1,"turns":2},{"damage":3,"enemies":"Cultist","floor":3,"turns":4},{"damage":2,"enemies":"Jaw Worm","floor":4,"turns":3},{"damage":22,"enemies":"3 Sentries","floor":7,"turns":11},{"damage":2,"enemies":"Blue Slaver","floor":8,"turns":4},{"damage":24,"enemies":"Gremlin Nob","floor":10,"turns":5},{"damage":4,"enemies":"2 Fungi Beasts","floor":12,"turns":4},{"damage":8,"enemies":"Red Slaver","floor":13,"turns":4},{"damage":53,"enemies":"Hexaghost","floor":16,"turns":16}],"seed_played":"-8951046270354477913","potions_obtained":[{"floor":7,"key":"FearPotion"},{"floor":8,"key":"FocusPotion"},{"floor":13,"key":"AttackPotion"}],"is_trial":false,"path_per_floor":["M","?","M","M","?","R","E","M","T","E","R","M","M","?","R"],"character_chosen":"DEFECT","items_purchased":[],"campfire_rested":2,"item_purchase_floors":[],"current_hp_per_floor":[75,64,61,59,59,59,37,35,35,11,33,29,21,26,50,0],"gold":524,"neow_bonus":"ONE_RANDOM_RARE_CARD","is_prod":false,"is_daily":false,"chose_seed":false,"campfire_upgraded":1,"win_rate":0,"timestamp":1539686092,"path_taken":["M","?","M","M","?","R","E","M","T","E","R","M","?","?","R","BOSS"],"build_version":"2018-10-11","purchased_purges":0,"victory":false,"max_hp_per_floor":[75,75,75,75,75,75,75,75,75,75,75,75,75,80,80,80],"card_choices":[{"not_picked":["Sweeping Beam","Go for the Eyes"],"picked":"Stack","floor":1},{"not_picked":["Go for the Eyes","Chill"],"picked":"Cold Snap","floor":3},{"not_picked":["Stack","Doom and Gloom"],"picked":"Loop","floor":4},{"not_picked":["Hologram","Compile Driver"],"picked":"Glacier","floor":7},{"not_picked":["Streamline","Lockon"],"picked":"Conserve Battery","floor":8},{"not_picked":["Aggregate","Thunder Strike"],"picked":"Defragment","floor":10},{"not_picked":["Rip and Tear","Compile Driver"],"picked":"Leap","floor":12},{"not_picked":["Stack","Barrage"],"picked":"Conserve Battery","floor":13}],"player_experience":152529,"relics_obtained":[{"floor":7,"key":"Boot"},{"floor":9,"key":"Potion Belt"},{"floor":10,"key":"Happy Flower"}],"event_choices":[{"event_name":"World of Goop","player_choice":"Gather Gold","floor":2,"damage_taken":0},{"event_name":"Liars Game","player_choice":"agreed","floor":5,"damage_taken":0},{"event_name":"Big Fish","player_choice":"Donut","floor":14,"damage_taken":0}],"is_beta":false,"boss_relics":[],"items_purged_floors":[],"is_endless":false,"potions_floor_spawned":[7,8,13],"killed_by":"Hexaghost","ascension_level":1}