{"gold_per_floor":[114,114,114,131,141,141,153,153,201,219,230,230,248,281,281,386,386,399,409,509,524,544,544,233,233,233,246,246,257,257,182,182,281,281,293,310,0,0,19,53,53,71,71,71,71,90,103,103],"floor_reached":48,"playtime":2636,"items_purged":[],"score":518,"play_id":"a2e76b0e-d8a1-48ad-ab71-2ccd88949469","local_time":"20180624172421","is_ascension_mode":false,"campfire_choices":[{"data":"Loop","floor":6,"key":"SMITH"},{"data":"Zap","floor":8,"key":"SMITH"},{"floor":12,"key":"REST"},{"data":"Redo","floor":15,"key":"SMITH"},{"data":"Conserve Battery","floor":23,"key":"SMITH"},{"data":"Apotheosis","floor":25,"key":"SMITH"},{"data":"Bite","floor":32,"key":"SMITH"},{"data":"Bite","floor":45,"key":"SMITH"}],"neow_cost":"NONE","seed_source_timestamp":860231028466657,"circlet_count":0,"master_deck":["Defend_B","Defend_B","Defend_B","Zap+1","FTL","Conserve Battery+1","Loop+1","Compile Driver","Barrage","Stack","Rip and Tear","Coolheaded","Streamline","Redo+1","All For One","Sweeping Beam+1","Leap","Capacitor","Compile Driver+1","Apotheosis+1","Flash of Steel","Cold Snap","Sweeping Beam","Ball Lightning+1","Bite+1","Bite+1","Bite","Bite","Bite","Sweeping Beam+1","Cold Snap+1","Auto Shields","Hologram+1","Scrape+1","Reinforced Body+1","Beam Cell"],"relics":["Cracked Core","Vajra","Omamori","Sozu","Darkstone Periapt","Lizard Tail","Red Mask","Bag of Marbles","Bag of Preparation"],"potions_floor_usage":[16,33,40],"damage_taken":[{"damage":12,"enemies":"2 Louse","floor":1,"turns":2},{"damage":1,"enemies":"Jaw Worm","floor":4,"turns":3},{"damage":0,"enemies":"Cultist","floor":5,"turns":3},{"damage":0,"enemies":"Large Slime","floor":7,"turns":4},{"damage":13,"enemies":"Exordium Thugs","floor":10,"turns":4},{"damage":3,"enemies":"Red Slaver","floor":11,"turns":4},{"damage":11,"enemies":"Lots of Slimes","floor":13,"turns":3},{"damage":1,"enemies":"3 Sentries","floor":14,"turns":4},{"damage":12,"enemies":"Hexaghost","floor":16,"turns":8},{"damage":0,"enemies":"Spheric Guardian","floor":18,"turns":3},{"damage":23,"enemies":"2 Thieves","floor":19,"turns":3},{"damage":0,"enemies":"Centurion and Healer","floor":21,"turns":6},{"damage":0,"enemies":"Snecko","floor":22,"turns":3},{"damage":23,"enemies":"Slaver and Parasite","floor":27,"turns":6},{"damage":6,"enemies":"Sentry and Sphere","floor":29,"turns":4},{"damage":67,"enemies":"Collector","floor":33,"turns":10},{"damage":34,"enemies":"3 Darklings","floor":35,"turns":5},{"damage":19,"enemies":"3 Shapes","floor":36,"turns":4},{"damage":21,"enemies":"Sphere and 2 Shapes","floor":39,"turns":4},{"damage":28,"enemies":"2 Orb Walkers","floor":40,"turns":4},{"damage":15,"enemies":"3 Darklings","floor":42,"turns":5},{"damage":36,"enemies":"Maw","floor":46,"turns":7},{"damage":5,"enemies":"Sphere and 2 Shapes","floor":47,"turns":4},{"damage":37,"enemies":"Giant Head","floor":48,"turns":7}],"seed_played":"-8917275183052864825","potions_obtained":[{"floor":1,"key":"EssenceOfSteel"},{"floor":4,"key":"AttackPotion"},{"floor":13,"key":"GamblersBrew"},{"floor":16,"key":"Strength Potion"}],"is_trial":false,"path_per_floor":["M","?","?","M","M","R","M","R","T","M","M","R","M","E","R","B",null,"M","M","?","M","M","R","$","R","T","M","?","M","?","?","R","B",null,"M","M","?","?","M","E","?","M","T","$","R","M","M"],"character_chosen":"DEFECT","items_purchased":["Apotheosis","Flash of Steel","Cold Snap"],"campfire_rested":1,"item_purchase_floors":[24,24,24],"current_hp_per_floor":[63,21,21,20,20,20,20,20,20,9,8,30,21,22,22,12,75,75,52,52,54,56,56,56,56,56,35,60,56,56,56,56,26,75,46,33,33,33,19,39,39,30,30,30,30,15,19,0],"gold":103,"neow_bonus":"THREE_CARDS","is_prod":false,"is_daily":false,"chose_seed":false,"campfire_upgraded":7,"win_rate":0.0,"timestamp":1529828661,"path_taken":["M","?","?","M","M","R","M","R","T","M","M","R","M","E","R","BOSS","M","M","?","M","M","R","$","R","T","M","?","M","?","?","R","BOSS","M","M","?","?","M","E","?","M","T","?","R","?","M","E"],"build_version":"2018-06-21v2","purchased_purges":0,"victory":false,"max_hp_per_floor":[75,75,75,75,75,75,75,75,75,75,75,75,75,75,75,75,75,75,75,75,75,75,75,75,75,75,75,75,75,75,75,75,75,75,75,75,75,75,75,75,75,75,75,75,75,75,75,75],"card_choices":[{"not_picked":["Leap","Rebound"],"picked":"FTL","floor":0},{"not_picked":["Static Discharge","Barrage"],"picked":"Conserve Battery","floor":1},{"not_picked":["Reinforced Body","Beam Cell"],"picked":"Compile Driver","floor":4},{"not_picked":["Double Energy","Darkness"],"picked":"Barrage","floor":5},{"not_picked":["Gash","Rebound"],"picked":"Stack","floor":7},{"not_picked":["Compile Driver","Stack"],"picked":"Rip and Tear","floor":10},{"not_picked":["Tempest","Doom and Gloom"],"picked":"Coolheaded","floor":11},{"not_picked":["Fusion","Gash"],"picked":"Streamline","floor":13},{"not_picked":["Genetic Algorithm","Steam"],"picked":"Redo","floor":14},{"not_picked":["Reboot","Echo Form"],"picked":"All For One","floor":16},{"not_picked":["Force Field","Double Energy"],"picked":"Sweeping Beam+1","floor":18},{"not_picked":["Blizzard","Skim+1"],"picked":"Leap","floor":19},{"not_picked":["Skim","Glacier"],"picked":"Capacitor","floor":21},{"not_picked":["Steam+1","Barrage"],"picked":"Compile Driver+1","floor":22},{"not_picked":["Genetic Algorithm","Hologram"],"picked":"Sweeping Beam","floor":27},{"not_picked":["Hologram","Self Repair"],"picked":"Ball Lightning+1","floor":29},{"not_picked":["Fission","Creative AI"],"picked":"Biased Cognition","floor":33},{"not_picked":["Heatsinks","Steam+1"],"picked":"Sweeping Beam+1","floor":35},{"not_picked":["Conserve Battery","Glacier+1"],"picked":"Cold Snap+1","floor":36},{"not_picked":["Aggregate","Stack"],"picked":"Auto Shields","floor":39},{"not_picked":["Steam+1","Stack+1"],"picked":"Hologram+1","floor":40},{"not_picked":["Barrage","Force Field+1"],"picked":"Scrape+1","floor":42},{"not_picked":["Coolheaded","Barrage+1"],"picked":"Reinforced Body+1","floor":46},{"not_picked":["Steam+1","Gash"],"picked":"Beam Cell","floor":47}],"player_experience":15687,"relics_obtained":[{"floor":9,"key":"Blood Vial"},{"floor":14,"key":"Omamori"},{"floor":26,"key":"Darkstone Periapt"},{"floor":40,"key":"Bag of Marbles"},{"floor":43,"key":"Bag of Preparation"}],"event_choices":[{"event_name":"Scrap Ooze","player_choice":"success","floor":2,"damage_taken":42},{"event_name":"Transmorgrifier","player_choice":"Transform","floor":3,"damage_taken":0},{"event_name":"Golden Shrine","player_choice":"Pray","floor":20,"damage_taken":0},{"event_name":"The Library","player_choice":"Heal","floor":28,"damage_taken":0},{"event_name":"Vampires","player_choice":"Became a vampire (Vial)","floor":30,"damage_taken":0},{"event_name":"Beggar","player_choice":"Gave Gold","floor":31,"damage_taken":0},{"event_name":"Tomb of Lord Red Mask","player_choice":"Paid","floor":37,"damage_taken":0},{"event_name":"The Moai Head","player_choice":"Ignored","floor":38,"damage_taken":0},{"event_name":"Falling","player_choice":"Removed Power","floor":41,"damage_taken":0}],"boss_relics":[{"not_picked":["Philosopher\u0027s Stone","Busted Crown"],"picked":"Sozu"},{"not_picked":["Orrery","Coffee Dripper"],"picked":"Lizard Tail"}],"items_purged_floors":[],"is_endless":false,"potions_floor_spawned":[1,4,13,16,19,22,29,33,39,46],"killed_by":"Giant Head","ascension_level":0}