{"gold_per_floor":[118,68,86,106,106,106,134,134,157,181,193,193,193,222,222,324,324],"floor_reached":17,"playtime":858,"items_purged":[],"score":188,"play_id":"f6f42785-458f-4038-9f40-e66eb624cd13","local_time":"20190215070156","is_ascension_mode":false,"campfire_choices":[{"data":"Twin Strike","floor":6,"key":"SMITH"},{"data":"Body Slam","floor":8,"key":"SMITH"},{"data":"Shrug It Off","floor":12,"key":"SMITH"},{"floor":15,"key":"REST"}],"neow_cost":"NONE","seed_source_timestamp":78071563475513,"circlet_count":0,"master_deck":["Strike_R","Strike_R","Strike_R","Strike_R","Defend_R+1","Defend_R","Defend_R","Defend_R+1","Twin Strike+1","Body Slam+1","Shrug It Off+1","Battle Trance+1","Inflame+1","Seeing Red+1"],"relics":["Burning Blood","War Paint","Orichalcum","Strawberry","Juzu Bracelet","Astrolabe"],"potions_floor_usage":[16,16,16],"damage_taken":[{"damage":7,"enemies":"2 Louse","floor":1,"turns":3},{"damage":1,"enemies":"Jaw Worm","floor":3,"turns":4},{"damage":6,"enemies":"Cultist","floor":4,"turns":3},{"damage":27,"enemies":"Gremlin Nob","floor":7,"turns":4},{"damage":0,"enemies":"Blue Slaver","floor":11,"turns":4},{"damage":18,"enemies":"3 Sentries","floor":14,"turns":9},{"damage":34,"enemies":"Slime Boss","floor":16,"turns":13}],"seed_played":"-209543457194691539","potions_obtained":[{"floor":3,"key":"Explosive Potion"},{"floor":11,"key":"SpeedPotion"},{"floor":14,"key":"Swift Potion"},{"floor":16,"key":"EssenceOfSteel"}],"is_trial":false,"path_per_floor":["M","$","M","M","?","R","E","R","T","T","M","R","?","E","R","B",null],"character_chosen":"IRONCLAD","items_purchased":["Twin Strike"],"campfire_rested":1,"item_purchase_floors":[2],"current_hp_per_floor":[87,87,88,88,93,93,72,72,72,79,85,85,78,66,96,68,100],"gold":324,"neow_bonus":"TEN_PERCENT_HP_BONUS","is_prod":false,"is_daily":false,"chose_seed":false,"campfire_upgraded":3,"win_rate":0.0,"timestamp":1550181716,"path_taken":["M","$","M","M","?","R","E","R","T","?","M","R","?","E","R","BOSS"],"build_version":"2019-01-23","purchased_purges":0,"victory":false,"max_hp_per_floor":[88,88,88,88,93,93,93,93,93,100,100,100,100,100,100,100,100],"card_choices":[{"not_picked":["Anger","Thunderclap"],"picked":"Headbutt","floor":1},{"not_picked":["Burning Pact","Anger"],"picked":"Body Slam","floor":3},{"not_picked":["Evolve","Anger"],"picked":"Limit Break","floor":4},{"not_picked":["Cleave","Intimidate","Hemokinesis"],"picked":"SKIP","floor":7},{"not_picked":["Ghostly Armor","Pommel Strike"],"picked":"Shrug It Off","floor":11},{"not_picked":["Heavy Blade","Bloodletting","Thunderclap"],"picked":"SKIP","floor":14}],"player_experience":32898,"relics_obtained":[{"floor":7,"key":"War Paint"},{"floor":9,"key":"Orichalcum"},{"floor":10,"key":"Strawberry"},{"floor":14,"key":"Juzu Bracelet"}],"event_choices":[{"damage_healed":0,"gold_gain":0,"player_choice":"Donut","damage_taken":0,"max_hp_gain":5,"max_hp_loss":0,"event_name":"Big Fish","floor":5,"gold_loss":0},{"cards_removed":["Bash"],"damage_healed":0,"gold_gain":0,"player_choice":"Card Removal","damage_taken":7,"max_hp_gain":0,"max_hp_loss":0,"event_name":"Golden Wing","floor":13,"gold_loss":0}],"is_beta":false,"boss_relics":[{"not_picked":["Black Star","Fusion Hammer"],"picked":"Astrolabe"}],"items_purged_floors":[],"is_endless":false,"potions_floor_spawned":[3,11,14,16],"ascension_level":0}