{"gold_per_floor":[109,109,126,137,62,87,87,141,141,175,175],"floor_reached":11,"playtime":438,"items_purged":[],"score":162,"play_id":"2db92a1c-dedb-45e0-9a2e-baa7e51a7c89","local_time":"20181004043645","daily_mods":["Hoarder","Heirloom","Time Dilation","Flight"],"is_ascension_mode":true,"campfire_choices":[],"neow_cost":"","seed_source_timestamp":925879622924165,"circlet_count":0,"master_deck":["Strike_R","Strike_R","Strike_R","Strike_R","Strike_R","Defend_R+1","Defend_R+1","Bash","AscendersBane","Thunderclap","Thunderclap","Thunderclap","Metallicize","Metallicize","Metallicize"],"relics":["Burning Blood","Unceasing Top","War Paint","Oddly Smooth Stone","Turnip","Centennial Puzzle"],"potions_floor_usage":[6,10],"damage_taken":[{"damage":5,"enemies":"Small Slimes","floor":1,"turns":5},{"damage":1,"enemies":"Cultist","floor":3,"turns":3},{"damage":7,"enemies":"2 Louse","floor":4,"turns":4},{"damage":35,"enemies":"3 Sentries","floor":6,"turns":6},{"damage":40,"enemies":"Lagavulin","floor":10,"turns":7},{"damage":5,"enemies":"Red Slaver","floor":11,"turns":2}],"seed_played":"-2730294511417006810","potions_obtained":[{"floor":1,"key":"Poison Potion"},{"floor":4,"key":"Strength Potion"}],"is_trial":true,"path_per_floor":["M","?","M","M","?","E","$","T","T","E"],"character_chosen":"IRONCLAD","items_purchased":[],"campfire_rested":0,"item_purchase_floors":[],"current_hp_per_floor":[69,69,74,73,73,44,44,44,44,10,5],"gold":175,"neow_bonus":"","is_prod":false,"is_daily":false,"chose_seed":false,"campfire_upgraded":0,"win_rate":0,"timestamp":1538620605,"path_taken":["M","?","?","M","?","E","?","?","T","E","M"],"build_version":"2018-09-27","purchased_purges":0,"victory":false,"max_hp_per_floor":[75,75,75,75,75,75,75,75,75,75,75],"card_choices":[{"not_picked":["Infernal Blade","Clash","Cleave"],"picked":"SKIP","floor":1},{"not_picked":["Carnage","Havoc","Rupture"],"picked":"SKIP","floor":3},{"not_picked":["Wild Strike","Body Slam"],"picked":"Thunderclap","floor":4},{"not_picked":["Twin Strike","Iron Wave","Wild Strike"],"picked":"SKIP","floor":6},{"not_picked":["Entrench","Dual Wield"],"picked":"Metallicize","floor":10}],"player_experience":202122,"relics_obtained":[{"floor":6,"key":"War Paint"},{"floor":8,"key":"Oddly Smooth Stone"},{"floor":9,"key":"Turnip"},{"floor":10,"key":"Centennial Puzzle"}],"event_choices":[{"event_name":"Bonfire Elementals","player_choice":"BASIC","floor":2,"damage_taken":0},{"event_name":"The Cleric","player_choice":"Card Removal","floor":5,"damage_taken":0}],"is_beta":false,"boss_relics":[],"items_purged_floors":[],"is_endless":true,"potions_floor_spawned":[1,4],"killed_by":"Red Slaver","ascension_level":20}