{"gold_per_floor":[110,110,58,70,83,83,100,135,135,135,166,166,199,100,100,100],"floor_reached":16,"playtime":523,"items_purged":["Strike_R"],"score":212,"play_id":"7c8911b9-957f-4976-a000-d3b02d039556","local_time":"20190130191705","is_ascension_mode":true,"campfire_choices":[{"data":"Disarm","floor":6,"key":"SMITH"},{"data":"Whirlwind","floor":10,"key":"SMITH"},{"floor":12,"key":"REST"},{"floor":15,"key":"REST"}],"neow_cost":"NONE","seed_source_timestamp":178566886416000,"circlet_count":0,"master_deck":["AscendersBane","Strike_R","Strike_R","Strike_R","Strike_R","Defend_R","Defend_R","Defend_R","Defend_R","Bash+1","Wild Strike","Wild Strike","Disarm+1","Whirlwind+1","Shrug It Off"],"relics":["Burning Blood","Bag of Preparation","Dodecahedron","Letter Opener","Blue Candle","Pear"],"potions_floor_usage":[16,16],"damage_taken":[{"damage":1,"enemies":"2 Louse","floor":1,"turns":4},{"damage":1,"enemies":"Cultist","floor":4,"turns":4},{"damage":5,"enemies":"Small Slimes","floor":5,"turns":4},{"damage":11,"enemies":"Looter","floor":7,"turns":3},{"damage":28,"enemies":"Gremlin Nob","floor":8,"turns":5},{"damage":40,"enemies":"Lagavulin","floor":11,"turns":4},{"damage":35,"enemies":"3 Sentries","floor":13,"turns":7},{"damage":49,"enemies":"Slime Boss","floor":16,"turns":9}],"seed_played":"-2254163709848983177","potions_obtained":[{"floor":5,"key":"EssenceOfSteel"},{"floor":13,"key":"SkillPotion"}],"is_trial":false,"path_per_floor":["M","?","$","M","M","R","M","E","T","R","E","R","E","$","R","B"],"character_chosen":"IRONCLAD","items_purchased":["Wild Strike","Shrug It Off"],"campfire_rested":2,"item_purchase_floors":[3,14],"current_hp_per_floor":[73,73,73,75,75,75,70,48,48,48,14,36,17,17,42,0],"gold":100,"neow_bonus":"RANDOM_COMMON_RELIC","is_prod":false,"is_daily":false,"chose_seed":false,"campfire_upgraded":2,"win_rate":0,"timestamp":1548872225,"path_taken":["M","?","?","M","M","R","M","E","T","R","E","R","E","$","R","BOSS"],"build_version":"2019-01-23","purchased_purges":1,"victory":false,"max_hp_per_floor":[75,75,75,75,75,75,75,75,75,75,75,75,85,85,85,85],"card_choices":[{"not_picked":["Havoc","Twin Strike"],"picked":"Wild Strike","floor":1},{"not_picked":["Ghostly Armor","Havoc"],"picked":"Disarm","floor":4},{"not_picked":["Corruption","Pommel Strike","Wild Strike"],"picked":"SKIP","floor":5},{"not_picked":["Wild Strike","Anger"],"picked":"Whirlwind","floor":7},{"not_picked":["Bloodletting","Perfected Strike","Metallicize"],"picked":"SKIP","floor":8},{"not_picked":["Reckless Charge","Berserk","Dropkick"],"picked":"SKIP","floor":11},{"not_picked":["Inflame","Sword Boomerang","Twin Strike"],"picked":"SKIP","floor":13}],"player_experience":282485,"relics_obtained":[{"floor":8,"key":"Dodecahedron"},{"floor":9,"key":"Letter Opener"},{"floor":11,"key":"Blue Candle"},{"floor":13,"key":"Pear"}],"event_choices":[{"damage_healed":0,"gold_gain":0,"player_choice":"Upgraded","damage_taken":0,"max_hp_gain":0,"max_hp_loss":0,"event_name":"Upgrade Shrine","floor":2,"gold_loss":0,"cards_upgraded":["Bash"]}],"is_beta":false,"boss_relics":[],"items_purged_floors":[14],"is_endless":false,"potions_floor_spawned":[5,13],"killed_by":"Slime Boss","ascension_level":16}