{"path_per_floor":["M","?","M","M","?","R","M","R","T","M","M","$","M","T","R"],"character_chosen":"IRONCLAD","items_purchased":["Matryoshka","Bag of Marbles","Ancient Tea Set"],"gold_per_floor":[359,534,549,566,566,566,583,583,658,671,690,135,150,150,150,150],"floor_reached":16,"campfire_rested":1,"playtime":538,"current_hp_per_floor":[72,72,72,72,47,47,42,72,72,67,72,72,64,64,64,0],"items_purged":[],"gold":150,"score":141,"play_id":"505c0ea4-ebba-4e2c-8b4d-1b2d6889f0d7","local_time":"20180522025726","is_prod":false,"is_daily":false,"chose_seed":false,"is_ascension_mode":true,"campfire_upgraded":2,"timestamp":1526950646,"campfire_choices":[{"data":"Iron Wave","floor":6,"key":"SMITH"},{"floor":8,"key":"REST"},{"data":"Iron Wave","floor":15,"key":"SMITH"}],"path_taken":["M","?","M","M","?","R","M","R","T","M","M","$","M","?","R","BOSS"],"build_version":"2018-05-17","seed_source_timestamp":0,"purchased_purges":0,"victory":false,"master_deck":["Strike_R","Strike_R","Strike_R","Strike_R","Strike_R","Defend_R","Defend_R","Defend_R","Defend_R","Bash","AscendersBane","Doubt","Sword Boomerang","Iron Wave+1","Iron Wave+1","Carnage","Dropkick"],"max_hp_per_floor":[72,72,72,72,72,72,72,72,72,72,72,72,72,72,72,72],"relics":["Burning Blood","Regal Pillow","Meat on the Bone","Matryoshka","Bag of Marbles","Ancient Tea Set","Art of War","Boot"],"card_choices":[{"not_picked":["Clothesline","Fire Breathing","Warcry"],"picked":"SKIP","floor":1},{"not_picked":["Perfected Strike","True Grit"],"picked":"Sword Boomerang","floor":3},{"not_picked":["Armaments","Reckless Charge"],"picked":"Iron Wave","floor":4},{"not_picked":["Power Through","Twin Strike"],"picked":"Iron Wave","floor":7},{"not_picked":["Perfected Strike","Hemokinesis","Wild Strike"],"picked":"SKIP","floor":10},{"not_picked":["Sentinel","Sword Boomerang"],"picked":"Carnage","floor":11},{"not_picked":["Dual Wield","Sword Boomerang"],"picked":"Dropkick","floor":13}],"player_experience":172307,"potions_floor_usage":[7,16],"damage_taken":[{"damage":1,"enemies":"2 Louse","floor":1,"turns":2},{"damage":3,"enemies":"Small Slimes","floor":3,"turns":5},{"damage":4,"enemies":"Jaw Worm","floor":4,"turns":5},{"damage":11,"enemies":"Red Slaver","floor":7,"turns":5},{"damage":11,"enemies":"Looter","floor":10,"turns":3},{"damage":0,"enemies":"2 Fungi Beasts","floor":11,"turns":3},{"damage":14,"enemies":"3 Louse","floor":13,"turns":3},{"damage":66,"enemies":"The Guardian","floor":16,"turns":11}],"relics_obtained":[{"floor":9,"key":"Meat on the Bone"},{"floor":14,"key":"Art of War"},{"floor":14,"key":"Boot"}],"event_choices":[{"event_name":"Liars Game","player_choice":"agreed","floor":2,"damage_taken":0},{"event_name":"Scrap Ooze","player_choice":"success","floor":5,"damage_taken":25}],"boss_relics":[],"potions_floor_spawned":[4,11,13],"seed_played":"-6219340946616718331","killed_by":"The Guardian","ascension_level":10,"potions_obtained":[{"floor":4,"key":"Strength Potion"},{"floor":11,"key":"SpeedPotion"},{"floor":13,"key":"SteroidPotion"}],"is_trial":false}