{"gold_per_floor":[117,292,310,330,330,358,358,358,358,375,375,388,388,8,8,103,103,113,124,174,192,209,209,237,237,237,247,280,280,190,206,206,302,302,322,88,107,117,117,149,149,149,149,177,177,191,217,237,237,237],"floor_reached":51,"playtime":3984,"items_purged":["Doubt"],"score":813,"play_id":"bda64fde-79cb-4e74-976c-816815e31467","local_time":"20190121210801","is_ascension_mode":true,"campfire_choices":[{"floor":7,"key":"REST"},{"floor":11,"key":"REST"},{"data":"Caltrops","floor":13,"key":"SMITH"},{"data":"Infinite Blades","floor":15,"key":"SMITH"},{"data":"Storm of Steel","floor":23,"key":"SMITH"},{"floor":29,"key":"REST"},{"floor":32,"key":"REST"},{"floor":41,"key":"REST"},{"floor":45,"key":"REST"},{"floor":49,"key":"REST"}],"neow_cost":"NONE","seed_source_timestamp":644408493765734,"circlet_count":0,"master_deck":["Survivor","Neutralize+1","Blade Dance+1","Terror","Flying Knee","Caltrops+1","Bullet Time","Dagger Throw","Infinite Blades+1","Bouncing Flask","After Image","Leg Sweep+1","Backstab","Deadly Poison","Leg Sweep","Storm of Steel+1","Night Terror","Dagger Spray+1","Endless Agony","Leg Sweep","Cloak And Dagger","Terror","Eviscerate","Caltrops+1","Dash","Necronomicurse","Finisher+1","Bane+1","Infinite Blades","Tools of the Trade","Crippling Poison+1","Caltrops","The Bomb","Dash","Predator","PiercingWail+1","Adrenaline","Dagger Throw+1","Backstab","Choke+1"],"relics":["Snecko Eye","Tough Bandages","CultistMask","Thread and Needle","Sling","Pandora\u0027s Box","Oddly Smooth Stone","Necronomicon","Gremlin Horn","Bottled Lightning","Black Star","Bag of Marbles","Art of War","Strawberry","Mummified Hand","Orichalcum","Whetstone","Ninja Scroll"],"potions_floor_usage":[21,24,31,33,33,40,47],"damage_taken":[{"damage":14,"enemies":"2 Louse","floor":1,"turns":3},{"damage":5,"enemies":"Small Slimes","floor":3,"turns":5},{"damage":4,"enemies":"Cultist","floor":4,"turns":5},{"damage":31,"enemies":"3 Sentries","floor":6,"turns":11},{"damage":0,"enemies":"Gremlin Gang","floor":10,"turns":6},{"damage":7,"enemies":"3 Louse","floor":12,"turns":4},{"damage":43,"enemies":"The Guardian","floor":16,"turns":7},{"damage":0,"enemies":"Spheric Guardian","floor":18,"turns":4},{"damage":0,"enemies":"Chosen","floor":19,"turns":3},{"damage":6,"enemies":"Snake Plant","floor":21,"turns":3},{"damage":0,"enemies":"Centurion and Healer","floor":22,"turns":5},{"damage":4,"enemies":"Book of Stabbing","floor":24,"turns":3},{"damage":0,"enemies":"Snecko","floor":27,"turns":4},{"damage":25,"enemies":"Gremlin Leader","floor":28,"turns":5},{"damage":9,"enemies":"Snake Plant","floor":31,"turns":3},{"damage":22,"enemies":"Collector","floor":33,"turns":4},{"damage":28,"enemies":"3 Darklings","floor":35,"turns":6},{"damage":0,"enemies":"Orb Walker","floor":37,"turns":3},{"damage":11,"enemies":"Writhing Mass","floor":38,"turns":5},{"damage":1,"enemies":"Nemesis","floor":40,"turns":7},{"damage":35,"enemies":"Giant Head","floor":44,"turns":7},{"damage":0,"enemies":"Maw","floor":46,"turns":5},{"damage":29,"enemies":"Reptomancer","floor":47,"turns":4},{"damage":13,"enemies":"Transient","floor":48,"turns":5},{"damage":25,"enemies":"Donu and Deca","floor":50,"turns":8}],"seed_played":"3598008202735547260","potions_obtained":[{"floor":6,"key":"SteroidPotion"},{"floor":12,"key":"Swift Potion"},{"floor":16,"key":"AttackPotion"},{"floor":19,"key":"Dexterity Potion"},{"floor":27,"key":"Swift Potion"},{"floor":28,"key":"Energy Potion"},{"floor":33,"key":"Strength Potion"},{"floor":38,"key":"GamblersBrew"},{"floor":46,"key":"Swift Potion"},{"floor":47,"key":"Energy Potion"}],"is_trial":false,"path_per_floor":["M","?","M","M","?","E","R","?","T","M","R","M","R","$","R","B",null,"M","M","?","M","M","R","E","?","T","M","E","R","?","M","R","B",null,"M","$","M","M","?","E","R","?","T","E","R","M","E","M","R","B",null],"character_chosen":"THE_SILENT","items_purchased":["Infinite Blades","Sling","Bouncing Flask","Caltrops","The Bomb"],"campfire_rested":7,"item_purchase_floors":[14,14,14,36,36],"current_hp_per_floor":[56,56,51,47,47,16,37,37,37,37,58,51,51,51,51,8,70,70,70,70,64,64,64,60,44,44,44,19,40,40,31,52,30,70,42,42,42,31,49,48,69,69,76,41,64,64,35,22,45,20],"gold":237,"neow_bonus":"BOSS_RELIC","is_prod":false,"is_daily":false,"chose_seed":false,"campfire_upgraded":3,"win_rate":0,"timestamp":1548076081,"path_taken":["M","?","M","M","?","E","R","?","T","?","R","M","R","$","R","BOSS","M","?","?","M","?","R","E","?","T","M","E","R","?","?","R","BOSS","M","?","M","?","?","E","R","?","T","E","R","M","E","?","R","BOSS"],"build_version":"2019-01-17v2","purchased_purges":1,"victory":true,"max_hp_per_floor":[70,70,70,70,70,70,70,70,70,70,70,70,70,70,70,70,70,70,70,70,70,70,70,70,70,70,70,70,70,70,70,70,70,70,70,70,70,70,70,70,70,70,77,77,77,77,77,77,77,77],"card_choices":[{"not_picked":["Slice","Acrobatics"],"picked":"Blade Dance","floor":1},{"not_picked":["Infinite Blades","Prepared"],"picked":"Terror","floor":3},{"not_picked":["Deflect","Outmaneuver"],"picked":"Flying Knee","floor":4},{"not_picked":["Finisher","Underhanded Strike"],"picked":"Caltrops","floor":6},{"not_picked":["Bane","Dagger Spray"],"picked":"Bullet Time","floor":10},{"not_picked":["Dagger Spray","Cloak And Dagger"],"picked":"Dagger Throw","floor":12},{"not_picked":["Malaise","Doppelganger"],"picked":"After Image","floor":16},{"not_picked":["Outmaneuver","Flying Knee"],"picked":"Cloak And Dagger","floor":18},{"not_picked":["Acrobatics+1","Blade Dance"],"picked":"Terror","floor":19},{"not_picked":["Deflect+1","Well Laid Plans"],"picked":"Eviscerate","floor":21},{"not_picked":["Dodge and Roll","Flying Knee"],"picked":"Caltrops+1","floor":22},{"not_picked":["Slice","Finisher"],"picked":"Dash","floor":24},{"not_picked":["Outmaneuver+1","Deadly Poison"],"picked":"Finisher+1","floor":27},{"not_picked":["Die Die Die","Sucker Punch+1"],"picked":"Bane+1","floor":28},{"not_picked":["Sucker Punch","Tactician"],"picked":"Infinite Blades","floor":31},{"not_picked":["Adrenaline","Malaise"],"picked":"Tools of the Trade","floor":33},{"not_picked":["Skewer+1","Blade Dance"],"picked":"Crippling Poison+1","floor":35},{"not_picked":["Bane","Blur"],"picked":"Dash","floor":37},{"not_picked":["Flying Knee+1","Poisoned Stab"],"picked":"Predator","floor":38},{"not_picked":["Underhanded Strike","Catalyst"],"picked":"PiercingWail+1","floor":40},{"not_picked":["Escape Plan+1","Blade Dance"],"picked":"Adrenaline","floor":44},{"not_picked":["Cloak And Dagger+1","Quick Slash"],"picked":"Dagger Throw+1","floor":46},{"not_picked":["Escape Plan+1","Slice+1"],"picked":"Backstab","floor":47},{"not_picked":["Blur","Blade Dance"],"picked":"Choke+1","floor":48}],"player_experience":59482,"relics_obtained":[{"floor":6,"key":"Tough Bandages"},{"floor":9,"key":"Thread and Needle"},{"floor":24,"key":"Oddly Smooth Stone"},{"floor":25,"key":"Necronomicon"},{"floor":26,"key":"Gremlin Horn"},{"floor":28,"key":"Bottled Lightning"},{"floor":40,"key":"Bag of Marbles"},{"floor":40,"key":"Art of War"},{"floor":43,"key":"Strawberry"},{"floor":44,"key":"Mummified Hand"},{"floor":44,"key":"Orichalcum"},{"floor":47,"key":"Whetstone"},{"floor":47,"key":"Ninja Scroll"}],"event_choices":[{"damage_healed":0,"gold_gain":175,"player_choice":"AGREE","damage_taken":0,"max_hp_gain":0,"max_hp_loss":0,"event_name":"Liars Game","floor":2,"gold_loss":0,"cards_obtained":["Doubt"]},{"damage_healed":0,"gold_gain":0,"player_choice":"Grow","damage_taken":0,"max_hp_gain":0,"max_hp_loss":0,"event_name":"Living Wall","floor":5,"gold_loss":0,"cards_upgraded":["Blade Dance"]},{"damage_healed":0,"gold_gain":0,"player_choice":"Trade","damage_taken":0,"relics_obtained":["CultistMask"],"max_hp_gain":0,"max_hp_loss":0,"event_name":"FaceTrader","floor":8,"gold_loss":0},{"damage_healed":0,"gold_gain":100,"player_choice":"Bet on Murderer","damage_taken":0,"max_hp_gain":0,"max_hp_loss":0,"event_name":"The Joust","floor":20,"gold_loss":50},{"damage_healed":0,"gold_gain":0,"player_choice":"Obtained Book","damage_taken":16,"max_hp_gain":0,"max_hp_loss":0,"event_name":"Cursed Tome","floor":25,"gold_loss":0},{"cards_removed":["Acrobatics"],"damage_healed":0,"gold_gain":0,"player_choice":"Upgrade and Remove","damage_taken":0,"max_hp_gain":0,"max_hp_loss":0,"event_name":"Designer","floor":30,"gold_loss":90,"cards_upgraded":["Leg Sweep"]},{"damage_healed":18,"gold_gain":0,"player_choice":"Writhe","damage_taken":0,"max_hp_gain":0,"max_hp_loss":0,"event_name":"Winding Halls","floor":39,"gold_loss":0,"cards_obtained":["Writhe"]},{"cards_removed":["Writhe"],"damage_healed":0,"gold_gain":0,"player_choice":"Purged","damage_taken":0,"max_hp_gain":0,"max_hp_loss":0,"event_name":"Purifier","floor":42,"gold_loss":0}],"is_beta":false,"boss_relics":[{"not_picked":["Eternal Feather","Velvet Choker"],"picked":"Pandora\u0027s Box"},{"not_picked":["Sozu","Empty Cage"],"picked":"Black Star"}],"items_purged_floors":[14],"is_endless":false,"potions_floor_spawned":[6,12,16,19,27,28,33,38,46,47],"ascension_level":1}