{"gold_per_floor":[12,27,27,27,27,58,123,152,152,187,187,201,251,279,279,383,433,358,229,243,72,85,85,135,135],"floor_reached":25,"playtime":1262,"items_purged":["Strike_R","Bash"],"score":277,"play_id":"ea944aed-0800-439f-be2e-8c04c434ff8b","local_time":"20181225125608","is_ascension_mode":true,"campfire_choices":[{"floor":11,"key":"REST"},{"data":"Demon Form","floor":15,"key":"SMITH"},{"data":"Limit Break","floor":23,"key":"SMITH"}],"neow_cost":"NO_GOLD","seed_source_timestamp":370748780646,"circlet_count":0,"master_deck":["Strike_R","Strike_R","Strike_R","Strike_R+1","Defend_R","Defend_R+1","Defend_R","Defend_R+1","Demon Form+1","Armaments","Ghostly Armor","Iron Wave","Iron Wave","Sword Boomerang","Limit Break+1","Shrug It Off","Shrug It Off","Reaper","Body Slam","Armaments","Metallicize","Disarm"],"relics":["Burning Blood","Strawberry","Paper Frog","Juzu Bracelet","War Paint","Bottled Tornado","FossilizedHelix","Tiny House","Nloth\u0027s Gift"],"potions_floor_usage":[16,25,25],"damage_taken":[{"damage":7,"enemies":"Small Slimes","floor":1,"turns":4},{"damage":10,"enemies":"Cultist","floor":2,"turns":5},{"damage":28,"enemies":"Lagavulin","floor":6,"turns":7},{"damage":2,"enemies":"2 Louse","floor":7,"turns":4},{"damage":45,"enemies":"3 Sentries","floor":8,"turns":14},{"damage":21,"enemies":"Gremlin Nob","floor":10,"turns":5},{"damage":11,"enemies":"Red Slaver","floor":12,"turns":4},{"damage":0,"enemies":"Lagavulin","floor":14,"turns":6},{"damage":4,"enemies":"Hexaghost","floor":16,"turns":7},{"damage":19,"enemies":"2 Thieves","floor":18,"turns":5},{"damage":14,"enemies":"Shell Parasite","floor":20,"turns":12},{"damage":56,"enemies":"Snake Plant","floor":22,"turns":8},{"damage":81,"enemies":"Gremlin Leader","floor":25,"turns":7}],"seed_played":"7568375455259755190","potions_obtained":[{"floor":8,"key":"SpeedPotion"},{"floor":12,"key":"Regen Potion"},{"floor":14,"key":"Ancient Potion"},{"floor":17,"key":"BloodPotion"}],"is_trial":false,"path_per_floor":["M","M","?","$","?","E","M","E","T","E","R","M","?","E","R","B",null,"M","$","M","$","M","R","?","E"],"character_chosen":"IRONCLAD","items_purchased":["Armaments","Metallicize"],"campfire_rested":1,"item_purchase_floors":[19,21],"current_hp_per_floor":[79,75,82,82,82,60,64,25,25,10,36,31,31,37,37,48,92,79,79,87,87,49,49,49,0],"gold":135,"neow_bonus":"THREE_RARE_CARDS","is_prod":false,"is_daily":false,"chose_seed":false,"campfire_upgraded":2,"win_rate":0,"timestamp":1545735368,"path_taken":["M","M","?","$","?","E","?","E","T","E","R","M","?","E","R","BOSS","M","$","M","$","M","R","?","E"],"build_version":"2018-12-20","purchased_purges":2,"victory":false,"max_hp_per_floor":[80,80,87,87,87,87,87,87,87,87,87,87,87,87,87,87,92,92,92,92,92,92,92,92,92],"card_choices":[{"not_picked":["Limit Break","Juggernaut"],"picked":"Demon Form","floor":0},{"not_picked":["Cleave","Inflame"],"picked":"Armaments","floor":1},{"not_picked":["Anger","Perfected Strike"],"picked":"Ghostly Armor","floor":2},{"not_picked":["Inflame","Blood for Blood"],"picked":"Iron Wave","floor":6},{"not_picked":["Headbutt","Rampage"],"picked":"Iron Wave","floor":7},{"not_picked":["Dropkick","Shockwave"],"picked":"Sword Boomerang","floor":8},{"not_picked":["Iron Wave","True Grit"],"picked":"Limit Break","floor":10},{"not_picked":["Battle Trance","Twin Strike"],"picked":"Shrug It Off","floor":12},{"not_picked":["Sword Boomerang","Burning Pact"],"picked":"Shrug It Off","floor":14},{"not_picked":["Fiend Fire","Bludgeon"],"picked":"Reaper","floor":16},{"not_picked":["Hemokinesis","Heavy Blade"],"picked":"Body Slam","floor":17},{"not_picked":["Sword Boomerang","Entrench","Power Through"],"picked":"SKIP","floor":18},{"not_picked":["Shockwave","Clash","Twin Strike+1"],"picked":"SKIP","floor":20},{"not_picked":["Evolve","Blood for Blood+1"],"picked":"Disarm","floor":22}],"player_experience":61743,"relics_obtained":[{"floor":6,"key":"Paper Frog"},{"floor":8,"key":"Juzu Bracelet"},{"floor":9,"key":"War Paint"},{"floor":10,"key":"Bottled Tornado"},{"floor":14,"key":"FossilizedHelix"}],"event_choices":[{"damage_healed":0,"gold_gain":0,"player_choice":"Box","damage_taken":0,"relics_obtained":["Strawberry"],"max_hp_gain":0,"max_hp_loss":0,"event_name":"Big Fish","floor":3,"gold_loss":0,"cards_obtained":["Regret"]},{"damage_healed":0,"gold_gain":0,"player_choice":"Trade","damage_taken":0,"relics_obtained":["SsserpentHead"],"max_hp_gain":0,"max_hp_loss":0,"event_name":"FaceTrader","floor":5,"gold_loss":0},{"cards_removed":["Regret"],"damage_healed":0,"gold_gain":0,"player_choice":"Forget","damage_taken":0,"max_hp_gain":0,"max_hp_loss":0,"event_name":"Living Wall","floor":13,"gold_loss":0},{"damage_healed":0,"gold_gain":0,"player_choice":"Traded Relic","damage_taken":0,"relics_obtained":["Nloth\u0027s Gift"],"max_hp_gain":0,"max_hp_loss":0,"event_name":"N\u0027loth","floor":24,"relics_lost":["SsserpentHead"],"gold_loss":0}],"is_beta":false,"boss_relics":[{"not_picked":["Busted Crown","Orrery"],"picked":"Tiny House"}],"items_purged_floors":[19,21],"is_endless":false,"potions_floor_spawned":[8,12,14,22],"killed_by":"Gremlin Leader","ascension_level":2}