{"path_per_floor":["M","M","M","M","M","E","M","R","T","?","?","M","R","M","R","B",null,"M","M","$","M"],"character_chosen":"THE_SILENT","items_purchased":["Sucker Punch","Panacea","Toxic Egg","Regen Potion"],"gold_per_floor":[117,137,148,166,176,203,215,215,215,180,355,371,371,386,386,481,481,499,509,181,201],"floor_reached":22,"campfire_rested":1,"playtime":2540,"current_hp_per_floor":[63,63,60,48,43,25,16,37,37,54,54,51,51,51,51,33,70,50,29,29,4],"items_purged":[],"gold":201,"play_id":"3e373ab7-e005-4bae-8f44-b3612207d0fe","is_prod":false,"is_daily":false,"campfire_rituals":0,"campfire_upgraded":2,"is_hardmode":false,"path_taken":["M","?","M","?","M","E","M","R","T","?","?","?","R","?","R","BOSS","M","M","$","M","M"],"build_version":"2018-01-11-PROD1","purchased_purges":0,"victory":false,"master_deck":["Defend_G","Defend_G","Defend_G","Defend_G","Defend_G","Strike_G","Strike_G","Strike_G","Strike_G","Survivor","Neutralize","Cloak And Dagger","Dagger Spray","Flying Knee","Heel Hook","Noxious Fumes","Well Laid Plans","Phantasmal Killer","PiercingWail","Dagger Spray","Doubt","Terror","Bouncing Flask","Adrenaline","Normality","Writhe","Clumsy","Cloak And Dagger","Backflip","Sucker Punch","Panacea","Footwork"],"max_hp_per_floor":[70,70,70,70,70,70,70,70,70,70,70,70,70,70,70,70,70,70,70,70,70],"relics":["Ring of the Snake","Prayer Wheel","Bird Faced Urn","Calling Bell","Blood Vial","War Paint","Ancient Tea Set","Toxic Egg"],"campfire_meditates":0,"card_choices":[{"not_picked":["Blade Dance","Bane"],"picked":"Dagger Spray"},{"not_picked":["Bane","Heel Hook"],"picked":"Flying Knee"},{"not_picked":["Burst","Malaise"],"picked":"Heel Hook"},{"not_picked":["Distraction","Footwork"],"picked":"Noxious Fumes"},{"not_picked":["Dodge and Roll","Bane"],"picked":"Well Laid Plans"},{"not_picked":["Endless Agony","Dodge and Roll"],"picked":"Phantasmal Killer"},{"not_picked":["Finisher","Slice"],"picked":"PiercingWail"},{"not_picked":["Outmaneuver","Backflip"],"picked":"Dagger Spray"},{"not_picked":["Deadly Poison","Poisoned Stab"],"picked":"Terror"},{"not_picked":["Underhanded Strike","Masterful Stab"],"picked":"Bouncing Flask"},{"not_picked":["Doppelganger","After Image"],"picked":"Adrenaline"},{"not_picked":["Acrobatics","Underhanded Strike"],"picked":"Cloak And Dagger"},{"not_picked":["Choke","Bane"],"picked":"Backflip"},{"not_picked":["Burst","Dagger Spray"],"picked":"Footwork"}],"player_experience":117182,"potions_floor_usage":[16,16,19,21,22,22],"damage_taken":[{"damage":7,"enemies":"Blue Slaver","floor":1,"turns":6},{"damage":0,"enemies":"Small Slimes","floor":2,"turns":3},{"damage":3,"enemies":"Jaw Worm","floor":3,"turns":4},{"damage":12,"enemies":"Lots of Slimes","floor":4,"turns":4},{"damage":5,"enemies":"3 Louse","floor":5,"turns":3},{"damage":18,"enemies":"Gremlin Nob","floor":6,"turns":4},{"damage":9,"enemies":"2 Fungi Beasts","floor":7,"turns":4},{"damage":7,"enemies":"Exordium Thugs","floor":12,"turns":5},{"damage":0,"enemies":"Lots of Slimes","floor":14,"turns":1},{"damage":22,"enemies":"The Guardian","floor":16,"turns":8},{"damage":24,"enemies":"Shell Parasite","floor":18,"turns":5},{"damage":27,"enemies":"2 Thieves","floor":19,"turns":4},{"damage":46,"enemies":"Centurion and Healer","floor":21,"turns":8},{"damage":10,"enemies":"Sentry and Sphere","floor":22,"turns":2}],"event_choices":[{"event_name":"The Cleric","player_choice":"Healed","floor":10,"damage_taken":0},{"event_name":"Liars Game","player_choice":"agreed","floor":11,"damage_taken":0}],"boss_relics":[{"not_picked":["Runic Pyramid","Velvet Choker"],"picked":"Calling Bell"}],"potions_floor_spawned":[3,5,6,14,18,21],"seed_played":"3325416426297017681","killed_by":"Sentry and Sphere","is_trial":false}