{"path_per_floor":["M","?","?","?","M","R","M","R","T","M","$","M","E","M","R","B",null,"M","M"],"character_chosen":"IRONCLAD","items_purchased":["Double Tap"],"gold_per_floor":[119,294,294,369,388,388,408,408,408,426,198,213,247,264,264,360,390,407,381,381],"floor_reached":20,"campfire_rested":2,"playtime":8741,"current_hp_per_floor":[70,70,37,26,26,50,47,71,71,62,62,60,47,38,38,24,71,59,20,0],"items_purged":["Doubt"],"gold":381,"score":264,"play_id":"9236aad7-dff3-412a-89c2-8f272943b4a1","local_time":"20180521043356","is_prod":false,"is_daily":false,"chose_seed":false,"is_ascension_mode":true,"campfire_upgraded":1,"timestamp":1526870036,"campfire_choices":[{"floor":6.0,"key":"REST"},{"floor":8.0,"key":"REST"},{"data":"Barricade","floor":15.0,"key":"SMITH"}],"path_taken":["M","?","?","?","M","R","?","R","T","M","$","M","E","M","R","BOSS","M","M","M"],"build_version":"2018-05-17","seed_source_timestamp":0,"purchased_purges":1,"victory":false,"master_deck":["Strike_R","Strike_R","Strike_R","Strike_R+1","Strike_R","Defend_R","Defend_R","Defend_R","Defend_R","Bash","AscendersBane","Double Tap+1","Carnage","Barricade+1","Entrench+1","Feed","Shrug It Off+1"],"max_hp_per_floor":[80,80,80,80,80,80,80,80,80,80,80,80,80,80,80,80,85,85,88,91],"relics":["Velvet Choker","Bag of Preparation","Toxic Egg 2","Potion Belt","Tiny House"],"card_choices":[{"not_picked":["Heavy Blade","Spot Weakness","True Grit"],"picked":"SKIP","floor":1.0},{"not_picked":["True Grit","Pommel Strike","Inflame"],"picked":"SKIP","floor":5.0},{"not_picked":["Flex","Seeing Red","Fire Breathing"],"picked":"SKIP","floor":7.0},{"not_picked":["Sword Boomerang","Twin Strike","Heavy Blade"],"picked":"SKIP","floor":10.0},{"not_picked":["Clash","Cleave"],"picked":"Carnage","floor":12.0},{"not_picked":["Battle Trance+1","Blood for Blood"],"picked":"Barricade","floor":13.0},{"not_picked":["Hemokinesis","Clash"],"picked":"Entrench+1","floor":14.0},{"not_picked":["Juggernaut","Exhume+1"],"picked":"Feed","floor":16.0},{"not_picked":["Warcry+1","Thunderclap"],"picked":"Shrug It Off+1","floor":17},{"not_picked":["Wild Strike","Headbutt+1","Havoc+1"],"picked":"SKIP","floor":18},{"not_picked":["Clash","Headbutt+1","Power Through+1"],"picked":"SKIP","floor":19}],"player_experience":144371,"potions_floor_usage":[20],"damage_taken":[{"damage":2.0,"enemies":"Jaw Worm","floor":1.0,"turns":4.0},{"damage":0.0,"enemies":"Small Slimes","floor":5.0,"turns":3.0},{"damage":3.0,"enemies":"2 Louse","floor":7.0,"turns":3.0},{"damage":9.0,"enemies":"Blue Slaver","floor":10.0,"turns":5.0},{"damage":2.0,"enemies":"Exordium Thugs","floor":12.0,"turns":4.0},{"damage":13.0,"enemies":"3 Sentries","floor":13.0,"turns":6.0},{"damage":9.0,"enemies":"3 Louse","floor":14.0,"turns":3.0},{"damage":14.0,"enemies":"Hexaghost","floor":16.0,"turns":14.0},{"damage":12,"enemies":"Chosen","floor":18,"turns":5},{"damage":42,"enemies":"2 Thieves","floor":19,"turns":5},{"damage":25,"enemies":"3 Cultists","floor":20,"turns":4}],"relics_obtained":[{"floor":9.0,"key":"Toxic Egg 2"},{"floor":13.0,"key":"Potion Belt"}],"event_choices":[{"event_name":"Liars Game","player_choice":"agreed","floor":2.0,"damage_taken":0.0},{"event_name":"Scrap Ooze","player_choice":"success","floor":3.0,"damage_taken":33.0},{"event_name":"World of Goop","player_choice":"Gather Gold","floor":4.0,"damage_taken":0.0}],"boss_relics":[{"not_picked":["Runic Dome","Black Star"],"picked":"Tiny House"}],"potions_floor_spawned":[7,10,16],"seed_played":"-8299542629136403891","killed_by":"3 Cultists","ascension_level":10,"potions_obtained":[{"floor":7.0,"key":"Energy Potion"},{"floor":10.0,"key":"SpeedPotion"},{"floor":16.0,"key":"Poison Potion"},{"floor":17,"key":"SteroidPotion"}],"is_trial":false}