{"gold_per_floor":[117,117,117,129,146,172,191,35,62,37,50,62,62,95,95,196,196,214,30,48,48,48,65,83,43,69,83,103,116,126,33,33,33],"floor_reached":33,"playtime":1671,"items_purged":["Regret"],"score":263,"play_id":"83fd5c5b-2fc3-4111-b48c-10107350f692","local_time":"20190103102932","is_ascension_mode":false,"campfire_choices":[{"floor":15,"key":"REST"},{"floor":32,"key":"REST"}],"neow_cost":"NONE","seed_source_timestamp":133801285983024,"circlet_count":0,"master_deck":["Strike_B","Strike_B","Strike_B+1","Strike_B+1","Defend_B","Defend_B+1","Defend_B","Defend_B","Zap","Dualcast","Sunder","Self Repair","Conserve Battery","Consume","Ball Lightning","Creative AI","Ball Lightning","Hologram","Meteor Strike","Undo","Electrodynamics+1","White Noise","Apotheosis","Cold Snap","Beam Cell","Turbo+1","Genetic Algorithm+1","Beam Cell+1","Tempest","Capacitor","Chill","Rebound"],"relics":["Cracked Core","Oddly Smooth Stone","Blood Vial","Question Card","Boot","Pocketwatch","Busted Crown","MutagenicStrength","Whetstone"],"potions_floor_usage":[16,24,27,33,33],"damage_taken":[{"damage":0,"enemies":"Small Slimes","floor":1,"turns":2},{"damage":2,"enemies":"Cultist","floor":4,"turns":3},{"damage":0,"enemies":"2 Louse","floor":5,"turns":2},{"damage":27,"enemies":"3 Sentries","floor":6,"turns":5},{"damage":5,"enemies":"Looter","floor":7,"turns":4},{"damage":12,"enemies":"Blue Slaver","floor":11,"turns":3},{"damage":0,"enemies":"2 Fungi Beasts","floor":12,"turns":2},{"damage":43,"enemies":"Gremlin Nob","floor":14,"turns":5},{"damage":33,"enemies":"Slime Boss","floor":16,"turns":8},{"damage":5,"enemies":"3 Byrds","floor":18,"turns":3},{"damage":23,"enemies":"2 Thieves","floor":20,"turns":3},{"damage":15,"enemies":"Sentry and Sphere","floor":23,"turns":4},{"damage":15,"enemies":"Snake Plant","floor":24,"turns":3},{"damage":2,"enemies":"Centurion and Healer","floor":27,"turns":5},{"damage":0,"enemies":"3 Cultists","floor":28,"turns":3},{"damage":27,"enemies":"Shelled Parasite and Fungi","floor":29,"turns":4},{"damage":15,"enemies":"Snake Plant","floor":30,"turns":3},{"damage":64,"enemies":"Champ","floor":33,"turns":7}],"seed_played":"3969464645142159204","potions_obtained":[{"floor":1,"key":"FearPotion"},{"floor":4,"key":"PowerPotion"},{"floor":6,"key":"Ancient Potion"},{"floor":7,"key":"Explosive Potion"},{"floor":20,"key":"SteroidPotion"},{"floor":24,"key":"Regen Potion"},{"floor":29,"key":"Block Potion"}],"is_trial":false,"path_per_floor":["M","?","?","M","M","E","M","$","T","$","M","M","$","E","R","B",null,"M","$","M","?","?","M","M","?","T","M","M","M","M","$","R","B"],"character_chosen":"DEFECT","items_purchased":["Creative AI","Ball Lightning","Apotheosis","Chill","Rebound"],"campfire_rested":2,"item_purchase_floors":[8,10,19,31,31],"current_hp_per_floor":[82,75,75,75,77,59,63,63,63,63,60,62,62,28,52,28,82,82,82,69,69,53,47,34,34,34,56,58,40,27,27,53,0],"gold":33,"neow_bonus":"TEN_PERCENT_HP_BONUS","is_prod":false,"is_daily":false,"chose_seed":false,"campfire_upgraded":0,"win_rate":0.0,"timestamp":1546540172,"path_taken":["M","?","?","M","M","E","M","$","T","$","M","M","$","E","R","BOSS","M","$","M","?","?","M","M","?","T","M","?","M","M","?","R","BOSS"],"build_version":"2018-12-20","purchased_purges":1,"victory":false,"max_hp_per_floor":[82,82,82,82,82,82,82,82,82,82,82,82,82,82,82,82,82,82,82,82,82,87,87,87,87,87,87,87,87,87,87,87,87],"card_choices":[{"not_picked":["Force Field","Heatsinks"],"picked":"Sunder","floor":1},{"not_picked":["Barrage","Steam Power"],"picked":"Self Repair","floor":4},{"not_picked":["Fusion","Sweeping Beam"],"picked":"Conserve Battery","floor":5},{"not_picked":["Gash","Cold Snap"],"picked":"Consume","floor":6},{"not_picked":["Leap","Tempest","Loop"],"picked":"Ball Lightning","floor":7},{"not_picked":["Sweeping Beam","Redo","Coolheaded"],"picked":"Hologram","floor":11},{"not_picked":["Go for the Eyes","Recycle","Barrage"],"picked":"Meteor Strike","floor":12},{"not_picked":["Go for the Eyes","Gash","Barrage"],"picked":"Undo","floor":14},{"not_picked":["Fission","Thunder Strike","Core Surge"],"picked":"Electrodynamics","floor":16},{"not_picked":["Hologram"],"picked":"White Noise","floor":18},{"not_picked":["Gash"],"picked":"Cold Snap","floor":20},{"not_picked":["Cold Snap"],"picked":"Beam Cell","floor":23},{"not_picked":["Gash"],"picked":"Turbo+1","floor":24},{"not_picked":["Compile Driver"],"picked":"Genetic Algorithm+1","floor":27},{"not_picked":["Creative AI"],"picked":"Beam Cell+1","floor":28},{"not_picked":["Conserve Battery"],"picked":"Tempest","floor":29},{"not_picked":["Barrage"],"picked":"Capacitor","floor":30}],"player_experience":40065,"relics_obtained":[{"floor":6,"key":"Question Card"},{"floor":9,"key":"Boot"},{"floor":14,"key":"Pocketwatch"},{"floor":26,"key":"Whetstone"}],"event_choices":[{"damage_healed":0,"gold_gain":0,"player_choice":"Success","damage_taken":7,"relics_obtained":["Oddly Smooth Stone"],"max_hp_gain":0,"max_hp_loss":0,"event_name":"Scrap Ooze","floor":2,"gold_loss":0},{"damage_healed":0,"gold_gain":0,"player_choice":"Box","damage_taken":0,"relics_obtained":["Blood Vial"],"max_hp_gain":0,"max_hp_loss":0,"event_name":"Big Fish","floor":3,"gold_loss":0,"cards_obtained":["Regret"]},{"damage_healed":0,"gold_gain":0,"player_choice":"Inject Mutagens","damage_taken":0,"relics_obtained":["MutagenicStrength"],"max_hp_gain":0,"max_hp_loss":0,"event_name":"Drug Dealer","floor":21,"gold_loss":0},{"damage_healed":0,"gold_gain":0,"player_choice":"Shed Blood","damage_taken":21,"max_hp_gain":5,"max_hp_loss":0,"event_name":"Forgotten Altar","floor":22,"gold_loss":0},{"damage_healed":0,"gold_gain":0,"player_choice":"Upgraded Two","damage_taken":0,"max_hp_gain":0,"max_hp_loss":0,"event_name":"Designer","floor":25,"gold_loss":40,"cards_upgraded":["Defend_B","Electrodynamics"]}],"is_beta":false,"boss_relics":[{"not_picked":["Inserter","Runic Pyramid"],"picked":"Busted Crown"}],"items_purged_floors":[8],"is_endless":false,"potions_floor_spawned":[1,4,6,7,20,24,29],"killed_by":"Champ","ascension_level":0}