{"gold_per_floor":[114,129,49,64,64,94,94,124,199,214,229,244,259,274,274,374,374,389,404,429,464,479,479,494,509,559,469,484,499,514,514,514,614,614,629,644,689,689,689,719,719,124,124,439,454,469,484,499,499,499],"floor_reached":51,"playtime":3525,"items_purged":["Enlightenment"],"score":780,"play_id":"39edf15c-0ea7-444d-90f9-60454de8b83c","local_time":"20190114021921","daily_mods":["Allstar","Vintage","Terminal"],"is_ascension_mode":false,"campfire_choices":[{"data":"Redo","floor":7,"key":"SMITH"},{"data":"Jack Of All Trades","floor":15,"key":"SMITH"},{"data":"Redo","floor":23,"key":"SMITH"},{"data":"Seek","floor":32,"key":"SMITH"},{"data":"Zap","floor":41,"key":"SMITH"},{"data":"Redo","floor":49,"key":"SMITH"}],"neow_cost":"","seed_source_timestamp":0,"circlet_count":0,"master_deck":["Strike_B+1","Strike_B+1","Defend_B+1","Defend_B+1","Defend_B+1","Zap+1","Dualcast","Dramatic Entrance+1","Blind+1","Jack Of All Trades+1","Dramatic Entrance","Streamline+1","Leap+1","Steam","Redo+1","Redo+1","Seek+1","All For One","Redo+1","Loop+1","Trip"],"special_seed":17909,"relics":["Cracked Core","Bronze Scales","Anchor","Symbiotic Virus","Ornamental Fan","Omamori","Sundial","Matryoshka","War Paint","Vajra","Mango","Dodecahedron","Nuclear Battery","Whetstone","Oddly Smooth Stone","Frozen Egg 2","Blood Vial","Ancient Tea Set","Pen Nib","Calipers","Gremlin Horn","Bottled Lightning","Juzu Bracelet","Strawberry","Lantern","Singing Bowl","Lizard Tail","Shovel","Regal Pillow","Tiny Chest","Pear","Runic Capacitor","Bag of Marbles","Bottled Tornado","Old Coin","Centennial Puzzle","Orichalcum","Bag of Preparation","Smiling Mask"],"potions_floor_usage":[28,40,50],"damage_taken":[{"damage":0,"enemies":"Small Slimes","floor":1,"turns":2},{"damage":0,"enemies":"Cultist","floor":2,"turns":2},{"damage":0,"enemies":"2 Louse","floor":4,"turns":1},{"damage":0,"enemies":"3 Sentries","floor":6,"turns":5},{"damage":3,"enemies":"Lagavulin","floor":8,"turns":5},{"damage":0,"enemies":"Gremlin Gang","floor":10,"turns":2},{"damage":0,"enemies":"2 Fungi Beasts","floor":11,"turns":2},{"damage":0,"enemies":"Blue Slaver","floor":12,"turns":2},{"damage":0,"enemies":"Exordium Thugs","floor":13,"turns":3},{"damage":0,"enemies":"Looter","floor":14,"turns":2},{"damage":1,"enemies":"Slime Boss","floor":16,"turns":5},{"damage":0,"enemies":"2 Thieves","floor":18,"turns":3},{"damage":0,"enemies":"3 Byrds","floor":19,"turns":2},{"damage":3,"enemies":"Snake Plant","floor":21,"turns":3},{"damage":9,"enemies":"Cultist and Chosen","floor":22,"turns":6},{"damage":0,"enemies":"Shelled Parasite and Fungi","floor":24,"turns":4},{"damage":0,"enemies":"Centurion and Healer","floor":25,"turns":5},{"damage":4,"enemies":"Cultist and Chosen","floor":28,"turns":7},{"damage":1,"enemies":"Snake Plant","floor":29,"turns":4},{"damage":3,"enemies":"3 Cultists","floor":30,"turns":4},{"damage":15,"enemies":"Champ","floor":33,"turns":10},{"damage":0,"enemies":"3 Shapes","floor":35,"turns":2},{"damage":0,"enemies":"3 Darklings","floor":36,"turns":3},{"damage":0,"enemies":"4 Shapes","floor":37,"turns":3},{"damage":24,"enemies":"Giant Head","floor":40,"turns":10},{"damage":0,"enemies":"Sphere and 2 Shapes","floor":44,"turns":3},{"damage":0,"enemies":"3 Darklings","floor":45,"turns":4},{"damage":0,"enemies":"Maw","floor":46,"turns":6},{"damage":5,"enemies":"Jaw Worm Horde","floor":47,"turns":2},{"damage":0,"enemies":"Transient","floor":48,"turns":5},{"damage":12,"enemies":"Awakened One","floor":50,"turns":9}],"seed_played":"-9145318416937267474","potions_obtained":[{"floor":2,"key":"Poison Potion"},{"floor":4,"key":"Energy Potion"},{"floor":10,"key":"Weak Potion"},{"floor":13,"key":"Energy Potion"},{"floor":14,"key":"Block Potion"},{"floor":28,"key":"Block Potion"},{"floor":29,"key":"EssenceOfSteel"},{"floor":45,"key":"Block Potion"}],"is_trial":false,"path_per_floor":["M","M","$","M","?","E","R","E","T","M","M","M","M","M","R","B",null,"M","M","T","M","M","R","M","M","T","?","M","M","M","?","R","B",null,"M","M","M","?","?","E","R","$","T","M","M","M","M","M","R","B",null],"character_chosen":"DEFECT","items_purchased":["Streamline","Leap","Loop+1","Runic Capacitor","Bag of Marbles","Trip"],"campfire_rested":0,"item_purchase_floors":[3,3,42,42,42,42],"current_hp_per_floor":[73,72,71,70,69,68,67,64,64,64,63,62,75,74,73,72,71,70,69,68,65,58,58,60,62,62,61,64,65,63,63,63,48,61,60,59,58,57,56,42,42,42,42,44,46,48,45,47,47,37],"gold":499,"neow_bonus":"","is_prod":false,"is_daily":true,"chose_seed":false,"campfire_upgraded":6,"win_rate":0,"timestamp":1547425161,"path_taken":["M","M","$","M","?","E","R","E","T","M","M","M","M","M","R","BOSS","M","M","?","M","M","R","M","M","T","?","M","M","M","?","R","BOSS","M","M","M","?","?","E","R","$","T","M","M","M","M","M","R","BOSS"],"build_version":"2019-01-10","purchased_purges":1,"victory":true,"max_hp_per_floor":[73,72,71,70,69,68,67,66,65,64,63,62,75,74,73,72,71,70,69,68,67,66,65,64,63,62,61,67,66,65,64,63,62,61,60,59,58,57,56,65,64,63,62,61,60,59,58,57,56,55],"card_choices":[{"not_picked":["Turbo","Storm"],"picked":"Redo","floor":6},{"not_picked":["BootSequence","Sunder"],"picked":"Redo","floor":8},{"not_picked":["Reboot","Biased Cognition"],"picked":"Seek","floor":16},{"not_picked":["Rainbow","Electrodynamics+1"],"picked":"All For One","floor":33},{"not_picked":["Blizzard+1","Sweeping Beam"],"picked":"Redo","floor":40}],"player_experience":108134,"relics_obtained":[{"floor":1,"key":"Bronze Scales"},{"floor":2,"key":"Anchor"},{"floor":4,"key":"Symbiotic Virus"},{"floor":6,"key":"Ornamental Fan"},{"floor":8,"key":"Omamori"},{"floor":9,"key":"Sundial"},{"floor":10,"key":"Matryoshka"},{"floor":11,"key":"War Paint"},{"floor":12,"key":"Vajra"},{"floor":13,"key":"Mango"},{"floor":14,"key":"Dodecahedron"},{"floor":18,"key":"Whetstone"},{"floor":19,"key":"Oddly Smooth Stone"},{"floor":20,"key":"Frozen Egg 2"},{"floor":20,"key":"Blood Vial"},{"floor":21,"key":"Ancient Tea Set"},{"floor":22,"key":"Pen Nib"},{"floor":24,"key":"Calipers"},{"floor":25,"key":"Gremlin Horn"},{"floor":26,"key":"Bottled Lightning"},{"floor":26,"key":"Juzu Bracelet"},{"floor":28,"key":"Strawberry"},{"floor":29,"key":"Lantern"},{"floor":30,"key":"Singing Bowl"},{"floor":35,"key":"Shovel"},{"floor":36,"key":"Regal Pillow"},{"floor":37,"key":"Tiny Chest"},{"floor":40,"key":"Pear"},{"floor":43,"key":"Bottled Tornado"},{"floor":44,"key":"Old Coin"},{"floor":45,"key":"Centennial Puzzle"},{"floor":46,"key":"Orichalcum"},{"floor":47,"key":"Bag of Preparation"},{"floor":48,"key":"Smiling Mask"}],"event_choices":[{"damage_healed":0,"gold_gain":0,"cards_transformed":["Strike_B"],"player_choice":"Transformed","damage_taken":0,"max_hp_gain":0,"max_hp_loss":0,"event_name":"Transmorgrifier","floor":5,"gold_loss":0,"cards_obtained":["Steam"]},{"cards_removed":["Strike_B"],"damage_healed":0,"gold_gain":0,"player_choice":"Upgrade and Remove","damage_taken":0,"max_hp_gain":0,"max_hp_loss":0,"event_name":"Designer","floor":27,"gold_loss":90,"cards_upgraded":["Dramatic Entrance"]},{"damage_healed":0,"gold_gain":0,"player_choice":"Simplicity","damage_taken":0,"max_hp_gain":0,"max_hp_loss":0,"event_name":"Back to Basics","floor":31,"gold_loss":0,"cards_upgraded":["Strike_B","Defend_B","Defend_B","Defend_B","Defend_B"]},{"damage_healed":0,"gold_gain":0,"player_choice":"Ignored","damage_taken":0,"max_hp_gain":0,"max_hp_loss":0,"event_name":"Tomb of Lord Red Mask","floor":38,"gold_loss":0},{"cards_removed":["Defend_B"],"damage_healed":0,"gold_gain":0,"player_choice":"Removed Skill","damage_taken":0,"max_hp_gain":0,"max_hp_loss":0,"event_name":"Falling","floor":39,"gold_loss":0}],"is_beta":false,"boss_relics":[{"not_picked":["Busted Crown","Philosopher\u0027s Stone"],"picked":"Nuclear Battery"},{"not_picked":["Runic Pyramid","Coffee Dripper"],"picked":"Lizard Tail"}],"items_purged_floors":[42],"is_endless":false,"potions_floor_spawned":[2,4,10,13,14,19,25,28,29,37,45,46,47],"ascension_level":0}