{"path_per_floor":["M","M","M","?","?","R","M","M","T","R","M","R","M","?","R","B",null,"M","?","$","M","$"],"character_chosen":"IRONCLAD","items_purchased":["Meat on the Bone"],"gold_per_floor":[109,126,138,88,88,88,104,118,118,118,88,88,98,177,177,272,272,289,289,46,60,60,60],"floor_reached":23,"campfire_rested":0,"playtime":945,"current_hp_per_floor":[66,63,63,63,63,63,70,62,62,62,57,57,53,53,53,12,63,51,51,51,55,55,0],"items_purged":[],"gold":60,"score":272,"play_id":"2e5f1302-aa87-4997-8db5-79f615fcfb76","local_time":"20180522051826","is_prod":false,"is_daily":false,"chose_seed":false,"is_ascension_mode":true,"campfire_upgraded":4,"timestamp":1526959106,"campfire_choices":[{"data":"Disarm","floor":6,"key":"SMITH"},{"data":"Shockwave","floor":10,"key":"SMITH"},{"data":"Pommel Strike","floor":12,"key":"SMITH"},{"data":"Pommel Strike","floor":15,"key":"SMITH"}],"path_taken":["M","M","M","?","?","R","M","?","T","R","M","R","M","?","R","BOSS","M","?","?","M","$","E"],"build_version":"2018-05-17","seed_source_timestamp":0,"purchased_purges":0,"victory":false,"master_deck":["Strike_R","Strike_R","Strike_R","Strike_R","Defend_R","Defend_R","Defend_R","Bash","AscendersBane","Disarm+1","Thunderclap","Shockwave+1","Pommel Strike+1","Pommel Strike+1","Feed+1","Hemokinesis+1","Headbutt"],"max_hp_per_floor":[80,80,80,80,80,80,80,80,80,80,80,80,80,80,80,80,80,80,80,80,84,84,84],"relics":["Burning Blood","Happy Flower","Eternal Feather","Meat on the Bone"],"card_choices":[{"not_picked":["Sword Boomerang","Corruption"],"picked":"Disarm","floor":1},{"not_picked":["True Grit","Infernal Blade","Havoc"],"picked":"SKIP","floor":2},{"not_picked":["Heavy Blade","Flex"],"picked":"Thunderclap","floor":3},{"not_picked":["Flex","Headbutt"],"picked":"Shockwave","floor":7},{"not_picked":["Pummel","Rampage","Ghostly Armor"],"picked":"SKIP","floor":8},{"not_picked":["Anger","Body Slam"],"picked":"Pommel Strike","floor":11},{"not_picked":["Combust","Twin Strike"],"picked":"Pommel Strike","floor":13},{"not_picked":["Juggernaut","Exhume"],"picked":"Feed","floor":16},{"not_picked":["Reckless Charge","True Grit+1"],"picked":"Hemokinesis+1","floor":18},{"not_picked":["Rage","Clash"],"picked":"Headbutt","floor":21}],"player_experience":175914,"potions_floor_usage":[7,16,16],"damage_taken":[{"damage":12,"enemies":"Small Slimes","floor":1,"turns":3},{"damage":9,"enemies":"2 Louse","floor":2,"turns":4},{"damage":6,"enemies":"Cultist","floor":3,"turns":4},{"damage":7,"enemies":"Large Slime","floor":7,"turns":6},{"damage":14,"enemies":"3 Louse","floor":8,"turns":4},{"damage":11,"enemies":"Looter","floor":11,"turns":4},{"damage":10,"enemies":"Red Slaver","floor":13,"turns":4},{"damage":47,"enemies":"Slime Boss","floor":16,"turns":13},{"damage":18,"enemies":"Shell Parasite","floor":18,"turns":5},{"damage":18,"enemies":"3 Byrds","floor":21,"turns":8},{"damage":58,"enemies":"Slavers","floor":23,"turns":3}],"relics_obtained":[{"floor":9,"key":"Happy Flower"}],"event_choices":[{"event_name":"The Cleric","player_choice":"Card Removal","floor":4,"damage_taken":0},{"event_name":"Living Wall","player_choice":"Forget","floor":5,"damage_taken":0},{"event_name":"Golden Wing","player_choice":"Gained Gold","floor":14,"damage_taken":0},{"event_name":"Upgrade Shrine","player_choice":"Upgraded","floor":19,"damage_taken":0}],"boss_relics":[{"not_picked":["Calling Bell","Runic Pyramid"],"picked":"Eternal Feather"}],"potions_floor_spawned":[1,2,3,18],"seed_played":"7356828183200911903","killed_by":"Slavers","ascension_level":10,"potions_obtained":[{"floor":1,"key":"BloodPotion"},{"floor":2,"key":"Dexterity Potion"},{"floor":3,"key":"PowerPotion"},{"floor":18,"key":"Swift Potion"}],"is_trial":false}