{"gold_per_floor":[118,71,87,87,12,12,38,38,38,52,52,67,94,110,110,205,205,218,133,133,150,160,185,185,85,85,96,96,112,137,150,150,150],"floor_reached":33,"playtime":2131,"items_purged":["Strike_G","Strike_G"],"score":386,"play_id":"99a87275-2768-43f2-b45b-6a29b629fdc6","local_time":"20190218222540","is_ascension_mode":true,"campfire_choices":[{"data":"Accuracy","floor":6,"key":"SMITH"},{"data":"Infinite Blades","floor":8,"key":"SMITH"},{"data":"Cloak And Dagger","floor":11,"key":"SMITH"},{"floor":15,"key":"REST"},{"floor":24,"key":"REST"},{"data":"Cloak And Dagger","floor":28,"key":"SMITH"},{"floor":32,"key":"REST"}],"neow_cost":"NONE","seed_source_timestamp":391433190621616,"circlet_count":0,"master_deck":["Defend_G","Defend_G","Defend_G","Defend_G","Defend_G","Strike_G","Strike_G","Strike_G","Survivor","Neutralize","Accuracy+1","Cloak And Dagger+1","Infinite Blades+1","Terror","After Image+1","Cloak And Dagger+1"],"relics":["Ring of the Snake","NeowsBlessing","Happy Flower","Ninja Scroll","Molten Egg 2","Orrery","Boot","Snake Skull","Ornamental Fan","Omamori"],"potions_floor_usage":[13,14,14,23,30,33,33],"damage_taken":[{"damage":0,"enemies":"Cultist","floor":1,"turns":1},{"damage":0,"enemies":"Jaw Worm","floor":3,"turns":1},{"damage":0,"enemies":"3 Sentries","floor":7,"turns":2},{"damage":0,"enemies":"2 Louse","floor":10,"turns":2},{"damage":0,"enemies":"Large Slime","floor":12,"turns":5},{"damage":9,"enemies":"Lagavulin","floor":13,"turns":4},{"damage":6,"enemies":"Lots of Slimes","floor":14,"turns":2},{"damage":33,"enemies":"Hexaghost","floor":16,"turns":8},{"damage":5,"enemies":"Shell Parasite","floor":18,"turns":5},{"damage":1,"enemies":"Chosen","floor":21,"turns":3},{"damage":15,"enemies":"Centurion and Healer","floor":22,"turns":6},{"damage":15,"enemies":"Gremlin Leader","floor":23,"turns":7},{"damage":0,"enemies":"3 Cultists","floor":27,"turns":6},{"damage":10,"enemies":"Snake Plant","floor":29,"turns":4},{"damage":12,"enemies":"Slavers","floor":30,"turns":6},{"damage":1,"enemies":"Shelled Parasite and Fungi","floor":31,"turns":6},{"damage":58,"enemies":"Automaton","floor":33,"turns":10}],"seed_played":"4771201001273583850","potions_obtained":[{"floor":1,"key":"Regen Potion"},{"floor":7,"key":"GamblersBrew"},{"floor":12,"key":"PowerPotion"},{"floor":16,"key":"SteroidPotion"},{"floor":22,"key":"AttackPotion"},{"floor":27,"key":"AttackPotion"},{"floor":31,"key":"Strength Potion"}],"is_trial":false,"path_per_floor":["M","$","M","?","$","R","E","R","T","M","R","M","E","M","R","B",null,"M","?","?","M","M","E","R","$","T","M","R","M","E","M","R","B"],"character_chosen":"THE_SILENT","items_purchased":["Cloak And Dagger"],"campfire_rested":3,"item_purchase_floors":[2],"current_hp_per_floor":[70,70,70,70,70,70,70,70,70,70,70,70,61,55,70,37,70,65,65,65,64,49,34,55,55,55,55,55,45,33,32,53,0],"gold":150,"neow_bonus":"THREE_ENEMY_KILL","is_prod":false,"is_daily":false,"chose_seed":false,"campfire_upgraded":4,"win_rate":0,"timestamp":1550496340,"path_taken":["M","$","?","?","?","R","E","R","T","M","R","M","E","M","R","BOSS","M","?","?","M","?","E","R","$","T","M","R","?","E","M","R","BOSS"],"build_version":"2019-01-23","purchased_purges":2,"victory":false,"max_hp_per_floor":[70,70,70,70,70,70,70,70,70,70,70,70,70,70,70,70,70,70,70,70,70,70,70,70,70,70,70,70,70,70,70,70,70],"card_choices":[{"not_picked":["Well Laid Plans","PiercingWail"],"picked":"Accuracy","floor":1},{"not_picked":["Concentrate","Flying Knee","Poisoned Stab"],"picked":"SKIP","floor":3},{"not_picked":["Malaise","Prepared"],"picked":"Infinite Blades","floor":7},{"not_picked":["Slice","Deadly Poison"],"picked":"Terror","floor":10},{"not_picked":["Setup","Dodge and Roll","Calculated Gamble"],"picked":"SKIP","floor":12},{"not_picked":["Blur","Dagger Throw","All Out Attack"],"picked":"SKIP","floor":13},{"not_picked":["Distraction","Deflect","PiercingWail"],"picked":"SKIP","floor":14},{"not_picked":["Burst","Wraith Form v2"],"picked":"After Image","floor":16},{"not_picked":["Dodge and Roll","A Thousand Cuts"],"picked":"Cloak And Dagger","floor":17},{"not_picked":["Dodge and Roll","Underhanded Strike+1","Sucker Punch+1"],"picked":"SKIP","floor":18},{"not_picked":["Crippling Poison","Escape Plan+1","Tactician"],"picked":"SKIP","floor":21},{"not_picked":["Calculated Gamble","Underhanded Strike+1","Choke+1"],"picked":"SKIP","floor":22},{"not_picked":["Dodge and Roll","Slice+1","Bullet Time"],"picked":"SKIP","floor":23},{"not_picked":["Deadly Poison","Skewer+1","Flying Knee+1"],"picked":"SKIP","floor":27},{"not_picked":["Quick Slash+1","Heel Hook+1","PiercingWail"],"picked":"SKIP","floor":29},{"not_picked":["Dagger Spray+1","Prepared","All Out Attack+1"],"picked":"SKIP","floor":30},{"not_picked":["Malaise","Dagger Spray+1","Sucker Punch+1"],"picked":"SKIP","floor":31}],"player_experience":121146,"relics_obtained":[{"floor":7,"key":"Happy Flower"},{"floor":9,"key":"Ninja Scroll"},{"floor":13,"key":"Molten Egg 2"},{"floor":23,"key":"Snake Skull"},{"floor":26,"key":"Ornamental Fan"},{"floor":30,"key":"Omamori"}],"event_choices":[{"damage_healed":0,"gold_gain":0,"player_choice":"0 cards matched","damage_taken":0,"max_hp_gain":0,"max_hp_loss":0,"event_name":"Match and Keep!","floor":4,"gold_loss":0,"cards_obtained":[]},{"damage_healed":0,"gold_gain":0,"player_choice":"Obtained Relic","damage_taken":0,"relics_obtained":["Boot"],"max_hp_gain":0,"max_hp_loss":0,"event_name":"Addict","floor":19,"gold_loss":85},{"damage_healed":0,"gold_gain":0,"player_choice":"Upgraded","damage_taken":0,"max_hp_gain":0,"max_hp_loss":0,"event_name":"Upgrade Shrine","floor":20,"gold_loss":0,"cards_upgraded":["After Image"]}],"is_beta":false,"boss_relics":[{"not_picked":["Tiny House","Ectoplasm"],"picked":"Orrery"}],"items_purged_floors":[5,25],"is_endless":false,"potions_floor_spawned":[1,7,12,16,22,27,31],"killed_by":"Automaton","ascension_level":4}