{"gold_per_floor":[219,22,32,52,52,52,77,89,115,40,40,40,215,291,291,385,385,403,447,471,386,386,386,407,407,407,407,421,421,93,106,106,205,205,226,226,226,242,464,464,484,504,504,82,123,123,123,45,45,45],"floor_reached":51,"playtime":2482,"items_purged":["Strike_B","Defend_B"],"score":1181,"play_id":"bf549269-bb91-4e61-a083-d498131705a8","local_time":"20181117143052","is_ascension_mode":true,"campfire_choices":[{"data":"Self Repair","floor":6,"key":"SMITH"},{"data":"Zap","floor":12,"key":"SMITH"},{"floor":15,"key":"REST"},{"floor":23,"key":"REST"},{"data":"White Noise","floor":25,"key":"SMITH"},{"data":"Seek","floor":27,"key":"SMITH"},{"data":"Glacier","floor":29,"key":"SMITH"},{"data":"Capacitor","floor":32,"key":"SMITH"},{"data":"Glacier","floor":40,"key":"SMITH"},{"data":"Apotheosis","floor":47,"key":"SMITH"},{"floor":49,"key":"REST"}],"neow_cost":"NONE","seed_source_timestamp":211359800298902,"circlet_count":0,"master_deck":["AscendersBane","Zap+1","Dualcast","Self Repair+1","Leap","White Noise+1","Glacier+1","Compile Driver","Seek+1","Ball Lightning+1","Force Field","Reboot","Cold Snap+1","Glacier+1","Go for the Eyes+1","Capacitor+1","Machine Learning","Gash+1","Blizzard+1","Glacier","Undo","Apotheosis+1","Coolheaded+1","Madness","Madness","FTL+1"],"relics":["Cracked Core","Bronze Scales","Odd Mushroom","Omamori","Golden Idol","Molten Egg 2","Sozu","Red Mask","Bag of Preparation","Mummified Hand","DataDisk","Pandora\u0027s Box","Strawberry","Mercury Hourglass","Regal Pillow"],"potions_floor_usage":[16,19],"damage_taken":[{"damage":9,"enemies":"Jaw Worm","floor":1,"turns":3},{"damage":0,"enemies":"Small Slimes","floor":3,"turns":3},{"damage":3,"enemies":"2 Louse","floor":4,"turns":3},{"damage":23,"enemies":"The Mushroom Lair","floor":7,"turns":5},{"damage":7,"enemies":"Looter","floor":8,"turns":4},{"damage":56,"enemies":"Hexaghost","floor":16,"turns":13},{"damage":16,"enemies":"3 Byrds","floor":18,"turns":3},{"damage":21,"enemies":"Masked Bandits","floor":19,"turns":5},{"damage":14,"enemies":"Spheric Guardian","floor":20,"turns":5},{"damage":1,"enemies":"Shelled Parasite and Fungi","floor":24,"turns":6},{"damage":10,"enemies":"Centurion and Healer","floor":28,"turns":4},{"damage":8,"enemies":"Snake Plant","floor":31,"turns":3},{"damage":47,"enemies":"Automaton","floor":33,"turns":14},{"damage":0,"enemies":"Orb Walker","floor":35,"turns":3},{"damage":0,"enemies":"3 Darklings","floor":38,"turns":4},{"damage":0,"enemies":"Maw","floor":41,"turns":7},{"damage":0,"enemies":"Writhing Mass","floor":42,"turns":8},{"damage":0,"enemies":"Giant Head","floor":45,"turns":10},{"damage":8,"enemies":"Donu and Deca","floor":50,"turns":10}],"seed_played":"7503356346164107687","potions_obtained":[{"floor":1,"key":"Fire Potion"},{"floor":4,"key":"SpeedPotion"},{"floor":16,"key":"SpeedPotion"}],"is_trial":false,"path_per_floor":["M","$","M","M","?","R","?","M","T","$","?","R","?","T","R","B",null,"M","?","M","?","?","R","M","R","T","R","M","R","$","M","R","B",null,"M","?","?","M","?","R","M","M","T","$","E","?","R","$","R","B",null],"character_chosen":"DEFECT","items_purchased":["Bronze Scales","Leap","DataDisk","Capacitor","Apotheosis","Mercury Hourglass","FTL+1"],"campfire_rested":3,"item_purchase_floors":[2,2,30,30,44,44,48],"current_hp_per_floor":[55,55,62,66,59,59,46,49,49,49,49,49,49,49,70,24,59,53,42,38,38,38,59,68,68,68,68,68,68,68,70,70,33,62,71,71,71,71,71,71,71,71,78,78,78,68,68,68,78,78],"gold":45,"neow_bonus":"HUNDRED_GOLD","is_prod":false,"is_daily":false,"chose_seed":false,"campfire_upgraded":8,"win_rate":0,"timestamp":1542432652,"path_taken":["M","$","M","M","?","R","?","?","T","$","?","R","?","?","R","BOSS","M","?","M","?","?","R","M","R","T","R","M","R","$","M","R","BOSS","M","?","?","?","?","R","M","M","T","?","E","?","R","$","R","BOSS"],"build_version":"2018-11-15","purchased_purges":2,"victory":true,"max_hp_per_floor":[71,71,71,71,71,71,71,71,71,71,71,71,71,71,71,71,71,71,71,71,71,71,71,71,71,71,71,71,71,71,71,71,71,71,71,71,71,71,71,71,71,71,78,78,78,78,78,78,78,78],"card_choices":[{"not_picked":["Scrape","Darkness"],"picked":"Self Repair","floor":1},{"not_picked":["Heatsinks","Gash"],"picked":"White Noise","floor":3},{"not_picked":["Streamline","Storm","Rebound"],"picked":"SKIP","floor":4},{"not_picked":["Sweeping Beam","Rebound"],"picked":"Glacier","floor":7},{"not_picked":["Turbo","Barrage"],"picked":"Compile Driver","floor":8},{"not_picked":["Core Surge+1","Thunder Strike+1"],"picked":"Seek","floor":16},{"not_picked":["Beam Cell+1","Redo"],"picked":"Ball Lightning+1","floor":18},{"not_picked":["Sweeping Beam+1","Redo"],"picked":"Force Field","floor":20},{"not_picked":["Hologram","All For One+1"],"picked":"Glacier","floor":24},{"not_picked":["Steam Power","Hello World"],"picked":"Go for the Eyes+1","floor":28},{"not_picked":["Go for the Eyes+1","Stack","Reprogram+1"],"picked":"SKIP","floor":31},{"not_picked":["Hyperbeam+1","Multi-Cast"],"picked":"Machine Learning","floor":33},{"not_picked":["Sweeping Beam+1","Conserve Battery"],"picked":"Blizzard+1","floor":35},{"not_picked":["Go for the Eyes+1","Steam Power"],"picked":"Glacier","floor":38},{"not_picked":["Blizzard+1","Tempest"],"picked":"Undo","floor":41},{"not_picked":["Rip and Tear+1","Tempest+1","Steam"],"picked":"SKIP","floor":42},{"not_picked":["Storm","Biased Cognition"],"picked":"Coolheaded+1","floor":45}],"player_experience":520535,"relics_obtained":[{"floor":7,"key":"Odd Mushroom"},{"floor":9,"key":"Omamori"},{"floor":14,"key":"Molten Egg 2"},{"floor":19,"key":"Red Mask"},{"floor":26,"key":"Mummified Hand"},{"floor":43,"key":"Strawberry"},{"floor":45,"key":"Regal Pillow"}],"event_choices":[{"cards_removed":["Defend_B"],"damage_healed":0,"gold_gain":0,"player_choice":"Card Removal","damage_taken":7,"max_hp_gain":0,"max_hp_loss":0,"event_name":"Golden Wing","floor":5,"gold_loss":0},{"damage_healed":0,"gold_gain":0,"player_choice":"Fought Mushrooms","damage_taken":0,"max_hp_gain":0,"max_hp_loss":0,"event_name":"Mushrooms","floor":7,"gold_loss":0},{"damage_healed":0,"gold_gain":0,"player_choice":"Take Wound","damage_taken":0,"relics_obtained":["Golden Idol"],"max_hp_gain":0,"max_hp_loss":0,"event_name":"Golden Idol","floor":11,"gold_loss":0,"cards_obtained":["Injury"]},{"damage_healed":0,"gold_gain":175,"player_choice":"AGREE","damage_taken":0,"max_hp_gain":0,"max_hp_loss":0,"event_name":"Liars Game","floor":13,"gold_loss":0,"cards_obtained":["Doubt"]},{"damage_healed":0,"gold_gain":0,"player_choice":"Fought Bandits","damage_taken":0,"max_hp_gain":0,"max_hp_loss":0,"event_name":"Masked Bandits","floor":19,"gold_loss":0},{"damage_healed":0,"gold_gain":0,"player_choice":"Obtained Relic","damage_taken":0,"relics_obtained":["Bag of Preparation"],"max_hp_gain":0,"max_hp_loss":0,"event_name":"Addict","floor":21,"gold_loss":85},{"damage_healed":0,"gold_gain":0,"cards_transformed":["Strike_B","Defend_B"],"player_choice":"Became Test Subject","damage_taken":0,"max_hp_gain":0,"max_hp_loss":0,"event_name":"Drug Dealer","floor":22,"gold_loss":0,"cards_obtained":["Reboot","Cold Snap"]},{"cards_removed":["Cold Snap"],"damage_healed":0,"gold_gain":0,"player_choice":"Removed Attack","damage_taken":0,"max_hp_gain":0,"max_hp_loss":0,"event_name":"Falling","floor":36,"gold_loss":0},{"cards_removed":["Stack"],"damage_healed":5,"gold_gain":0,"player_choice":"Offered Common","damage_taken":0,"max_hp_gain":0,"max_hp_loss":0,"event_name":"Bonfire Elementals","floor":37,"gold_loss":0},{"cards_removed":["Stack"],"damage_healed":5,"gold_gain":0,"player_choice":"Offered Special","damage_taken":0,"max_hp_gain":0,"max_hp_loss":0,"event_name":"Bonfire Elementals","floor":37,"gold_loss":0},{"damage_healed":0,"gold_gain":222,"player_choice":"Wore Mask","damage_taken":0,"max_hp_gain":0,"max_hp_loss":0,"event_name":"Tomb of Lord Red Mask","floor":39,"gold_loss":0},{"damage_healed":0,"gold_gain":0,"player_choice":"Embrace Madness","damage_taken":10,"max_hp_gain":0,"max_hp_loss":0,"event_name":"Winding Halls","floor":46,"gold_loss":0,"cards_obtained":["Madness","Madness"]}],"is_beta":false,"boss_relics":[{"not_picked":["Empty Cage","Philosopher\u0027s Stone"],"picked":"Sozu"},{"not_picked":["Velvet Choker","Snecko Eye"],"picked":"Pandora\u0027s Box"}],"items_purged_floors":[10,30],"is_endless":false,"potions_floor_spawned":[1,4,16,19,24,33,35,41],"ascension_level":14}