{"gold_per_floor":[109,89,14,14,33,63,82,82,82,100,117,17,17,47,47,143,193,207,207,207,207],"floor_reached":21,"playtime":933,"items_purged":["Strike_R","Strike_R"],"score":214,"play_id":"a84f604a-d0ca-4339-9504-d2999e6dae84","local_time":"20190220005128","is_ascension_mode":false,"campfire_choices":[{"data":"Whirlwind","floor":13,"key":"SMITH"},{"floor":15,"key":"RECALL"}],"neow_cost":"NONE","seed_source_timestamp":487780559045152,"circlet_count":0,"master_deck":["Strike_R","Strike_R","Strike_R","Defend_R","Defend_R","Defend_R","Defend_R","Bash+1","Cleave","Pommel Strike","Body Slam","Whirlwind+1","Barricade","True Grit"],"relics":["Burning Blood","NeowsBlessing","Self Forming Clay","Paper Frog","Matryoshka","Tiny House"],"potions_floor_usage":[7,10,14,16,16,20],"damage_taken":[{"damage":0,"enemies":"Small Slimes","floor":1,"turns":1},{"damage":0,"enemies":"Cultist","floor":5,"turns":1},{"damage":0,"enemies":"Gremlin Nob","floor":6,"turns":1},{"damage":6,"enemies":"2 Louse","floor":7,"turns":1},{"damage":9,"enemies":"Blue Slaver","floor":10,"turns":5},{"damage":7,"enemies":"2 Fungi Beasts","floor":11,"turns":3},{"damage":13,"enemies":"3 Sentries","floor":14,"turns":4},{"damage":64,"enemies":"Hexaghost","floor":16,"turns":10},{"damage":89,"enemies":"Spheric Guardian","floor":18,"turns":19},{"damage":0,"enemies":"3 Byrds","floor":20,"turns":1},{"damage":15,"enemies":"Colosseum Slavers","floor":21,"turns":1}],"seed_played":"-7047961277336310924","potions_obtained":[{"floor":2,"key":"BloodPotion"},{"floor":5,"key":"Dexterity Potion"},{"floor":6,"key":"SkillPotion"},{"floor":7,"key":"SpeedPotion"},{"floor":11,"key":"Strength Potion"},{"floor":17,"key":"FearPotion"},{"floor":19,"key":"SmokeBomb"},{"floor":19,"key":"EssenceOfSteel"}],"is_trial":false,"path_per_floor":["M","?","$","$","M","E","M","?","T","M","M","$","R","E","R","B",null,"M","?","M","?"],"character_chosen":"IRONCLAD","items_purchased":[],"campfire_rested":0,"item_purchase_floors":[],"current_hp_per_floor":[80,80,80,80,80,80,80,85,85,82,81,81,81,82,82,24,90,7,7,13,0],"gold":207,"neow_bonus":"THREE_ENEMY_KILL","is_prod":false,"is_daily":false,"chose_seed":false,"campfire_upgraded":1,"win_rate":0,"timestamp":1550591488,"path_taken":["M","?","?","$","M","E","M","?","T","?","M","$","R","E","R","BOSS","M","?","?","?"],"build_version":"2019-01-23","purchased_purges":2,"victory":false,"max_hp_per_floor":[80,80,80,80,80,80,80,85,85,85,85,85,85,85,85,85,90,90,90,90,90],"card_choices":[{"not_picked":["Clash","Sword Boomerang"],"picked":"Cleave","floor":1},{"not_picked":["Dual Wield","Anger","Clothesline"],"picked":"SKIP","floor":5},{"not_picked":["Shockwave","Cleave"],"picked":"Pommel Strike","floor":6},{"not_picked":["Sever Soul","Disarm","Havoc"],"picked":"SKIP","floor":7},{"not_picked":["Evolve","Shockwave"],"picked":"Body Slam","floor":10},{"not_picked":["Sever Soul","Thunderclap"],"picked":"Whirlwind","floor":11},{"not_picked":["True Grit","Feel No Pain","Berserk"],"picked":"SKIP","floor":14},{"not_picked":["Fiend Fire","Berserk"],"picked":"Barricade","floor":16},{"not_picked":["Armaments","Pommel Strike"],"picked":"True Grit","floor":18}],"player_experience":153877,"relics_obtained":[{"floor":6,"key":"Self Forming Clay"},{"floor":9,"key":"Paper Frog"},{"floor":14,"key":"Matryoshka"}],"event_choices":[{"damage_healed":0,"gold_gain":0,"player_choice":"Bought 1 Potion","damage_taken":0,"max_hp_gain":0,"max_hp_loss":0,"event_name":"The Woman in Blue","floor":2,"gold_loss":0},{"damage_healed":0,"gold_gain":0,"player_choice":"Donut","damage_taken":0,"max_hp_gain":5,"max_hp_loss":0,"event_name":"Big Fish","floor":8,"gold_loss":0},{"damage_healed":0,"gold_gain":0,"player_choice":"Got Potions","damage_taken":0,"max_hp_gain":0,"max_hp_loss":0,"event_name":"Lab","floor":19,"gold_loss":0},{"damage_healed":0,"gold_gain":0,"player_choice":"Fight","damage_taken":0,"max_hp_gain":0,"max_hp_loss":0,"event_name":"Colosseum","floor":21,"gold_loss":0}],"is_beta":false,"boss_relics":[{"not_picked":["Runic Cube","Coffee Dripper"],"picked":"Tiny House"}],"items_purged_floors":[3,12],"is_endless":false,"potions_floor_spawned":[5,6,7,11,20],"killed_by":"Colosseum Slavers","ascension_level":0}