{"gold_per_floor":[110,110,48,61,73,103,103,132,132,132,146,157,157],"floor_reached":13,"playtime":578,"items_purged":[],"score":171,"play_id":"42b5c87e-b5ee-4563-9ed4-30cdc842d0f1","local_time":"20190217235802","is_ascension_mode":true,"campfire_choices":[{"floor":7,"key":"REST"},{"floor":10,"key":"REST"}],"neow_cost":"NONE","seed_source_timestamp":0,"circlet_count":0,"master_deck":["AscendersBane","Defend_G","Defend_G","Defend_G","Defend_G","Defend_G","Strike_G","Strike_G","Strike_G","Strike_G","Survivor","Neutralize","A Thousand Cuts","Quick Slash","Poisoned Stab","PiercingWail","Noxious Fumes","Catalyst","Dagger Spray","All Out Attack"],"special_seed":0,"relics":["Ring of the Snake","Pen Nib","Matryoshka","Smiling Mask","Bag of Marbles","Bottled Tornado"],"potions_floor_usage":[6],"damage_taken":[{"damage":6,"enemies":"Jaw Worm","floor":1,"turns":6},{"damage":0,"enemies":"2 Louse","floor":4,"turns":3},{"damage":1,"enemies":"Cultist","floor":5,"turns":3},{"damage":25,"enemies":"Gremlin Nob","floor":6,"turns":4},{"damage":25,"enemies":"Lagavulin","floor":8,"turns":9},{"damage":14,"enemies":"Large Slime","floor":11,"turns":6},{"damage":6,"enemies":"Exordium Wildlife","floor":12,"turns":5},{"damage":25,"enemies":"Gremlin Nob","floor":13,"turns":3}],"seed_played":"8670085524596011305","potions_obtained":[{"floor":1,"key":"Strength Potion"},{"floor":4,"key":"SpeedPotion"}],"is_trial":false,"path_per_floor":["M","?","?","M","M","E","R","E","T","R","M","M","E"],"character_chosen":"THE_SILENT","items_purchased":[],"campfire_rested":2,"item_purchase_floors":[],"current_hp_per_floor":[53,46,46,46,45,20,39,14,14,33,19,13,0],"gold":157,"neow_bonus":"ONE_RANDOM_RARE_CARD","is_prod":false,"is_daily":false,"chose_seed":false,"campfire_upgraded":0,"win_rate":0,"timestamp":1550444282,"path_taken":["M","?","?","M","?","E","R","E","T","R","M","M","E"],"build_version":"2019-01-23","purchased_purges":0,"victory":false,"max_hp_per_floor":[66,66,66,66,66,66,66,66,66,66,66,66,66],"card_choices":[{"not_picked":["Concentrate","Setup"],"picked":"Quick Slash","floor":1},{"not_picked":["Dodge and Roll","Acrobatics"],"picked":"Poisoned Stab","floor":4},{"not_picked":["Deflect","Flying Knee"],"picked":"PiercingWail","floor":5},{"not_picked":["Infinite Blades","Cloak And Dagger"],"picked":"Noxious Fumes","floor":6},{"not_picked":["Dagger Throw","Quick Slash"],"picked":"Catalyst","floor":8},{"not_picked":["Endless Agony","Finisher"],"picked":"Dagger Spray","floor":11},{"not_picked":["Acrobatics","Poisoned Stab"],"picked":"All Out Attack","floor":12}],"player_experience":478074,"relics_obtained":[{"floor":6,"key":"Matryoshka"},{"floor":8,"key":"Smiling Mask"},{"floor":9,"key":"Bag of Marbles"},{"floor":9,"key":"Bottled Tornado"}],"event_choices":[{"cards_removed":["Strike_G"],"damage_healed":0,"gold_gain":0,"player_choice":"Card Removal","damage_taken":7,"max_hp_gain":0,"max_hp_loss":0,"event_name":"Golden Wing","floor":2,"gold_loss":0},{"damage_healed":0,"gold_gain":0,"player_choice":"Paid Gold","damage_taken":0,"relics_obtained":["Pen Nib"],"max_hp_gain":0,"max_hp_loss":0,"event_name":"WeMeetAgain","floor":3,"gold_loss":62}],"is_beta":false,"boss_relics":[],"items_purged_floors":[],"is_endless":false,"potions_floor_spawned":[1,4],"killed_by":"Gremlin Nob","ascension_level":16}