{"gold_per_floor":[218,236,236,120,132,132,149,149,172,183,198,215,215,230,230,306,306,325,343,343,343,54,54,54,64,64,114,126,126,143,162,162,162],"floor_reached":33,"playtime":1339,"items_purged":[],"score":450,"play_id":"79d194cd-7e6c-4fb0-9397-9349d7cbbf4b","local_time":"20190202141428","is_ascension_mode":true,"campfire_choices":[{"data":"Sunder","floor":6,"key":"SMITH"},{"data":"Zap","floor":8,"key":"SMITH"},{"data":"Redo","floor":13,"key":"SMITH"},{"floor":15,"key":"REST"},{"data":"Defragment","floor":23,"key":"SMITH"},{"data":"Fission","floor":29,"key":"SMITH"},{"floor":32,"key":"REST"}],"neow_cost":"NONE","seed_source_timestamp":1402408166588283,"circlet_count":0,"master_deck":["AscendersBane","Strike_B","Strike_B","Defend_B","Defend_B","Defend_B","Zap+1","Dualcast","Sunder+1","Conserve Battery","FTL","Blizzard","Cold Snap","Conserve Battery","Redo+1","Cold Snap","Reboot","Self Repair","Hologram","Compile Driver","Fission+1","Pain","Defragment+1","Conserve Battery+1"],"relics":["Cracked Core","DataDisk","Nuclear Battery","WarpedTongs","Lee\u0027s Waffle","Lantern"],"potions_floor_usage":[12,16,16,18],"damage_taken":[{"damage":7,"enemies":"Jaw Worm","floor":1,"turns":3},{"damage":0,"enemies":"Cultist","floor":2,"turns":3},{"damage":1,"enemies":"Small Slimes","floor":5,"turns":3},{"damage":7,"enemies":"Exordium Wildlife","floor":7,"turns":3},{"damage":4,"enemies":"Red Slaver","floor":10,"turns":4},{"damage":4,"enemies":"Large Slime","floor":11,"turns":4},{"damage":0,"enemies":"Gremlin Gang","floor":12,"turns":3},{"damage":0,"enemies":"2 Fungi Beasts","floor":14,"turns":3},{"damage":51,"enemies":"Slime Boss","floor":16,"turns":11},{"damage":13,"enemies":"Spheric Guardian","floor":18,"turns":4},{"damage":22,"enemies":"3 Byrds","floor":19,"turns":6},{"damage":23,"enemies":"Centurion and Healer","floor":25,"turns":9},{"damage":17,"enemies":"Snake Plant","floor":28,"turns":4},{"damage":4,"enemies":"Chosen and Byrds","floor":30,"turns":3},{"damage":45,"enemies":"Snecko","floor":31,"turns":6},{"damage":33,"enemies":"Collector","floor":33,"turns":3}],"seed_played":"-2826069787471064237","potions_obtained":[{"floor":5,"key":"EssenceOfSteel"},{"floor":11,"key":"Explosive Potion"},{"floor":12,"key":"Explosive Potion"},{"floor":16,"key":"Regen Potion"},{"floor":28,"key":"SteroidPotion"},{"floor":30,"key":"SpeedPotion"}],"is_trial":false,"path_per_floor":["M","M","?","$","M","R","M","R","T","M","M","M","R","M","R","B",null,"M","M","?","?","$","R","$","M","T","?","M","R","M","M","R","B"],"character_chosen":"DEFECT","items_purchased":["FTL","Blizzard","Defragment","Lee\u0027s Waffle"],"campfire_rested":2,"item_purchase_floors":[4,4,22,22],"current_hp_per_floor":[57,57,57,57,56,56,49,49,49,45,41,41,41,41,62,11,56,52,37,37,37,78,78,78,62,62,62,52,52,48,10,33,0],"gold":162,"neow_bonus":"HUNDRED_GOLD","is_prod":false,"is_daily":false,"chose_seed":false,"campfire_upgraded":5,"win_rate":0,"timestamp":1549084468,"path_taken":["M","M","?","$","M","R","M","R","T","M","M","M","R","?","R","BOSS","M","M","?","?","$","R","$","?","T","?","?","R","M","?","R","BOSS"],"build_version":"2019-01-23","purchased_purges":0,"victory":false,"max_hp_per_floor":[71,71,71,71,71,71,71,71,71,71,71,71,71,71,71,71,71,71,71,71,71,78,78,78,78,78,78,78,78,78,78,78,78],"card_choices":[{"not_picked":["Conserve Battery","Rebound"],"picked":"Sunder","floor":1},{"not_picked":["Rebound","Barrage"],"picked":"Conserve Battery","floor":2},{"not_picked":["Chaos","Sweeping Beam","Darkness"],"picked":"SKIP","floor":5},{"not_picked":["Coolheaded","Tempest"],"picked":"Cold Snap","floor":7},{"not_picked":["Rebound","Sweeping Beam"],"picked":"Conserve Battery","floor":10},{"not_picked":["Steam Power","Consume"],"picked":"Redo","floor":11},{"not_picked":["Conserve Battery","Beam Cell","Chaos"],"picked":"SKIP","floor":12},{"not_picked":["Conserve Battery","Compile Driver"],"picked":"Cold Snap","floor":14},{"not_picked":["Core Surge","Hyperbeam"],"picked":"Reboot","floor":16},{"not_picked":["Go for the Eyes","Redo"],"picked":"Self Repair","floor":18},{"not_picked":["Redo","Streamline+1"],"picked":"Hologram","floor":19},{"not_picked":["Stack+1","Barrage"],"picked":"Conserve Battery+1","floor":25},{"not_picked":["Steam","Ball Lightning","Compile Driver"],"picked":"SKIP","floor":28},{"not_picked":["Storm","Consume","Scrape"],"picked":"SKIP","floor":30},{"not_picked":["Rip and Tear","Heatsinks","Hello World"],"picked":"SKIP","floor":31}],"player_experience":588888,"relics_obtained":[{"floor":9,"key":"DataDisk"},{"floor":26,"key":"Lantern"}],"event_choices":[{"cards_removed":["Strike_B"],"damage_healed":0,"gold_gain":0,"player_choice":"Purged","damage_taken":0,"max_hp_gain":0,"max_hp_loss":0,"event_name":"Purifier","floor":3,"gold_loss":0},{"damage_healed":0,"gold_gain":0,"cards_transformed":["Strike_B","Defend_B"],"player_choice":"Became Test Subject","damage_taken":0,"max_hp_gain":0,"max_hp_loss":0,"event_name":"Drug Dealer","floor":20,"gold_loss":0,"cards_obtained":["Compile Driver","Fission"]},{"damage_healed":0,"gold_gain":0,"player_choice":"Rummage","damage_taken":0,"relics_obtained":["WarpedTongs"],"max_hp_gain":0,"max_hp_loss":0,"event_name":"Accursed Blacksmith","floor":21,"gold_loss":0,"cards_obtained":["Pain"]},{"damage_healed":0,"gold_gain":100,"player_choice":"Bet on Murderer","damage_taken":0,"max_hp_gain":0,"max_hp_loss":0,"event_name":"The Joust","floor":27,"gold_loss":50}],"is_beta":false,"boss_relics":[{"not_picked":["Coffee Dripper","Runic Pyramid"],"picked":"Nuclear Battery"}],"items_purged_floors":[],"is_endless":false,"potions_floor_spawned":[5,11,12,16,28,30],"killed_by":"Collector","ascension_level":17}