{"gold_per_floor":[119,119,44,54,67,67,93,93,93,93,110,126,126,126,126,230,230,249,8,8,25,36,70,70,95,122,148,69,87,87,12,12,12],"floor_reached":33,"playtime":1313,"items_purged":["Decay"],"score":485,"play_id":"cc65c1c5-427f-4dc6-a77d-910def151c10","local_time":"20190217040331","is_ascension_mode":true,"campfire_choices":[{"data":"1","floor":6.0,"key":"LIFT"},{"data":"2","floor":10.0,"key":"LIFT"},{"data":"3","floor":13.0,"key":"LIFT"},{"data":"Neutralize","floor":15.0,"key":"SMITH"},{"data":"Night Terror","floor":24.0,"key":"SMITH"},{"floor":32,"key":"REST"}],"neow_cost":"CURSE","seed_source_timestamp":0,"circlet_count":0,"master_deck":["AscendersBane","Defend_G","Defend_G","Defend_G","Defend_G","Defend_G","Strike_G","Strike_G","Survivor","Neutralize+1","Cloak And Dagger+1","Die Die Die","Masterful Stab","Night Terror+1","Dagger Spray","Cloak And Dagger","Adrenaline"],"special_seed":0,"relics":["Ring of the Snake","Girya","Happy Flower","Dodecahedron","Sozu","Ornamental Fan","Omamori","Bag of Preparation","Anchor","Ancient Tea Set"],"potions_floor_usage":[],"damage_taken":[{"damage":3.0,"enemies":"2 Louse","floor":1.0,"turns":4.0},{"damage":1.0,"enemies":"Cultist","floor":4.0,"turns":5.0},{"damage":0.0,"enemies":"Small Slimes","floor":5.0,"turns":3.0},{"damage":14.0,"enemies":"3 Sentries","floor":7.0,"turns":9.0},{"damage":0.0,"enemies":"Gremlin Gang","floor":11.0,"turns":1.0},{"damage":0.0,"enemies":"Large Slime","floor":12.0,"turns":5.0},{"damage":28.0,"enemies":"Hexaghost","floor":16.0,"turns":13.0},{"damage":5.0,"enemies":"Shell Parasite","floor":18.0,"turns":3.0},{"damage":0.0,"enemies":"Spheric Guardian","floor":21.0,"turns":2.0},{"damage":0.0,"enemies":"3 Cultists","floor":22.0,"turns":2.0},{"damage":14.0,"enemies":"Slavers","floor":23.0,"turns":6.0},{"damage":20.0,"enemies":"Gremlin Leader","floor":25.0,"turns":5.0},{"damage":6.0,"enemies":"Book of Stabbing","floor":27.0,"turns":5.0},{"damage":0.0,"enemies":"Sentry and Sphere","floor":29.0,"turns":2.0},{"damage":65,"enemies":"Automaton","floor":33,"turns":6}],"seed_played":"1384116753886980427","potions_obtained":[{"floor":1.0,"key":"Ancient Potion"},{"floor":4.0,"key":"GamblersBrew"},{"floor":5.0,"key":"Block Potion"}],"is_trial":false,"path_per_floor":["M","?","$","M","M","R","E","?","T","R","M","M","R","?","R","B",null,"M","$","?","M","M","E","R","E","T","E","$","M","?","?","R","B"],"character_chosen":"THE_SILENT","items_purchased":["Ornamental Fan","Adrenaline"],"campfire_rested":1,"item_purchase_floors":[19,28],"current_hp_per_floor":[60,60,60,59,59,59,45,45,45,45,45,45,45,45,45,17,57,52,52,52,52,52,38,38,18,18,12,12,12,12,12,33,0],"gold":12,"neow_bonus":"ONE_RARE_RELIC","is_prod":false,"is_daily":false,"chose_seed":false,"campfire_upgraded":2,"win_rate":0,"timestamp":1550372611,"path_taken":["M","?","?","M","M","R","E","?","T","R","?","M","R","?","R","BOSS","M","$","?","?","M","E","R","E","T","E","?","?","?","?","R","BOSS"],"build_version":"2019-01-23","purchased_purges":1,"victory":false,"max_hp_per_floor":[70,70,70,70,70,70,70,70,70,70,70,70,70,70,70,70,70,70,70,70,70,70,70,70,70,70,70,70,70,70,70,70,70],"card_choices":[{"not_picked":["Dodge and Roll","PiercingWail"],"picked":"Cloak And Dagger","floor":1.0},{"not_picked":["PiercingWail","Bane","Poisoned Stab"],"picked":"SKIP","floor":4.0},{"not_picked":["Outmaneuver","Underhanded Strike"],"picked":"Die Die Die","floor":5.0},{"not_picked":["Flying Knee","Quick Slash","Bouncing Flask"],"picked":"SKIP","floor":7.0},{"not_picked":["Sucker Punch","PiercingWail","Setup"],"picked":"SKIP","floor":11.0},{"not_picked":["Quick Slash","Bane"],"picked":"Masterful Stab","floor":12.0},{"not_picked":["Venomology","Corpse Explosion"],"picked":"Night Terror","floor":16.0},{"not_picked":["Blur","Bane+1","Slice"],"picked":"SKIP","floor":18.0},{"not_picked":["Bane","Poisoned Stab","Quick Slash"],"picked":"SKIP","floor":21.0},{"not_picked":["Tactician","Sucker Punch"],"picked":"Dagger Spray","floor":22.0},{"not_picked":["Prepared+1","Deadly Poison+1","Quick Slash+1"],"picked":"SKIP","floor":23.0},{"not_picked":["Dash","Outmaneuver"],"picked":"Cloak And Dagger","floor":25.0},{"not_picked":["Corpse Explosion","Dodge and Roll","Underhanded Strike"],"picked":"SKIP","floor":27.0},{"not_picked":["Sucker Punch","Accuracy","Prepared"],"picked":"SKIP","floor":29.0}],"player_experience":455436,"relics_obtained":[{"floor":7.0,"key":"Happy Flower"},{"floor":9.0,"key":"Dodecahedron"},{"floor":23.0,"key":"Omamori"},{"floor":25.0,"key":"Bag of Preparation"},{"floor":26.0,"key":"Anchor"},{"floor":27.0,"key":"Ancient Tea Set"}],"event_choices":[{"damage_healed":0.0,"max_hp_gain":0.0,"max_hp_loss":0.0,"gold_gain":0.0,"event_name":"Upgrade Shrine","player_choice":"Upgraded","floor":2.0,"gold_loss":0.0,"damage_taken":0.0,"cards_upgraded":["Cloak And Dagger"]},{"cards_removed":["Strike_G"],"damage_healed":0.0,"max_hp_gain":0.0,"max_hp_loss":0.0,"gold_gain":0.0,"event_name":"Bonfire Elementals","player_choice":"Offered Basic","floor":8.0,"gold_loss":0.0,"damage_taken":0.0},{"cards_removed":["Strike_G"],"damage_healed":0.0,"max_hp_gain":0.0,"max_hp_loss":0.0,"gold_gain":0.0,"event_name":"Purifier","player_choice":"Purged","floor":14.0,"gold_loss":0.0,"damage_taken":0.0},{"damage_healed":0.0,"max_hp_gain":0.0,"max_hp_loss":0.0,"gold_gain":0.0,"event_name":"N\u0027loth","player_choice":"Ignored","floor":20.0,"gold_loss":0.0,"damage_taken":0.0},{"damage_healed":0,"gold_gain":0,"player_choice":"Ignored","damage_taken":0,"max_hp_gain":0,"max_hp_loss":0,"event_name":"Cursed Tome","floor":30,"gold_loss":0},{"cards_removed":["Strike_G"],"damage_healed":0,"gold_gain":0,"player_choice":"Gave Gold","damage_taken":0,"max_hp_gain":0,"max_hp_loss":0,"event_name":"Beggar","floor":31,"gold_loss":75}],"is_beta":false,"boss_relics":[{"not_picked":["Pandora\u0027s Box","Cursed Key"],"picked":"Sozu"}],"items_purged_floors":[3],"is_endless":false,"potions_floor_spawned":[1,4,5,18,25,27,29],"killed_by":"Automaton","ascension_level":12}