{"gold_per_floor":[17,17,17,42,62,62,101,101,127,127,140,140],"floor_reached":12,"playtime":312,"items_purged":[],"score":140,"play_id":"a41f524e-e500-489c-8d12-9048e2842171","local_time":"20190130192227","is_ascension_mode":true,"campfire_choices":[{"data":"Infernal Blade","floor":6,"key":"SMITH"},{"data":"Offering","floor":8,"key":"SMITH"}],"neow_cost":"NO_GOLD","seed_source_timestamp":179100232444000,"circlet_count":0,"master_deck":["AscendersBane","Strike_R","Strike_R","Strike_R","Strike_R","Strike_R","Defend_R","Defend_R","Bash","Offering+1","Infernal Blade+1","True Grit","Demon Form","Whirlwind"],"relics":["Burning Blood","Golden Idol","Strawberry","Red Skull"],"potions_floor_usage":[7],"damage_taken":[{"damage":4,"enemies":"Small Slimes","floor":1,"turns":4},{"damage":7,"enemies":"2 Louse","floor":4,"turns":2},{"damage":4,"enemies":"Cultist","floor":5,"turns":3},{"damage":21,"enemies":"Gremlin Nob","floor":7,"turns":3},{"damage":22,"enemies":"Exordium Thugs","floor":11,"turns":4},{"damage":39,"enemies":"Lagavulin","floor":12,"turns":3}],"seed_played":"-8441251541535794392","potions_obtained":[{"floor":4,"key":"Poison Potion"},{"floor":5,"key":"Strength Potion"}],"is_trial":false,"path_per_floor":["M","?","?","M","M","R","E","R","T","?","M","E"],"character_chosen":"IRONCLAD","items_purchased":[],"campfire_rested":0,"item_purchase_floors":[],"current_hp_per_floor":[70,44,49,48,50,50,42,42,42,47,31,0],"gold":140,"neow_bonus":"TRANSFORM_TWO_CARDS","is_prod":false,"is_daily":false,"chose_seed":false,"campfire_upgraded":2,"win_rate":0,"timestamp":1548872547,"path_taken":["M","?","?","M","M","R","E","R","T","?","M","E"],"build_version":"2019-01-23","purchased_purges":0,"victory":false,"max_hp_per_floor":[75,75,80,80,80,80,87,87,87,87,87,87],"card_choices":[{"not_picked":["Warcry","Metallicize"],"picked":"Infernal Blade","floor":1},{"not_picked":["Heavy Blade","Flex","Intimidate"],"picked":"SKIP","floor":4},{"not_picked":["Clash","Heavy Blade"],"picked":"True Grit","floor":5},{"not_picked":["Hemokinesis","Sword Boomerang"],"picked":"Demon Form","floor":7},{"not_picked":["Thunderclap","Rampage"],"picked":"Whirlwind","floor":11}],"player_experience":283008,"relics_obtained":[{"floor":7,"key":"Strawberry"},{"floor":9,"key":"Red Skull"}],"event_choices":[{"damage_healed":0,"gold_gain":0,"player_choice":"Take Damage","damage_taken":26,"relics_obtained":["Golden Idol"],"max_hp_gain":0,"max_hp_loss":0,"event_name":"Golden Idol","floor":2,"gold_loss":0},{"damage_healed":0,"gold_gain":0,"player_choice":"Donut","damage_taken":0,"max_hp_gain":5,"max_hp_loss":0,"event_name":"Big Fish","floor":3,"gold_loss":0},{"cards_removed":["Clothesline"],"damage_healed":5,"gold_gain":0,"player_choice":"Offered Common","damage_taken":0,"max_hp_gain":0,"max_hp_loss":0,"event_name":"Bonfire Elementals","floor":10,"gold_loss":0},{"cards_removed":["Clothesline"],"damage_healed":5,"gold_gain":0,"player_choice":"Offered Special","damage_taken":0,"max_hp_gain":0,"max_hp_loss":0,"event_name":"Bonfire Elementals","floor":10,"gold_loss":0}],"is_beta":false,"boss_relics":[],"items_purged_floors":[],"is_endless":false,"potions_floor_spawned":[4,5],"killed_by":"Lagavulin","ascension_level":16}