{"gold_per_floor":[165,165,176,191,26,51,51,61,61,80,80,155,155,155,155,258,258,247,337,356,281,281,281,281,281,307,307,342,342],"floor_reached":29,"playtime":1178,"items_purged":[],"score":239,"play_id":"d1afe670-fdf1-4514-b240-75ddb20314b5","local_time":"20190104094027","is_ascension_mode":false,"campfire_choices":[{"floor":7,"key":"REST"},{"floor":13,"key":"REST"},{"data":"Zap","floor":15,"key":"SMITH"},{"floor":23,"key":"REST"},{"floor":24,"key":"REST"},{"data":"Apotheosis","floor":27,"key":"SMITH"}],"neow_cost":"NONE","seed_source_timestamp":155121143788515,"circlet_count":0,"master_deck":["Strike_B","Strike_B","Strike_B","Defend_B","Defend_B","Defend_B","Defend_B+1","Zap+1","Dualcast","Ball Lightning","Gash","Ball Lightning","Apotheosis+1","Scrape","Defragment","All For One","Echo Form","Amplify+1","Rebound+1","Force Field","Deep Breath","Dramatic Entrance","Beam Cell+1","Seek"],"relics":["Tiny House","Bird Faced Urn","Nunchaku","Turnip","WingedGreaves","Astrolabe","MutagenicStrength","PreservedInsect","Lantern"],"potions_floor_usage":[6,28,29],"damage_taken":[{"damage":3,"enemies":"Jaw Worm","floor":1,"turns":3},{"damage":6,"enemies":"Cultist","floor":3,"turns":3},{"damage":2,"enemies":"Small Slimes","floor":4,"turns":3},{"damage":31,"enemies":"Lagavulin","floor":6,"turns":5},{"damage":12,"enemies":"2 Fungi Beasts","floor":8,"turns":3},{"damage":4,"enemies":"Blue Slaver","floor":10,"turns":4},{"damage":20,"enemies":"Slime Boss","floor":16,"turns":8},{"damage":43,"enemies":"2 Thieves","floor":18,"turns":4},{"damage":14,"enemies":"Shell Parasite","floor":20,"turns":3},{"damage":31,"enemies":"Book of Stabbing","floor":28,"turns":5},{"damage":27,"enemies":"Shelled Parasite and Fungi","floor":29,"turns":3}],"seed_played":"-4308799337203823191","potions_obtained":[{"floor":0,"key":"Fire Potion"},{"floor":6,"key":"GamblersBrew"},{"floor":10,"key":"Energy Potion"},{"floor":16,"key":"FearPotion"},{"floor":18,"key":"SteroidPotion"},{"floor":20,"key":"Block Potion"},{"floor":28,"key":"SkillPotion"}],"is_trial":false,"path_per_floor":["M","?","M","M","$","E","R","M","T","M","?","?","R","T","R","B",null,"M","?","M","?","$","R","R","?","T","R","E","M"],"character_chosen":"DEFECT","items_purchased":["Apotheosis"],"campfire_rested":4,"item_purchase_floors":[5],"current_hp_per_floor":[77,69,63,61,61,30,54,42,42,40,40,29,53,53,53,35,80,43,11,1,1,1,25,49,49,49,49,20,0],"gold":342,"neow_bonus":"BOSS_RELIC","is_prod":false,"is_daily":false,"chose_seed":false,"campfire_upgraded":2,"win_rate":0.0,"timestamp":1546623627,"path_taken":["M","?","?","M","$","E","R","M","T","M","?","?","R","?","R","BOSS","M","?","?","?","?","R","R","?","T","R","E","M"],"build_version":"2019-01-03v3","purchased_purges":0,"victory":false,"max_hp_per_floor":[80,80,80,80,80,80,80,80,80,80,80,80,80,80,80,80,80,80,80,80,80,80,80,80,80,80,80,80,80],"card_choices":[{"not_picked":["Rebound","Lockon"],"picked":"Ball Lightning","floor":0},{"not_picked":["Sweeping Beam","Rebound"],"picked":"Gash","floor":1},{"not_picked":["Compile Driver","Redo"],"picked":"Ball Lightning","floor":3},{"not_picked":["Fission","Steam"],"picked":"Stack","floor":4},{"not_picked":["Compile Driver","Coolheaded"],"picked":"Scrape","floor":6},{"not_picked":["Loop","Turbo"],"picked":"Defragment","floor":8},{"not_picked":["Leap","Streamline"],"picked":"All For One","floor":10},{"not_picked":["Hyperbeam","Creative AI"],"picked":"Echo Form","floor":16},{"not_picked":["Consume","Beam Cell+1"],"picked":"Force Field","floor":18},{"not_picked":["Steam Power","Coolheaded"],"picked":"Beam Cell+1","floor":20},{"not_picked":["Turbo","Compile Driver"],"picked":"Seek","floor":28}],"player_experience":44107,"relics_obtained":[{"floor":6,"key":"Bird Faced Urn"},{"floor":9,"key":"Nunchaku"},{"floor":14,"key":"WingedGreaves"},{"floor":26,"key":"PreservedInsect"},{"floor":28,"key":"Lantern"}],"event_choices":[{"damage_healed":0,"gold_gain":0,"player_choice":"Damaged","damage_taken":8,"max_hp_gain":0,"max_hp_loss":0,"event_name":"Wheel of Change","floor":2,"gold_loss":0},{"damage_healed":0,"gold_gain":0,"player_choice":"Box","damage_taken":0,"relics_obtained":["Turnip"],"max_hp_gain":0,"max_hp_loss":0,"event_name":"Big Fish","floor":11,"gold_loss":0,"cards_obtained":["Regret"]},{"damage_healed":0,"gold_gain":75,"player_choice":"Gather Gold","damage_taken":11,"max_hp_gain":0,"max_hp_loss":0,"event_name":"World of Goop","floor":12,"gold_loss":0},{"damage_healed":0,"gold_gain":90,"player_choice":"GOLD CARD CARD ","damage_taken":32,"max_hp_gain":0,"max_hp_loss":0,"event_name":"Knowing Skull","floor":19,"potions_obtained":[],"gold_loss":0,"cards_obtained":["Deep Breath","Dramatic Entrance"]},{"cards_removed":["Pain"],"damage_healed":0,"gold_gain":0,"player_choice":"Gave Gold","damage_taken":0,"max_hp_gain":0,"max_hp_loss":0,"event_name":"Beggar","floor":21,"gold_loss":75},{"damage_healed":0,"gold_gain":0,"player_choice":"Inject Mutagens","damage_taken":0,"relics_obtained":["MutagenicStrength"],"max_hp_gain":0,"max_hp_loss":0,"event_name":"Drug Dealer","floor":25,"gold_loss":0}],"is_beta":false,"boss_relics":[{"not_picked":["Empty Cage","Orrery"],"picked":"Astrolabe"}],"items_purged_floors":[],"is_endless":false,"potions_floor_spawned":[6,10,16,18,20,28],"killed_by":"Shelled Parasite and Fungi","ascension_level":0}