{"gold_per_floor":[117,117,42,42,42,77,77,108,135,135,135,156,156,176,176,176],"floor_reached":16,"playtime":169,"items_purged":[],"score":289,"play_id":"45a12971-7cc9-4bfa-ac44-2b9bdee51930","local_time":"20190202164425","is_ascension_mode":true,"campfire_choices":[{"data":"Dual Wield","floor":7,"key":"SMITH"},{"data":"Bash","floor":13,"key":"SMITH"},{"data":"Strike_R","floor":15,"key":"SMITH"}],"neow_cost":"NONE","seed_source_timestamp":428962363590600,"circlet_count":0,"master_deck":["AscendersBane","Strike_R+1","Strike_R","Strike_R","Defend_R","Defend_R","Defend_R","Defend_R","Bash+1","Dual Wield+1"],"relics":["Burning Blood","NeowsBlessing","Orichalcum","Happy Flower","Boot","Golden Idol","Juzu Bracelet"],"potions_floor_usage":[16],"damage_taken":[{"damage":0,"enemies":"Cultist","floor":1,"turns":1},{"damage":0,"enemies":"Gremlin Nob","floor":6,"turns":1},{"damage":0,"enemies":"Lagavulin","floor":8,"turns":1},{"damage":4,"enemies":"2 Louse","floor":12,"turns":3},{"damage":7,"enemies":"Jaw Worm","floor":14,"turns":3},{"damage":0,"enemies":"Slime Boss","floor":16,"turns":1}],"seed_played":"-2775587585788063340","potions_obtained":[{"floor":1,"key":"GamblersBrew"},{"floor":6,"key":"AttackPotion"}],"is_trial":false,"path_per_floor":["M","?","?","?","$","E","R","E","T","?","?","M","R","M","R","B"],"character_chosen":"IRONCLAD","items_purchased":[],"campfire_rested":0,"item_purchase_floors":[],"current_hp_per_floor":[74,74,74,74,74,75,75,75,75,49,44,46,46,45,45,45],"gold":176,"neow_bonus":"THREE_ENEMY_KILL","is_prod":false,"is_daily":false,"chose_seed":false,"campfire_upgraded":3,"win_rate":0,"timestamp":1549122265,"path_taken":["M","?","?","?","?","E","R","E","T","?","?","M","R","M","R","BOSS"],"build_version":"2019-01-23","purchased_purges":0,"victory":false,"max_hp_per_floor":[75,75,75,75,75,75,75,75,75,75,75,75,75,75,75,75],"card_choices":[{"not_picked":["Havoc","Thunderclap"],"picked":"Dual Wield","floor":1},{"not_picked":["Spot Weakness","Wild Strike","Rupture"],"picked":"SKIP","floor":6},{"not_picked":["Pummel","Reckless Charge","Cleave"],"picked":"SKIP","floor":8},{"not_picked":["True Grit","Blood for Blood","Twin Strike"],"picked":"SKIP","floor":12},{"not_picked":["Uppercut","Demon Form","Clothesline"],"picked":"SKIP","floor":14}],"player_experience":310273,"relics_obtained":[{"floor":6,"key":"Orichalcum"},{"floor":8,"key":"Happy Flower"},{"floor":9,"key":"Boot"}],"event_choices":[{"damage_healed":0,"gold_gain":0,"player_choice":"Ignored","damage_taken":0,"max_hp_gain":0,"max_hp_loss":0,"event_name":"Liars Game","floor":2,"gold_loss":0},{"cards_removed":["Strike_R"],"damage_healed":0,"gold_gain":0,"player_choice":"Card Removal","damage_taken":0,"max_hp_gain":0,"max_hp_loss":0,"event_name":"The Cleric","floor":3,"gold_loss":75},{"cards_removed":["Strike_R"],"damage_healed":0,"gold_gain":0,"player_choice":"Forget","damage_taken":0,"max_hp_gain":0,"max_hp_loss":0,"event_name":"Living Wall","floor":4,"gold_loss":0},{"damage_healed":0,"gold_gain":0,"player_choice":"Take Damage","damage_taken":26,"relics_obtained":["Golden Idol"],"max_hp_gain":0,"max_hp_loss":0,"event_name":"Golden Idol","floor":10,"gold_loss":0},{"damage_healed":0,"gold_gain":0,"player_choice":"Success","damage_taken":5,"relics_obtained":["Juzu Bracelet"],"max_hp_gain":0,"max_hp_loss":0,"event_name":"Scrap Ooze","floor":11,"gold_loss":0}],"is_beta":false,"boss_relics":[],"items_purged_floors":[],"is_endless":false,"potions_floor_spawned":[1,6,8],"killed_by":"Slime Boss","ascension_level":17}