{"gold_per_floor":[112,187,287,212,230,259,259,279,279,293,120,145,145,20,20,20],"floor_reached":16,"playtime":552,"items_purged":["Strike_B","Strike_B","Strike_B"],"score":133,"play_id":"c8ad47a7-4acf-4363-a6be-e97a8d6c83c0","local_time":"20190220130137","is_ascension_mode":false,"campfire_choices":[{"floor":7,"key":"RECALL"},{"floor":15,"key":"REST"}],"neow_cost":"NONE","seed_source_timestamp":531975206059161,"circlet_count":0,"master_deck":["Strike_B","Defend_B","Defend_B","Defend_B","Defend_B","Zap","Dualcast","Turbo","Blizzard","Parasite"],"relics":["Cracked Core","NeowsBlessing","Girya","Mango","Orichalcum"],"potions_floor_usage":[12,12,16],"damage_taken":[{"damage":0,"enemies":"Jaw Worm","floor":1,"turns":1},{"damage":0,"enemies":"Cultist","floor":5,"turns":1},{"damage":0,"enemies":"3 Sentries","floor":6,"turns":2},{"damage":0,"enemies":"2 Louse","floor":8,"turns":4},{"damage":22,"enemies":"Exordium Wildlife","floor":10,"turns":6},{"damage":47,"enemies":"Lagavulin","floor":12,"turns":7},{"damage":57,"enemies":"Slime Boss","floor":16,"turns":7}],"seed_played":"359204173905162211","potions_obtained":[{"floor":6,"key":"Ancient Potion"},{"floor":8,"key":"PowerPotion"},{"floor":12,"key":"LiquidBronze"}],"is_trial":false,"path_per_floor":["M","?","?","$","M","E","R","M","T","M","$","E","?","$","R","B"],"character_chosen":"DEFECT","items_purchased":["Blizzard"],"campfire_rested":1,"item_purchase_floors":[11],"current_hp_per_floor":[75,64,64,64,64,64,64,64,78,56,56,9,31,31,57,0],"gold":20,"neow_bonus":"THREE_ENEMY_KILL","is_prod":false,"is_daily":false,"chose_seed":false,"campfire_upgraded":0,"win_rate":0,"timestamp":1550635297,"path_taken":["M","?","?","$","M","E","R","?","T","M","$","E","?","?","R","BOSS"],"build_version":"2019-01-23","purchased_purges":3,"victory":false,"max_hp_per_floor":[75,75,75,75,75,75,75,75,89,89,89,89,89,89,89,89],"card_choices":[{"not_picked":["Go for the Eyes","Self Repair","Sweeping Beam"],"picked":"SKIP","floor":1},{"not_picked":["Fusion","Auto Shields"],"picked":"Turbo","floor":5},{"not_picked":["Rebound","Creative AI","Meteor Strike"],"picked":"SKIP","floor":6},{"not_picked":["Sweeping Beam","Rebound","Stack"],"picked":"SKIP","floor":8},{"not_picked":["Streamline","Ball Lightning","Genetic Algorithm"],"picked":"SKIP","floor":10},{"not_picked":["Rip and Tear","Compile Driver","Barrage"],"picked":"SKIP","floor":12}],"player_experience":154906,"relics_obtained":[{"floor":6,"key":"Girya"},{"floor":9,"key":"Mango"},{"floor":12,"key":"Orichalcum"}],"event_choices":[{"damage_healed":0,"gold_gain":75,"player_choice":"Gather Gold","damage_taken":11,"max_hp_gain":0,"max_hp_loss":0,"event_name":"World of Goop","floor":2,"gold_loss":0},{"damage_healed":0,"gold_gain":100,"player_choice":"Pray","damage_taken":0,"max_hp_gain":0,"max_hp_loss":0,"event_name":"Golden Shrine","floor":3,"gold_loss":0},{"damage_healed":22,"gold_gain":0,"player_choice":"Healed and dodged fight","damage_taken":0,"max_hp_gain":0,"max_hp_loss":0,"event_name":"Mushrooms","floor":13,"gold_loss":0,"cards_obtained":["Parasite"]}],"is_beta":false,"boss_relics":[],"items_purged_floors":[4,11,14],"is_endless":false,"potions_floor_spawned":[6,8,12],"killed_by":"Slime Boss","ascension_level":0}