{"gold_per_floor":[111,111,126,143,157,157,157,157,157,176,190,206,206,30,30,130,130,145,145,159,171,171,171,203,203,203,217,244,244],"floor_reached":29,"playtime":1635,"items_purged":[],"score":283,"play_id":"84c67d1a-6350-422b-8f39-10f740130da4","local_time":"20190122113520","is_ascension_mode":true,"campfire_choices":[{"data":"Sucker Punch","floor":6,"key":"SMITH"},{"data":"Sucker Punch","floor":8,"key":"SMITH"},{"data":"Poisoned Stab","floor":13,"key":"SMITH"},{"data":"Crippling Poison","floor":15,"key":"SMITH"},{"data":"Bullet Time","floor":23,"key":"SMITH"},{"floor":25,"key":"REST"}],"neow_cost":"NONE","seed_source_timestamp":662140395154607,"circlet_count":0,"master_deck":["Defend_G+1","Defend_G+1","Defend_G+1","Defend_G+1","Defend_G+1","Strike_G+1","Strike_G+1","Strike_G+1","Strike_G+1","Survivor","Deadly Poison","Sucker Punch+1","Poisoned Stab+1","Sucker Punch+1","Dodge and Roll","Deadly Poison","Accuracy+1","Bouncing Flask","Crippling Poison+1","Bullet Time+1","Adrenaline+1","Reflex+1","Die Die Die+1","Outmaneuver","Dagger Spray","Terror","Outmaneuver","Outmaneuver","Expertise+1"],"relics":["Busted Crown","Frozen Egg 2","Ornamental Fan","Astrolabe","MutagenicStrength","Ancient Tea Set","Question Card","Pear"],"potions_floor_usage":[16,20,21,24,27,28,28],"damage_taken":[{"damage":1,"enemies":"2 Louse","floor":1,"turns":3},{"damage":0,"enemies":"Cultist","floor":3,"turns":4},{"damage":1,"enemies":"Jaw Worm","floor":4,"turns":2},{"damage":5,"enemies":"Red Slaver","floor":5,"turns":4},{"damage":0,"enemies":"Exordium Thugs","floor":10,"turns":5},{"damage":0,"enemies":"Blue Slaver","floor":11,"turns":4},{"damage":2,"enemies":"3 Louse","floor":12,"turns":3},{"damage":50,"enemies":"Slime Boss","floor":16,"turns":13},{"damage":14,"enemies":"Spheric Guardian","floor":18,"turns":5},{"damage":13,"enemies":"2 Thieves","floor":20,"turns":4},{"damage":8,"enemies":"Centurion and Healer","floor":21,"turns":6},{"damage":33,"enemies":"Gremlin Leader","floor":24,"turns":5},{"damage":4,"enemies":"Chosen and Byrds","floor":27,"turns":4},{"damage":18,"enemies":"Slavers","floor":28,"turns":4},{"damage":28,"enemies":"3 Cultists","floor":29,"turns":4}],"seed_played":"732209263731558937","potions_obtained":[{"floor":3,"key":"GhostInAJar"},{"floor":4,"key":"LiquidBronze"},{"floor":10,"key":"Weak Potion"},{"floor":16,"key":"Regen Potion"},{"floor":20,"key":"Weak Potion"},{"floor":21,"key":"LiquidBronze"},{"floor":27,"key":"Fire Potion"}],"is_trial":false,"path_per_floor":["M","?","M","M","M","R","?","R","T","M","M","M","R","$","R","B",null,"M","?","M","M","?","R","E","R","T","M","E","M"],"character_chosen":"THE_SILENT","items_purchased":["Accuracy+1","Bouncing Flask","Crippling Poison"],"campfire_rested":1,"item_purchase_floors":[14,14,14],"current_hp_per_floor":[69,69,69,68,63,63,63,63,63,63,63,61,61,61,61,11,70,56,56,43,50,50,50,17,38,38,34,26,0],"gold":244,"neow_bonus":"BOSS_RELIC","is_prod":false,"is_daily":false,"chose_seed":false,"campfire_upgraded":5,"win_rate":0,"timestamp":1548128120,"path_taken":["M","?","M","M","?","R","?","R","T","M","?","M","R","$","R","BOSS","M","?","M","M","?","R","E","R","T","M","E","?"],"build_version":"2019-01-17v2","purchased_purges":0,"victory":false,"max_hp_per_floor":[70,70,70,70,70,70,70,70,70,70,70,70,70,70,70,70,70,70,70,70,70,70,70,70,70,70,70,80,80],"card_choices":[{"not_picked":[],"picked":"Deadly Poison","floor":1},{"not_picked":[],"picked":"Poisoned Stab","floor":3},{"not_picked":[],"picked":"Sucker Punch","floor":4},{"not_picked":[],"picked":"Dodge and Roll","floor":5},{"not_picked":[],"picked":"Deadly Poison","floor":10},{"not_picked":[],"picked":"Deflect","floor":11},{"not_picked":[],"picked":"Acrobatics","floor":12},{"not_picked":[],"picked":"Bullet Time","floor":16},{"not_picked":[],"picked":"Outmaneuver","floor":18},{"not_picked":[],"picked":"Dagger Spray","floor":20},{"not_picked":[],"picked":"Terror","floor":21},{"not_picked":[],"picked":"Outmaneuver","floor":24},{"not_picked":["Deflect"],"picked":"Outmaneuver","floor":27},{"not_picked":["Blur"],"picked":"Expertise+1","floor":28}],"player_experience":63466,"relics_obtained":[{"floor":7,"key":"Frozen Egg 2"},{"floor":9,"key":"Ornamental Fan"},{"floor":24,"key":"Ancient Tea Set"},{"floor":26,"key":"Question Card"},{"floor":28,"key":"Pear"}],"event_choices":[{"damage_healed":0,"gold_gain":0,"cards_transformed":["Strike_G"],"player_choice":"Transformed","damage_taken":0,"max_hp_gain":0,"max_hp_loss":0,"event_name":"Transmorgrifier","floor":2,"gold_loss":0,"cards_obtained":["Sucker Punch"]},{"damage_healed":0,"gold_gain":0,"player_choice":"Relic","damage_taken":0,"max_hp_gain":0,"max_hp_loss":0,"event_name":"Wheel of Change","floor":7,"gold_loss":0},{"damage_healed":0,"gold_gain":0,"player_choice":"Inject Mutagens","damage_taken":0,"relics_obtained":["MutagenicStrength"],"max_hp_gain":0,"max_hp_loss":0,"event_name":"Drug Dealer","floor":19,"gold_loss":0},{"damage_healed":0,"gold_gain":0,"player_choice":"Simplicity","damage_taken":0,"max_hp_gain":0,"max_hp_loss":0,"event_name":"Back to Basics","floor":22,"gold_loss":0,"cards_upgraded":["Defend_G","Defend_G","Defend_G","Defend_G","Defend_G","Strike_G","Strike_G","Strike_G","Strike_G"]}],"is_beta":false,"boss_relics":[{"not_picked":["Tiny House","Velvet Choker"],"picked":"Astrolabe"}],"items_purged_floors":[],"is_endless":false,"potions_floor_spawned":[3,4,10,16,20,21,27],"killed_by":"3 Cultists","ascension_level":2}