{"path_per_floor":["M","?","M","?","$","E","?","R","T","$","M","E","M","M","R","B",null,"M","M","$","?","M","R","?","R","T","M","R","E","?","M","R","B",null,"M","$","?","?","M","R"],"character_chosen":"IRONCLAD","items_purchased":["Clash","Shovel","Ancient Tea Set","Mind Blast"],"gold_per_floor":[20,20,36,111,111,145,145,145,145,122,135,169,188,207,207,306,306,320,331,29,29,49,49,49,49,49,66,66,91,122,138,138,240,240,257,13,58,280,291,291,291],"floor_reached":41,"campfire_rested":0,"playtime":1890,"current_hp_per_floor":[78,78,78,67,67,57,57,57,57,57,63,40,49,47,47,44,83,56,39,39,23,20,26,26,39,39,40,48,14,25,43,51,52,110,114,114,80,80,55,65,0],"items_purged":[],"gold":291,"score":519,"play_id":"08085c21-2dbf-4ce9-9a67-b5b5beae4f9b","local_time":"20180513184517","is_prod":false,"is_daily":false,"chose_seed":false,"is_ascension_mode":false,"campfire_upgraded":2,"timestamp":1526229917,"path_taken":["M","?","M","?","$","E","?","R","T","$","M","E","M","?","R","BOSS","M","M","$","?","M","R","?","R","T","M","R","E","?","M","R","BOSS","M","$","?","?","?","R","E"],"build_version":"2018-05-10","seed_source_timestamp":0,"purchased_purges":0,"victory":false,"master_deck":["Strike_R","Strike_R","Strike_R","Strike_R","Strike_R","Defend_R","Bash","Whirlwind","Perfected Strike+1","Hemokinesis","Shrug It Off","Regret","Clash","Headbutt","Feed+1","Impervious","Shrug It Off+1","Perfected Strike","Clash","Shrug It Off+1","Berserk","Twin Strike+1","Impervious","Mind Blast","Clash+1"],"max_hp_per_floor":[80,80,80,80,80,80,80,80,80,80,80,80,83,83,83,83,83,87,91,91,91,95,95,95,102,102,102,102,106,106,110,110,110,110,114,114,118,118,118,118,118],"relics":["Burning Blood","Pen Nib","Red Skull","Bottled Flame","Sundial","Eternal Feather","Shovel","Enchiridion","Pantograph","Strawberry","Matryoshka","Dream Catcher","Meat on the Bone","Red Mask","Mercury Hourglass","Black Star","Ancient Tea Set","Ice Cream","Centennial Puzzle"],"card_choices":[{"not_picked":["Feel No Pain","Sword Boomerang"],"picked":"Shrug It Off","floor":3.0},{"not_picked":["Spot Weakness","Uppercut"],"picked":"Headbutt","floor":11.0},{"not_picked":["Rupture","Power Through"],"picked":"Feed","floor":12.0},{"not_picked":["Juggernaut","Fiend Fire"],"picked":"Impervious","floor":16.0},{"not_picked":["Seeing Red","Cleave"],"picked":"Shrug It Off","floor":18.0},{"not_picked":["Sword Boomerang","Infernal Blade"],"picked":"Perfected Strike","floor":19.0},{"not_picked":["Pummel","Corruption"],"picked":"Clash","floor":22.0},{"not_picked":["Rampage","Iron Wave"],"picked":"Shrug It Off","floor":27.0},{"not_picked":["Sword Boomerang","Reckless Charge"],"picked":"Berserk","floor":30.0},{"not_picked":["Shrug It Off","Sword Boomerang"],"picked":"Twin Strike","floor":31.0},{"not_picked":["Limit Break","Bludgeon"],"picked":"Impervious","floor":33.0},{"not_picked":["Sentinel","Clothesline"],"picked":"Clash","floor":37}],"player_experience":40194,"potions_floor_usage":[41,41,41],"damage_taken":[{"damage":8.0,"enemies":"Jaw Worm","floor":1.0,"turns":3.0},{"damage":6.0,"enemies":"Cultist","floor":3.0,"turns":3.0},{"damage":22.0,"enemies":"3 Sentries","floor":6.0,"turns":4.0},{"damage":0.0,"enemies":"2 Louse","floor":11.0,"turns":1.0},{"damage":29.0,"enemies":"Lagavulin","floor":12.0,"turns":4.0},{"damage":0.0,"enemies":"Looter","floor":13.0,"turns":1.0},{"damage":8.0,"enemies":"3 Louse","floor":14.0,"turns":2.0},{"damage":9.0,"enemies":"Slime Boss","floor":16.0,"turns":5.0},{"damage":37.0,"enemies":"2 Thieves","floor":18.0,"turns":4.0},{"damage":27.0,"enemies":"3 Byrds","floor":19.0,"turns":6.0},{"damage":13.0,"enemies":"3 Cultists","floor":22.0,"turns":4.0},{"damage":5.0,"enemies":"Snecko","floor":27.0,"turns":3.0},{"damage":44.0,"enemies":"Slavers","floor":29.0,"turns":6.0},{"damage":7.0,"enemies":"Masked Bandits","floor":30.0,"turns":3.0},{"damage":4.0,"enemies":"Centurion and Healer","floor":31.0,"turns":3.0},{"damage":42.0,"enemies":"Automaton","floor":33.0,"turns":5.0},{"damage":3,"enemies":"3 Shapes","floor":35,"turns":4},{"damage":44,"enemies":"Mysterious Sphere","floor":37,"turns":5},{"damage":43,"enemies":"3 Darklings","floor":39,"turns":6},{"damage":90,"enemies":"Giant Head","floor":41,"turns":7}],"event_choices":[{"event_name":"Transmorgrifier","player_choice":"Transform","floor":2.0,"damage_taken":0.0},{"event_name":"World of Goop","player_choice":"Gather Gold","floor":4.0,"damage_taken":0.0},{"event_name":"Big Fish","player_choice":"Box","floor":7.0,"damage_taken":0.0},{"event_name":"Cursed Tome","player_choice":"Obtained Book","floor":21.0,"damage_taken":0.0},{"event_name":"Addict","player_choice":"Ignored","floor":24.0,"damage_taken":0.0},{"event_name":"Masked Bandits","player_choice":"Fought over 91 gold","floor":30.0,"damage_taken":0.0},{"event_name":"Mysterious Sphere","player_choice":"Fight","floor":37,"damage_taken":0},{"event_name":"Tomb of Lord Red Mask","player_choice":"Wore Mask","floor":38,"damage_taken":0}],"boss_relics":[{"not_picked":["Black Blood","Orrery"],"picked":"Black Star"}],"potions_floor_spawned":[1,3,14,18,22,30,33,37,39],"seed_played":"-3703935327371522658","killed_by":"Giant Head","ascension_level":0,"is_trial":false}