{"gold_per_floor":[99,99,99,49,4,4,4,4,4,4,4,4,4,4,4,4],"floor_reached":16,"playtime":636,"items_purged":[],"score":144,"play_id":"20b2344b-87a1-4f3a-a3d4-cee02f59eb32","local_time":"20190213143223","is_ascension_mode":true,"campfire_choices":[{"floor":12,"key":"REST"},{"floor":15,"key":"REST"}],"neow_cost":"NONE","seed_source_timestamp":7880890634000,"circlet_count":0,"master_deck":["Defend_G","Defend_G","Defend_G","Defend_G","Defend_G","Strike_G","Strike_G","Strike_G","Strike_G","Survivor","Neutralize","Choke","Expertise","Cloak And Dagger","Corpse Explosion","PiercingWail","Cloak And Dagger","Night Terror","Blade Dance","Cloak And Dagger"],"relics":["Ectoplasm","Golden Idol","Anchor","Bag of Marbles","Paper Crane","Juzu Bracelet"],"potions_floor_usage":[8,14],"damage_taken":[{"damage":0,"enemies":"Cultist","floor":1,"turns":4},{"damage":2,"enemies":"Jaw Worm","floor":2,"turns":4},{"damage":28,"enemies":"Gremlin Nob","floor":6,"turns":4},{"damage":9,"enemies":"3 Sentries","floor":8,"turns":5},{"damage":0,"enemies":"Small Slimes","floor":10,"turns":3},{"damage":0,"enemies":"Exordium Wildlife","floor":11,"turns":2},{"damage":0,"enemies":"Gremlin Gang","floor":13,"turns":3},{"damage":11,"enemies":"Lagavulin","floor":14,"turns":5},{"damage":53,"enemies":"Slime Boss","floor":16,"turns":11}],"seed_played":"8020584235829791275","potions_obtained":[{"floor":1,"key":"SkillPotion"},{"floor":6,"key":"Poison Potion"}],"is_trial":false,"path_per_floor":["M","M","?","?","$","E","$","E","T","M","M","R","M","E","R","B"],"character_chosen":"THE_SILENT","items_purchased":["Cloak And Dagger"],"campfire_rested":2,"item_purchase_floors":[5],"current_hp_per_floor":[70,68,51,51,51,23,23,14,14,14,14,35,35,24,45,0],"gold":4,"neow_bonus":"BOSS_RELIC","is_prod":false,"is_daily":false,"chose_seed":false,"campfire_upgraded":0,"win_rate":0,"timestamp":1550064743,"path_taken":["M","M","?","?","$","E","?","E","T","?","M","R","M","E","R","BOSS"],"build_version":"2019-01-23","purchased_purges":0,"victory":false,"max_hp_per_floor":[70,70,70,70,70,70,70,70,70,70,70,70,70,70,70,70],"card_choices":[{"not_picked":["Tactician","Blade Dance"],"picked":"Choke","floor":1},{"not_picked":["Prepared","Dodge and Roll"],"picked":"Expertise","floor":2},{"not_picked":["Sucker Punch","Quick Slash"],"picked":"Corpse Explosion","floor":6},{"not_picked":["Dagger Spray","Sucker Punch"],"picked":"PiercingWail","floor":8},{"not_picked":["Acrobatics","Dagger Spray"],"picked":"Cloak And Dagger","floor":10},{"not_picked":["Deflect","Dodge and Roll"],"picked":"Night Terror","floor":11},{"not_picked":["Sucker Punch","Infinite Blades"],"picked":"Blade Dance","floor":13},{"not_picked":["Slice","Dash"],"picked":"Cloak And Dagger","floor":14}],"player_experience":394827,"relics_obtained":[{"floor":6,"key":"Anchor"},{"floor":8,"key":"Bag of Marbles"},{"floor":9,"key":"Paper Crane"},{"floor":14,"key":"Juzu Bracelet"}],"event_choices":[{"damage_healed":0,"gold_gain":0,"player_choice":"Take Damage","damage_taken":17,"relics_obtained":["Golden Idol"],"max_hp_gain":0,"max_hp_loss":0,"event_name":"Golden Idol","floor":3,"gold_loss":0},{"cards_removed":["Strike_G"],"damage_healed":0,"gold_gain":0,"player_choice":"Card Removal","damage_taken":0,"max_hp_gain":0,"max_hp_loss":0,"event_name":"The Cleric","floor":4,"gold_loss":50}],"is_beta":false,"boss_relics":[],"items_purged_floors":[],"is_endless":false,"potions_floor_spawned":[1,6],"killed_by":"Slime Boss","ascension_level":4}