{"path_per_floor":["M","?","?","?","M","E","M","$","T","M","M","R","M","$","R","B",null,"M","?","M","M","?","?","M","M","T","?","M","M","$","M","R"],"character_chosen":"IRONCLAD","items_purchased":["Apotheosis","Flex","Dropkick","Mind Blast"],"gold_per_floor":[116,291,291,291,310,341,353,98,121,134,146,146,160,57,57,156,186,197,120,135,146,71,71,84,99,99,99,117,132,28,45,45,45],"floor_reached":33,"campfire_rested":1,"playtime":1075,"current_hp_per_floor":[78,78,71,71,77,80,80,80,80,76,76,76,79,79,79,57,84,82,82,78,29,29,39,43,45,45,29,28,32,32,36,69,0],"items_purged":["Regret"],"gold":45,"score":467,"play_id":"e491ffe4-9177-430a-aaf3-fdd943ce344e","local_time":"20180522001055","is_prod":false,"is_daily":false,"chose_seed":false,"is_ascension_mode":true,"campfire_upgraded":2,"timestamp":1526940655,"campfire_choices":[{"data":"Apotheosis","floor":12,"key":"SMITH"},{"data":"Double Tap","floor":15,"key":"SMITH"},{"floor":32,"key":"REST"}],"path_taken":["M","?","?","?","?","E","M","$","T","M","M","R","M","$","R","BOSS","M","?","M","M","?","?","?","M","T","?","M","M","$","M","R","BOSS"],"build_version":"2018-05-17","seed_source_timestamp":182609890066876,"purchased_purges":1,"victory":false,"master_deck":["Strike_R","Strike_R","Strike_R","Strike_R","Strike_R","Defend_R","Defend_R","Defend_R+1","Bash","AscendersBane","Flex","Double Tap+1","Flex","Apotheosis+1","Flex","Dropkick","Offering","Sword Boomerang","Warcry+1","Limit Break","Necronomicurse","Mind Blast"],"max_hp_per_floor":[80,80,80,80,80,80,80,80,80,82,84,84,86,86,86,86,91,91,91,93,93,93,103,105,107,107,107,109,111,111,113,113,113],"relics":["Burning Blood","NeowsBlessing","Orichalcum","Singing Bowl","Lantern","Tiny House","Pear","Matryoshka","Necronomicon"],"card_choices":[{"not_picked":["Metallicize","Burning Pact"],"picked":"Flex","floor":1},{"not_picked":["Sentinel","Warcry","Wild Strike"],"picked":"SKIP","floor":5},{"not_picked":["Shrug It Off","Armaments"],"picked":"Double Tap","floor":6},{"not_picked":["Cleave","Wild Strike"],"picked":"Flex","floor":7},{"not_picked":["True Grit","Reckless Charge","Havoc"],"picked":"Singing Bowl","floor":10},{"not_picked":["Second Wind","Sentinel","Clothesline"],"picked":"Singing Bowl","floor":11},{"not_picked":["Wild Strike","Demon Form","Clash"],"picked":"Singing Bowl","floor":13},{"not_picked":["Limit Break","Barricade"],"picked":"Offering","floor":16},{"not_picked":["Burning Pact","Headbutt"],"picked":"Sword Boomerang","floor":17},{"not_picked":["Sword Boomerang","Cleave"],"picked":"Warcry+1","floor":18},{"not_picked":["Clash","Clothesline","Hemokinesis"],"picked":"Singing Bowl","floor":20},{"not_picked":["Havoc","Perfected Strike+1"],"picked":"Limit Break","floor":21},{"not_picked":["Carnage+1","Cleave","Iron Wave+1"],"picked":"Singing Bowl","floor":24},{"not_picked":["Sentinel+1","Blood for Blood","Heavy Blade"],"picked":"Singing Bowl","floor":25},{"not_picked":["Bloodletting","Clothesline","Dropkick"],"picked":"Singing Bowl","floor":28},{"not_picked":["Headbutt","Armaments+1","Iron Wave"],"picked":"Singing Bowl","floor":29},{"not_picked":["Rampage","Iron Wave","Perfected Strike"],"picked":"Singing Bowl","floor":31}],"player_experience":169935,"potions_floor_usage":[16,16,16,25,29,33,33,33],"damage_taken":[{"damage":0,"enemies":"2 Louse","floor":1,"turns":1},{"damage":0,"enemies":"Small Slimes","floor":5,"turns":2},{"damage":0,"enemies":"Lagavulin","floor":6,"turns":1},{"damage":3,"enemies":"Cultist","floor":7,"turns":3},{"damage":12,"enemies":"Lots of Slimes","floor":10,"turns":5},{"damage":8,"enemies":"Large Slime","floor":11,"turns":6},{"damage":5,"enemies":"Looter","floor":13,"turns":2},{"damage":28,"enemies":"Slime Boss","floor":16,"turns":6},{"damage":8,"enemies":"Shell Parasite","floor":18,"turns":2},{"damage":12,"enemies":"Spheric Guardian","floor":20,"turns":3},{"damage":55,"enemies":"Cultist and Chosen","floor":21,"turns":8},{"damage":4,"enemies":"Snake Plant","floor":24,"turns":2},{"damage":16,"enemies":"Chosen and Byrds","floor":25,"turns":3},{"damage":9,"enemies":"Sentry and Sphere","floor":28,"turns":3},{"damage":4,"enemies":"Cultist and Chosen","floor":29,"turns":3},{"damage":4,"enemies":"3 Cultists","floor":31,"turns":3},{"damage":84,"enemies":"Champ","floor":33,"turns":5}],"relics_obtained":[{"floor":6,"key":"Singing Bowl"},{"floor":9,"key":"Lantern"},{"floor":26,"key":"Matryoshka"},{"floor":27,"key":"Necronomicon"}],"event_choices":[{"event_name":"Liars Game","player_choice":"agreed","floor":2,"damage_taken":0},{"event_name":"Golden Wing","player_choice":"Card Removal","floor":3,"damage_taken":0},{"event_name":"Big Fish","player_choice":"Box","floor":4,"damage_taken":0},{"event_name":"Drug Dealer","player_choice":"Got JAXXED","floor":19,"damage_taken":0},{"event_name":"Beggar","player_choice":"Gave Gold","floor":22,"damage_taken":0},{"event_name":"Addict","player_choice":"Gave JAX","floor":23,"damage_taken":0},{"event_name":"Cursed Tome","player_choice":"Obtained Book","floor":27,"damage_taken":0}],"boss_relics":[{"not_picked":["Black Star","Runic Cube"],"picked":"Tiny House"}],"potions_floor_spawned":[6,7,13,18,21,24,25,31],"seed_played":"-2737538202600257035","killed_by":"Champ","ascension_level":10,"potions_obtained":[{"floor":6,"key":"Strength Potion"},{"floor":7,"key":"Dexterity Potion"},{"floor":13,"key":"Strength Potion"},{"floor":17,"key":"Poison Potion"},{"floor":18,"key":"PowerPotion"},{"floor":21,"key":"BloodPotion"},{"floor":25,"key":"LiquidBronze"},{"floor":31,"key":"Regen Potion"}],"is_trial":false}