{"path_per_floor":["M","$","M","?","$","E","M","R","T","E","R","M","M","M","R","B",null,"M","M","T","$","M","E","M","R","T","M","R","?","M","M","R","B",null,"M","?","M"],"character_chosen":"THE_SILENT","items_purchased":["Apotheosis","Accuracy"],"gold_per_floor":[111,111,127,203,0,25,37,37,37,63,63,79,90,106,106,208,208,221,234,234,153,171,198,208,208,208,225,225,225,237,257,257,362,362,374,423,439],"floor_reached":38,"campfire_rested":2,"playtime":2485,"current_hp_per_floor":[70,70,70,70,70,70,70,70,70,44,44,35,34,34,34,28,70,56,52,52,52,52,28,7,43,43,41,41,32,26,26,63,62,75,51,23,6],"items_purged":[],"gold":439,"play_id":"56296a8f-24da-435e-80cc-c4ddc2e9cdfe","is_prod":false,"is_daily":false,"campfire_rituals":0,"campfire_upgraded":1,"is_hardmode":false,"path_taken":["M","$","M","?","$","E","?","R","T","E","R","?","M","M","R","BOSS","M","M","?","$","M","E","M","R","T","?","R","?","M","M","R","BOSS","M","?","M","M"],"build_version":"2018-01-11-PROD1","purchased_purges":0,"victory":false,"master_deck":["Defend_G","Defend_G","Defend_G","Strike_G","Strike_G","Strike_G","Strike_G","Survivor","Neutralize","Footwork","Predator","Apotheosis","Poisoned Stab","Flying Knee","Caltrops","Heel Hook","Cloak And Dagger","Terror","Night Terror","Dagger Spray","Dash","Accuracy","Distraction","Calculated Gamble","Footwork","Noxious Fumes","Dagger Spray","Crippling Poison","Bullet Time","Heel Hook","Night Terror","Predator","Acrobatics","Acrobatics","Cloak And Dagger"],"max_hp_per_floor":[70,70,70,70,70,70,70,70,70,70,70,70,70,70,70,70,70,70,70,70,70,70,70,70,70,70,70,70,75,75,75,75,75,75,75,75,75],"relics":["Ring of the Snake","NeowsBlessing","Lantern","Girya","Tingsha","Lizard Tail","Ice Cream","Regal Pillow","Unceasing Top","Astrolabe","Calipers"],"campfire_meditates":0,"card_choices":[{"not_picked":["Bane","Quick Slash"],"picked":"Footwork"},{"not_picked":["Bouncing Flask","PiercingWail"],"picked":"Predator"},{"not_picked":["Flechettes","Finisher"],"picked":"Poisoned Stab"},{"not_picked":["Eviscerate","Reflex"],"picked":"Flying Knee"},{"not_picked":["Riddle With Holes","Quick Slash"],"picked":"Caltrops"},{"not_picked":["PiercingWail","Prepared"],"picked":"Heel Hook"},{"not_picked":["Reflex","Infinite Blades"],"picked":"Cloak And Dagger"},{"not_picked":["Outmaneuver","Crippling Poison"],"picked":"Terror"},{"not_picked":["Venomology","Adrenaline"],"picked":"Night Terror"},{"not_picked":["Eviscerate","Outmaneuver"],"picked":"Dagger Spray"},{"not_picked":["Outmaneuver","Masterful Stab"],"picked":"Dash"},{"not_picked":["Flying Knee","Bane"],"picked":"Distraction"},{"not_picked":["Sucker Punch","Poisoned Stab"],"picked":"Calculated Gamble"},{"not_picked":["Terror","Predator"],"picked":"Footwork"},{"not_picked":["Infinite Blades","Malaise"],"picked":"Noxious Fumes"},{"not_picked":["Eviscerate","Quick Slash"],"picked":"Dagger Spray"},{"not_picked":["Dagger Throw","Outmaneuver"],"picked":"Crippling Poison"},{"not_picked":["Wraith Form","Die Die Die"],"picked":"Bullet Time"},{"not_picked":["Sucker Punch","Bane"],"picked":"Acrobatics"},{"not_picked":["Escape Plan","Flechettes"],"picked":"Acrobatics"},{"not_picked":["Masterful Stab","Predator"],"picked":"Cloak And Dagger"}],"player_experience":38227,"potions_floor_usage":[13,16,16,16,23,31,31,33,33],"damage_taken":[{"damage":0,"enemies":"Cultist","floor":1,"turns":1},{"damage":0,"enemies":"Jaw Worm","floor":3,"turns":1},{"damage":0,"enemies":"Lagavulin","floor":6,"turns":1},{"damage":0,"enemies":"2 Louse","floor":7,"turns":2},{"damage":26,"enemies":"3 Sentries","floor":10,"turns":5},{"damage":9,"enemies":"Gremlin Gang","floor":12,"turns":4},{"damage":1,"enemies":"Lots of Slimes","floor":13,"turns":3},{"damage":0,"enemies":"3 Louse","floor":14,"turns":2},{"damage":6,"enemies":"Slime Boss","floor":16,"turns":4},{"damage":14,"enemies":"3 Byrds","floor":18,"turns":5},{"damage":4,"enemies":"2 Thieves","floor":19,"turns":3},{"damage":0,"enemies":"Snecko","floor":22,"turns":4},{"damage":24,"enemies":"Book of Stabbing","floor":23,"turns":5},{"damage":21,"enemies":"Snake Plant","floor":24,"turns":3},{"damage":2,"enemies":"3 Cultists","floor":27,"turns":4},{"damage":6,"enemies":"Centurion and Healer","floor":30,"turns":5},{"damage":0,"enemies":"Snecko","floor":31,"turns":2},{"damage":1,"enemies":"Champ","floor":33,"turns":10},{"damage":24,"enemies":"Orb Walker","floor":35,"turns":4},{"damage":76,"enemies":"Mysterious Sphere","floor":36,"turns":4},{"damage":17,"enemies":"3 Shapes","floor":37,"turns":6},{"damage":8,"enemies":"3 Darklings","floor":38,"turns":2}],"event_choices":[{"event_name":"Golden Wing","player_choice":"Gained Gold","floor":4,"damage_taken":0},{"event_name":"Forgotten Altar","player_choice":"Shed Blood","floor":29,"damage_taken":0},{"event_name":"Mysterious Sphere","player_choice":"Fight","floor":36,"damage_taken":0}],"boss_relics":[{"not_picked":["Eternal Feather","Runic Pyramid"],"picked":"Lizard Tail"},{"not_picked":["Cursed Key","Tiny House"],"picked":"Astrolabe"}],"potions_floor_spawned":[6,7,13,14,16,19,24,31,35,36],"seed_played":"-2490002763813177763","killed_by":"3 Darklings","is_trial":false}