{"gold_per_floor":[114,114,129,144,159,189,15,15,15,30,30,60,81,81,81,181,181,196,196,211,211,142,172,87,117,117,117,117,132,132,162,162,262,262,277,277,292,307,12,12,42,24,74,89,104,104,21,21,21,21],"floor_reached":51,"playtime":3918,"items_purged":["Pain"],"score":791,"play_id":"ed189846-4535-4cb9-939a-83e2516ef038","local_time":"20190107140153","daily_mods":["Draft","Red Cards","Elite Swarm"],"is_ascension_mode":false,"campfire_choices":[{"floor":11,"key":"REST"},{"floor":15,"key":"REST"},{"data":"Armaments","floor":28,"key":"SMITH"},{"data":"Armaments","floor":30,"key":"SMITH"},{"data":"Armaments","floor":32,"key":"SMITH"},{"data":"Metallicize","floor":40,"key":"SMITH"},{"floor":46,"key":"REST"},{"data":"Redo","floor":49,"key":"SMITH"}],"neow_cost":"","seed_source_timestamp":0,"circlet_count":0,"master_deck":["Flex","Ball Lightning","Armaments+1","True Grit","Rebound","Leap","Flame Barrier","Cleave","Gash","Hello World","Armaments+1","Go for the Eyes","Thunderclap","Rampage","Metallicize+1","Intimidate","Go for the Eyes","Stack","Feed","Metallicize+1","Redo+1","Armaments+1","Machine Learning","Lockon","Double Tap","Flex","Go for the Eyes+1","Static Discharge","Clumsy","Streamline+1","Biased Cognition","Core Surge","Warcry+1","Writhe","Recycle+1","Beam Cell+1","Battle Trance","Cold Snap","Shrug It Off","All For One","Anger","Pain","Warcry+1","Metallicize","Redo+1"],"special_seed":17903,"relics":["Cracked Core","WarpedTongs","Cables","Darkstone Periapt","Bottled Tornado","Mummified Hand","Odd Mushroom","Potion Belt","Cursed Key","Du-Vu Doll","Pantograph","Vajra","Meat on the Bone","The Courier","Inserter","Frozen Eye","Gambling Chip","Regal Pillow"],"potions_floor_usage":[6,23,41,44,44,50],"damage_taken":[{"damage":0,"enemies":"2 Louse","floor":1,"turns":1},{"damage":3,"enemies":"Cultist","floor":3,"turns":3},{"damage":12,"enemies":"Jaw Worm","floor":4,"turns":3},{"damage":5,"enemies":"Looter","floor":5,"turns":2},{"damage":18,"enemies":"Lagavulin","floor":6,"turns":5},{"damage":0,"enemies":"Large Slime","floor":10,"turns":4},{"damage":17,"enemies":"Gremlin Nob","floor":12,"turns":4},{"damage":10,"enemies":"The Mushroom Lair","floor":13,"turns":4},{"damage":0,"enemies":"Hexaghost","floor":16,"turns":9},{"damage":8,"enemies":"Spheric Guardian","floor":18,"turns":4},{"damage":0,"enemies":"2 Thieves","floor":20,"turns":3},{"damage":24,"enemies":"Slavers","floor":23,"turns":4},{"damage":18,"enemies":"Gremlin Leader","floor":25,"turns":7},{"damage":9,"enemies":"Shelled Parasite and Fungi","floor":29,"turns":3},{"damage":13,"enemies":"Book of Stabbing","floor":31,"turns":5},{"damage":18,"enemies":"Champ","floor":33,"turns":10},{"damage":21,"enemies":"3 Shapes","floor":35,"turns":6},{"damage":2,"enemies":"Orb Walker","floor":37,"turns":4},{"damage":28,"enemies":"4 Shapes","floor":38,"turns":6},{"damage":39,"enemies":"Nemesis","floor":41,"turns":7},{"damage":26,"enemies":"Jaw Worm Horde","floor":44,"turns":5},{"damage":4,"enemies":"Transient","floor":45,"turns":5},{"damage":58,"enemies":"Donu and Deca","floor":50,"turns":8}],"seed_played":"8694291460791302925","potions_obtained":[{"floor":4,"key":"Poison Potion"},{"floor":5,"key":"SkillPotion"},{"floor":12,"key":"AttackPotion"},{"floor":13,"key":"PowerPotion"},{"floor":18,"key":"Strength Potion"},{"floor":23,"key":"Strength Potion"},{"floor":25,"key":"Dexterity Potion"},{"floor":37,"key":"FairyPotion"},{"floor":44,"key":"Energy Potion"}],"is_trial":false,"path_per_floor":["M","?","M","M","M","E","$","T","T","M","R","E","?","?","R","B",null,"M","?","M","?","$","E","?","E","T","?","R","M","R","E","R","B",null,"M","?","M","M","$","R","E","$","T","M","M","R","$","?","R","B",null],"character_chosen":"DEFECT","items_purchased":["Metallicize","Redo","Static Discharge","Battle Trance","Cold Snap","Frozen Eye","Shrug It Off","Anger","Metallicize","Redo"],"campfire_rested":3,"item_purchase_floors":[7,7,22,39,39,39,39,42,47,47],"current_hp_per_floor":[75,75,72,60,55,37,37,37,37,37,59,42,32,32,54,54,75,67,67,67,67,67,43,43,25,31,81,81,72,72,59,59,63,81,60,86,84,59,59,59,32,32,38,24,32,75,75,75,75,54],"gold":21,"neow_bonus":"","is_prod":false,"is_daily":true,"chose_seed":false,"campfire_upgraded":5,"win_rate":0,"timestamp":1546862513,"path_taken":["M","?","M","M","?","E","$","?","T","?","R","E","?","?","R","BOSS","M","?","?","?","$","E","?","E","T","?","R","?","R","E","R","BOSS","M","?","M","M","$","R","E","$","T","M","M","R","$","?","R","BOSS"],"build_version":"2019-01-03v4","purchased_purges":1,"victory":true,"max_hp_per_floor":[75,75,75,75,75,75,75,75,75,75,75,75,75,75,75,75,75,75,75,75,75,75,75,75,75,81,81,81,81,81,81,81,81,81,81,87,87,90,90,90,90,90,96,96,96,96,96,96,96,100],"card_choices":[{"not_picked":["Sweeping Beam","Beam Cell"],"picked":"Flex","floor":0},{"not_picked":["Steam","Clothesline"],"picked":"Ball Lightning","floor":0},{"not_picked":["Whirlwind","Anger"],"picked":"Headbutt","floor":0},{"not_picked":["Compile Driver","Sentinel"],"picked":"Armaments","floor":0},{"not_picked":["Warcry","Scrape"],"picked":"True Grit","floor":0},{"not_picked":["Tempest","Sever Soul"],"picked":"Rebound","floor":0},{"not_picked":["Headbutt","True Grit"],"picked":"Leap","floor":0},{"not_picked":["Rebound","Perfected Strike"],"picked":"Flame Barrier","floor":0},{"not_picked":["Pommel Strike","Turbo"],"picked":"Cleave","floor":0},{"not_picked":["Burning Pact","Body Slam"],"picked":"Gash","floor":0},{"not_picked":["Pommel Strike","Thunderclap"],"picked":"Hello World","floor":0},{"not_picked":["Turbo","Glacier"],"picked":"Armaments","floor":0},{"not_picked":["Twin Strike","Turbo"],"picked":"Go for the Eyes","floor":0},{"not_picked":["Disarm","Rage"],"picked":"Thunderclap","floor":0},{"not_picked":["Perfected Strike","Consume"],"picked":"Rampage","floor":0},{"not_picked":["Twin Strike","Wild Strike"],"picked":"Metallicize","floor":1},{"not_picked":["Clothesline","Clash"],"picked":"Intimidate","floor":3},{"not_picked":["Fusion","Feel No Pain"],"picked":"Go for the Eyes","floor":4},{"not_picked":["Steam","Barrage"],"picked":"Stack","floor":5},{"not_picked":["Meteor Strike","Multi-Cast"],"picked":"Feed","floor":6},{"not_picked":["Body Slam","Fusion"],"picked":"Armaments","floor":10},{"not_picked":["Berserk","Multi-Cast"],"picked":"Machine Learning","floor":12},{"not_picked":["Havoc","Flex"],"picked":"Lockon","floor":13},{"not_picked":["Exhume","Brutality"],"picked":"Double Tap","floor":16},{"not_picked":["Intimidate+1","Stack"],"picked":"Flex","floor":18},{"not_picked":["FTL","Leap"],"picked":"Go for the Eyes+1","floor":20},{"not_picked":["Fission","Berserk","Machine Learning"],"picked":"SKIP","floor":23},{"not_picked":["Offering","Meteor Strike","Immolate"],"picked":"SKIP","floor":25},{"not_picked":["True Grit","Thunderclap"],"picked":"Streamline+1","floor":29},{"not_picked":["Electrodynamics","Impervious"],"picked":"Biased Cognition","floor":31},{"not_picked":["Fiend Fire","Immolate"],"picked":"Core Surge","floor":33},{"not_picked":["Whirlwind","Hemokinesis+1"],"picked":"Warcry+1","floor":35},{"not_picked":["Twin Strike+1","True Grit"],"picked":"Recycle+1","floor":37},{"not_picked":["Self Repair","Gash+1"],"picked":"Beam Cell+1","floor":38},{"not_picked":["Multi-Cast","Amplify"],"picked":"All For One","floor":41},{"not_picked":["Perfected Strike","Shockwave+1"],"picked":"Warcry+1","floor":44},{"not_picked":["Turbo+1","Shockwave","Havoc+1"],"picked":"SKIP","floor":45}],"player_experience":93444,"relics_obtained":[{"floor":6,"key":"Cables"},{"floor":8,"key":"Darkstone Periapt"},{"floor":9,"key":"Bottled Tornado"},{"floor":12,"key":"Mummified Hand"},{"floor":13,"key":"Odd Mushroom"},{"floor":23,"key":"Du-Vu Doll"},{"floor":25,"key":"Vajra"},{"floor":26,"key":"Meat on the Bone"},{"floor":31,"key":"The Courier"},{"floor":41,"key":"Gambling Chip"},{"floor":43,"key":"Regal Pillow"}],"event_choices":[{"damage_healed":0,"gold_gain":0,"player_choice":"Rummage","damage_taken":0,"relics_obtained":["WarpedTongs"],"max_hp_gain":0,"max_hp_loss":0,"event_name":"Accursed Blacksmith","floor":2,"gold_loss":0,"cards_obtained":["Pain"]},{"damage_healed":0,"gold_gain":0,"player_choice":"Fought Mushrooms","damage_taken":0,"max_hp_gain":0,"max_hp_loss":0,"event_name":"Mushrooms","floor":13,"gold_loss":0},{"cards_removed":["Headbutt"],"damage_healed":0,"gold_gain":0,"player_choice":"Gave Card","damage_taken":0,"relics_obtained":["Potion Belt"],"max_hp_gain":0,"max_hp_loss":0,"event_name":"WeMeetAgain","floor":14,"gold_loss":0},{"damage_healed":0,"gold_gain":0,"player_choice":"Upgraded","damage_taken":0,"max_hp_gain":0,"max_hp_loss":0,"event_name":"Upgrade Shrine","floor":19,"gold_loss":0,"cards_upgraded":["Metallicize"]},{"damage_healed":0,"gold_gain":0,"player_choice":"Ignored","damage_taken":0,"max_hp_gain":0,"max_hp_loss":0,"event_name":"Ghosts","floor":21,"gold_loss":0},{"damage_healed":0,"gold_gain":0,"player_choice":"Obtained Relic","damage_taken":0,"relics_obtained":["Pantograph"],"max_hp_gain":0,"max_hp_loss":0,"event_name":"Addict","floor":24,"gold_loss":85},{"damage_healed":50,"gold_gain":0,"player_choice":"Full Heal","damage_taken":0,"max_hp_gain":0,"max_hp_loss":0,"event_name":"Wheel of Change","floor":27,"gold_loss":0},{"damage_healed":20,"gold_gain":0,"player_choice":"Writhe","damage_taken":0,"max_hp_gain":0,"max_hp_loss":0,"event_name":"Winding Halls","floor":36,"gold_loss":0,"cards_obtained":["Writhe"]},{"damage_healed":0,"gold_gain":0,"player_choice":"Upgraded","damage_taken":0,"max_hp_gain":0,"max_hp_loss":0,"event_name":"Upgrade Shrine","floor":48,"gold_loss":0,"cards_upgraded":["Redo"]}],"is_beta":false,"boss_relics":[{"not_picked":["Velvet Choker","Runic Pyramid"],"picked":"Cursed Key"},{"not_picked":["Calling Bell","Fusion Hammer"],"picked":"Inserter"}],"items_purged_floors":[7],"is_endless":false,"potions_floor_spawned":[4,5,12,13,18,23,25,29,33,37,41,44],"ascension_level":0}