{"gold_per_floor":[115,127,127,127,146,146,181,181,181,192,202,202,236,252,252,327,327,327,327,327,36,36,36,36,36,36,0,0,0,0,0,0,0,0,0,0,0,0,0,0,0,0],"floor_reached":42,"playtime":2314,"items_purged":["Strike_B"],"score":812,"play_id":"038d7592-396e-41e8-bf4d-96750b0ba4ea","local_time":"20190128194406","is_ascension_mode":true,"campfire_choices":[{"data":"Zap","floor":6,"key":"SMITH"},{"floor":8,"key":"REST"},{"data":"Go for the Eyes","floor":12,"key":"SMITH"},{"floor":15,"key":"REST"},{"data":"Defragment","floor":23,"key":"SMITH"},{"data":"Secret Technique","floor":25,"key":"SMITH"},{"data":"Redo","floor":28,"key":"SMITH"},{"data":"Leap","floor":30,"key":"SMITH"},{"data":"Coolheaded","floor":32,"key":"SMITH"},{"floor":40,"key":"REST"}],"neow_cost":"NONE","seed_source_timestamp":989208707512399,"circlet_count":0,"master_deck":["AscendersBane","Zap+1","Dualcast+1","Biased Cognition","Coolheaded+1","Go for the Eyes+1","BootSequence","Reboot","Ball Lightning","Leap+1","FTL","Glacier+1","Genetic Algorithm","Echo Form","Redo+1","Secret Technique+1","Defragment+1","Creative AI","Consume","Doom and Gloom","Recycle","Steam","Conserve Battery","Streamline+1","Buffer","Auto Shields","Hologram"],"relics":["Cracked Core","Turnip","Ectoplasm","Nloth\u0027s Gift","Mercury Hourglass","War Paint","Pandora\u0027s Box","FossilizedHelix","Potion Belt"],"potions_floor_usage":[16],"damage_taken":[{"damage":0,"enemies":"2 Louse","floor":1,"turns":2},{"damage":0,"enemies":"Cultist","floor":2,"turns":4},{"damage":0,"enemies":"Small Slimes","floor":5,"turns":3},{"damage":10,"enemies":"3 Sentries","floor":7,"turns":8},{"damage":4,"enemies":"Exordium Thugs","floor":10,"turns":4},{"damage":0,"enemies":"Large Slime","floor":11,"turns":3},{"damage":14,"enemies":"Lagavulin","floor":13,"turns":6},{"damage":0,"enemies":"2 Fungi Beasts","floor":14,"turns":2},{"damage":25,"enemies":"Hexaghost","floor":16,"turns":9},{"damage":0,"enemies":"Chosen","floor":18,"turns":4},{"damage":1,"enemies":"Spheric Guardian","floor":20,"turns":6},{"damage":11,"enemies":"Centurion and Healer","floor":22,"turns":8},{"damage":3,"enemies":"Snecko","floor":29,"turns":6},{"damage":0,"enemies":"Book of Stabbing","floor":31,"turns":7},{"damage":39,"enemies":"Automaton","floor":33,"turns":17},{"damage":31,"enemies":"3 Darklings","floor":35,"turns":6},{"damage":6,"enemies":"3 Shapes","floor":36,"turns":7},{"damage":0,"enemies":"Mind Bloom Boss Battle","floor":37,"turns":9},{"damage":20,"enemies":"Jaw Worm Horde","floor":38,"turns":6},{"damage":48,"enemies":"Giant Head","floor":42,"turns":9}],"seed_played":"6910519470678071196","potions_obtained":[{"floor":5,"key":"SteroidPotion"},{"floor":10,"key":"FocusPotion"},{"floor":16,"key":"Energy Potion"}],"is_trial":false,"path_per_floor":["M","M","?","?","M","R","E","R","T","M","M","R","E","M","R","B",null,"M","?","M","$","M","R","?","R","T","?","R","M","R","E","R","B",null,"M","M","?","M","T","R","?","E"],"character_chosen":"DEFECT","items_purchased":["Secret Technique"],"campfire_rested":3,"item_purchase_floors":[21],"current_hp_per_floor":[64,64,43,43,43,43,33,54,54,50,50,50,36,36,57,32,61,61,61,60,60,49,49,63,63,63,63,63,60,60,60,60,21,59,28,22,22,2,2,23,23,0],"gold":0,"neow_bonus":"ONE_RANDOM_RARE_CARD","is_prod":false,"is_daily":false,"chose_seed":false,"campfire_upgraded":7,"win_rate":0,"timestamp":1548672246,"path_taken":["M","M","?","?","M","R","E","R","T","?","M","R","E","M","R","BOSS","M","?","M","?","M","R","?","R","T","?","R","M","R","E","R","BOSS","M","M","?","M","?","R","?","E"],"build_version":"2019-01-23","purchased_purges":1,"victory":false,"max_hp_per_floor":[71,71,71,71,71,71,71,71,71,71,71,71,71,71,71,71,71,71,71,71,71,71,71,71,71,71,71,71,71,71,71,71,71,71,71,71,71,71,71,71,71,71],"card_choices":[{"not_picked":["Steam","Compile Driver"],"picked":"Coolheaded","floor":1},{"not_picked":["Streamline","Rip and Tear"],"picked":"Go for the Eyes","floor":2},{"not_picked":["Sweeping Beam","Rebound"],"picked":"BootSequence","floor":5},{"not_picked":["Stack","Compile Driver"],"picked":"Reboot","floor":7},{"not_picked":["Doom and Gloom","Sweeping Beam"],"picked":"Ball Lightning","floor":10},{"not_picked":["Streamline","Gash"],"picked":"Leap","floor":11},{"not_picked":["Machine Learning","Leap"],"picked":"FTL","floor":13},{"not_picked":["Rebound","Stack"],"picked":"Glacier","floor":14},{"not_picked":["Reprogram","Stack"],"picked":"Genetic Algorithm","floor":14},{"not_picked":["Reboot","Thunder Strike"],"picked":"Echo Form","floor":16},{"not_picked":["Sweeping Beam","Streamline"],"picked":"Redo","floor":18},{"not_picked":["Sweeping Beam","Buffer","Go for the Eyes"],"picked":"SKIP","floor":18},{"not_picked":["Sweeping Beam","Aggregate","Lockon"],"picked":"SKIP","floor":20},{"not_picked":["FTL","Hologram"],"picked":"Defragment","floor":22},{"not_picked":["Streamline","Steam+1","Redo"],"picked":"SKIP","floor":29},{"not_picked":["Stack","Sweeping Beam","Go for the Eyes"],"picked":"SKIP","floor":31},{"not_picked":["Buffer","Fission"],"picked":"Creative AI","floor":33},{"not_picked":["Loop","Ball Lightning"],"picked":"Streamline+1","floor":35},{"not_picked":["Gash","Skim"],"picked":"Buffer","floor":36},{"not_picked":["Rebound","Skim+1"],"picked":"Auto Shields","floor":37},{"not_picked":["Stack","Beam Cell+1"],"picked":"Hologram","floor":38}],"player_experience":558504,"relics_obtained":[{"floor":7,"key":"Turnip"},{"floor":13,"key":"Prayer Wheel"},{"floor":26,"key":"Mercury Hourglass"},{"floor":31,"key":"War Paint"},{"floor":37,"key":"FossilizedHelix"},{"floor":39,"key":"Potion Belt"}],"event_choices":[{"damage_healed":0,"gold_gain":0,"player_choice":"Entered Light","damage_taken":21,"max_hp_gain":0,"max_hp_loss":0,"event_name":"Shining Light","floor":3,"gold_loss":0,"cards_upgraded":["Defend_B","Defend_B"]},{"cards_removed":["Strike_B"],"damage_healed":0,"gold_gain":0,"player_choice":"Card Removal","damage_taken":0,"max_hp_gain":0,"max_hp_loss":0,"event_name":"Wheel of Change","floor":4,"gold_loss":0},{"damage_healed":0,"gold_gain":0,"player_choice":"Traded Relic","damage_taken":0,"relics_obtained":["Nloth\u0027s Gift"],"max_hp_gain":0,"max_hp_loss":0,"event_name":"N\u0027loth","floor":19,"relics_lost":["Prayer Wheel"],"gold_loss":0},{"damage_healed":14,"gold_gain":0,"player_choice":"Heal","damage_taken":0,"max_hp_gain":0,"max_hp_loss":0,"event_name":"The Library","floor":24,"gold_loss":0},{"damage_healed":0,"gold_gain":0,"player_choice":"Paid Fearfully","damage_taken":0,"max_hp_gain":0,"max_hp_loss":0,"event_name":"Masked Bandits","floor":27,"gold_loss":36},{"damage_healed":0,"gold_gain":0,"player_choice":"Fight","damage_taken":0,"max_hp_gain":0,"max_hp_loss":0,"event_name":"MindBloom","floor":37,"gold_loss":0},{"cards_removed":["Stack"],"damage_healed":0,"gold_gain":0,"player_choice":"Removed Skill","damage_taken":0,"max_hp_gain":0,"max_hp_loss":0,"event_name":"Falling","floor":41,"gold_loss":0}],"is_beta":false,"boss_relics":[{"not_picked":["FrozenCore","Astrolabe"],"picked":"Ectoplasm"},{"not_picked":["Sozu","Runic Dome"],"picked":"Pandora\u0027s Box"}],"items_purged_floors":[21],"is_endless":false,"potions_floor_spawned":[5,10,11,13,16,22,31,38],"killed_by":"Giant Head","ascension_level":16}