{"gold_per_floor":[113,123,139,155,80,111,111,143,167,10,43,60,89,106,106,178,178,188,103,113,113,128,128,158,158,230,258,277,0,16,16,16,95,95,110,110,124,50,50,50,68,68,118,150,150,166,166,181,181,181],"floor_reached":51,"playtime":1547,"items_purged":[],"score":1709,"play_id":"ec96163d-5988-465c-a4bd-567da554cc3f","local_time":"20190205114747","is_ascension_mode":true,"campfire_choices":[{"data":"1","floor":15,"key":"LIFT"},{"data":"2","floor":23,"key":"LIFT"},{"floor":32,"key":"REST"},{"data":"3","floor":40,"key":"LIFT"},{"floor":45,"key":"REST"},{"floor":47,"key":"REST"},{"data":"Perfected Strike","floor":49,"key":"SMITH"}],"neow_cost":"NONE","seed_source_timestamp":668982297895500,"circlet_count":0,"master_deck":["AscendersBane","Strike_R+1","Strike_R","Strike_R","Strike_R","Strike_R","Defend_R+1","Defend_R+1","Defend_R","Bash","Headbutt","Perfected Strike+1","Perfected Strike","Immolate","Pommel Strike","Perfected Strike","Flame Barrier","Pommel Strike","Dual Wield","Double Tap","Bludgeon","Heavy Blade+1","Flame Barrier+1","Clothesline","Whirlwind","Perfected Strike","Burning Pact","Immolate","Shockwave","Whirlwind+1","Corruption+1","Mayhem","Discovery","Mayhem","Corruption","Dual Wield+1","Whirlwind"],"relics":["Snecko Eye","War Paint","Dream Catcher","Potion Belt","Omamori","Strawberry","Girya","Philosopher\u0027s Stone","Pantograph","Dead Branch","Magic Flower","Necronomicon","Self Forming Clay","Centennial Puzzle","Whetstone","Orrery","Happy Flower","Pear"],"potions_floor_usage":[20,27,27,27,27,33,44,50],"damage_taken":[{"damage":0,"enemies":"2 Louse","floor":1,"turns":2},{"damage":1,"enemies":"Cultist","floor":2,"turns":3},{"damage":0,"enemies":"Jaw Worm","floor":3,"turns":1},{"damage":7,"enemies":"Looter","floor":4,"turns":3},{"damage":0,"enemies":"Gremlin Nob","floor":6,"turns":2},{"damage":20,"enemies":"3 Sentries","floor":8,"turns":3},{"damage":0,"enemies":"Gremlin Nob","floor":11,"turns":2},{"damage":0,"enemies":"Blue Slaver","floor":12,"turns":2},{"damage":0,"enemies":"Lagavulin","floor":13,"turns":3},{"damage":11,"enemies":"Exordium Thugs","floor":14,"turns":2},{"damage":0,"enemies":"Slime Boss","floor":16,"turns":3},{"damage":22,"enemies":"Shell Parasite","floor":18,"turns":2},{"damage":4,"enemies":"3 Byrds","floor":20,"turns":2},{"damage":0,"enemies":"Cultist and Chosen","floor":22,"turns":2},{"damage":22,"enemies":"Slavers","floor":24,"turns":2},{"damage":0,"enemies":"Gremlin Leader","floor":27,"turns":2},{"damage":0,"enemies":"Centurion and Healer","floor":28,"turns":1},{"damage":0,"enemies":"3 Cultists","floor":30,"turns":1},{"damage":22,"enemies":"Collector","floor":33,"turns":3},{"damage":10,"enemies":"3 Darklings","floor":35,"turns":2},{"damage":0,"enemies":"Orb Walker","floor":37,"turns":1},{"damage":13,"enemies":"Writhing Mass","floor":41,"turns":2},{"damage":29,"enemies":"Nemesis","floor":44,"turns":3},{"damage":0,"enemies":"Maw","floor":46,"turns":3},{"damage":0,"enemies":"Sphere and 2 Shapes","floor":48,"turns":1},{"damage":58,"enemies":"Donu and Deca","floor":50,"turns":4}],"seed_played":"8666237887474791124","potions_obtained":[{"floor":1,"key":"PowerPotion"},{"floor":2,"key":"SteroidPotion"},{"floor":11,"key":"Regen Potion"},{"floor":14,"key":"Poison Potion"},{"floor":20,"key":"Poison Potion"},{"floor":27,"key":"LiquidBronze"},{"floor":30,"key":"Dexterity Potion"},{"floor":37,"key":"Ancient Potion"},{"floor":39,"key":"AttackPotion"},{"floor":41,"key":"BloodPotion"},{"floor":44,"key":"Swift Potion"},{"floor":48,"key":"Explosive Potion"}],"is_trial":false,"path_per_floor":["M","M","M","M","?","E","?","E","T","$","E","M","E","M","R","B",null,"M","?","M","T","M","R","E","?","T","E","M","$","M","$","R","B",null,"M","?","M","$","?","R","M","?","T","E","R","M","R","M","R","B",null],"character_chosen":"IRONCLAD","items_purchased":["Flame Barrier","GamblersBrew","Perfected Strike","Whetstone","PowerPotion","Corruption"],"campfire_rested":3,"item_purchase_floors":[10,10,29,29,29,38],"current_hp_per_floor":[68,67,67,60,60,60,60,40,40,40,47,47,47,36,36,36,71,49,49,45,45,45,45,23,2,2,16,16,16,16,16,40,56,76,66,56,56,56,56,56,43,43,43,35,61,61,87,87,87,30],"gold":181,"neow_bonus":"BOSS_RELIC","is_prod":false,"is_daily":false,"chose_seed":false,"campfire_upgraded":1,"win_rate":0,"timestamp":1549363667,"path_taken":["M","M","M","M","?","E","?","E","T","$","E","M","E","?","R","BOSS","M","?","M","?","M","R","E","?","T","E","?","?","M","?","R","BOSS","M","?","M","$","?","R","?","?","T","E","R","M","R","M","R","BOSS"],"build_version":"2019-01-23","purchased_purges":0,"victory":true,"max_hp_per_floor":[75,75,75,75,75,75,75,75,75,75,82,82,82,82,82,82,82,82,82,82,82,82,82,82,82,82,82,82,82,82,82,82,82,82,82,82,82,82,82,82,82,78,78,88,88,88,88,88,88,88],"card_choices":[{"not_picked":["Pummel","Cleave"],"picked":"Headbutt","floor":1},{"not_picked":["Clothesline","Thunderclap"],"picked":"Perfected Strike","floor":2},{"not_picked":["Burning Pact","Spot Weakness"],"picked":"Perfected Strike","floor":3},{"not_picked":["Havoc","Hemokinesis"],"picked":"Immolate","floor":4},{"not_picked":["Wild Strike","Shrug It Off"],"picked":"Pommel Strike","floor":6},{"not_picked":["Rampage","Havoc"],"picked":"Perfected Strike","floor":8},{"not_picked":["Power Through","Clothesline"],"picked":"Pommel Strike","floor":11},{"not_picked":["Cleave","Warcry","Havoc"],"picked":"SKIP","floor":12},{"not_picked":["Uppercut","Clash"],"picked":"Dual Wield","floor":13},{"not_picked":["Clothesline","Combust"],"picked":"Double Tap","floor":14},{"not_picked":["Double Tap","Fiend Fire"],"picked":"Bludgeon","floor":16},{"not_picked":["Disarm","Clash"],"picked":"Heavy Blade","floor":18},{"not_picked":["Rampage","Twin Strike"],"picked":"Flame Barrier+1","floor":20},{"not_picked":["Cleave","Combust"],"picked":"Clothesline","floor":22},{"not_picked":["Dual Wield","Rampage"],"picked":"Whirlwind","floor":24},{"not_picked":["Brutality","Cleave","Power Through"],"picked":"SKIP","floor":27},{"not_picked":["Spot Weakness","Sword Boomerang","Warcry"],"picked":"SKIP","floor":28},{"not_picked":["Iron Wave","Reckless Charge"],"picked":"Burning Pact","floor":30},{"not_picked":["Limit Break","Feed"],"picked":"Immolate","floor":33},{"not_picked":["Disarm","Power Through"],"picked":"Shockwave","floor":34},{"not_picked":["Havoc+1","Armaments"],"picked":"Whirlwind+1","floor":34},{"not_picked":["Heavy Blade","Intimidate"],"picked":"Corruption+1","floor":35},{"not_picked":["HandOfGreed","Good Instincts"],"picked":"Mayhem","floor":36},{"not_picked":["Panache","Bandage Up"],"picked":"Discovery","floor":36},{"not_picked":["Mind Blast","Panacea"],"picked":"Mayhem","floor":36},{"not_picked":["True Grit","Flex+1","Anger"],"picked":"SKIP","floor":37},{"not_picked":["Intimidate+1","Entrench+1"],"picked":"Dual Wield+1","floor":41},{"not_picked":["Ghostly Armor+1","Body Slam","True Grit"],"picked":"SKIP","floor":44},{"not_picked":["Metallicize","Warcry","Clothesline"],"picked":"SKIP","floor":46},{"not_picked":["Rupture","Combust"],"picked":"Whirlwind","floor":48}],"player_experience":332841,"relics_obtained":[{"floor":6,"key":"War Paint"},{"floor":8,"key":"Potion Belt"},{"floor":9,"key":"Omamori"},{"floor":11,"key":"Strawberry"},{"floor":13,"key":"Girya"},{"floor":21,"key":"Dead Branch"},{"floor":24,"key":"Magic Flower"},{"floor":25,"key":"Necronomicon"},{"floor":26,"key":"Self Forming Clay"},{"floor":27,"key":"Centennial Puzzle"},{"floor":43,"key":"Happy Flower"},{"floor":44,"key":"Pear"}],"event_choices":[{"cards_removed":["Defend_R"],"damage_healed":0,"gold_gain":0,"player_choice":"Card Removal","damage_taken":0,"max_hp_gain":0,"max_hp_loss":0,"event_name":"The Cleric","floor":5,"gold_loss":75},{"damage_healed":0,"gold_gain":0,"player_choice":"Gave Potion","damage_taken":0,"relics_obtained":["Dream Catcher"],"max_hp_gain":0,"max_hp_loss":0,"event_name":"WeMeetAgain","floor":7,"gold_loss":0},{"damage_healed":0,"gold_gain":0,"player_choice":"Obtained Relic","damage_taken":0,"relics_obtained":["Pantograph"],"max_hp_gain":0,"max_hp_loss":0,"event_name":"Addict","floor":19,"gold_loss":85},{"damage_healed":0,"gold_gain":0,"player_choice":"Obtained Book","damage_taken":21,"max_hp_gain":0,"max_hp_loss":0,"event_name":"Cursed Tome","floor":25,"gold_loss":0},{"damage_healed":0,"gold_gain":0,"player_choice":"Memory 3","damage_taken":10,"max_hp_gain":0,"max_hp_loss":0,"event_name":"SensoryStone","floor":36,"gold_loss":0},{"damage_healed":0,"gold_gain":0,"player_choice":"Got Potions","damage_taken":0,"max_hp_gain":0,"max_hp_loss":0,"event_name":"Lab","floor":39,"gold_loss":0},{"damage_healed":0,"gold_gain":0,"player_choice":"Max HP","damage_taken":0,"max_hp_gain":0,"max_hp_loss":4,"event_name":"Winding Halls","floor":42,"gold_loss":0}],"is_beta":false,"boss_relics":[{"not_picked":["Cursed Key","Velvet Choker"],"picked":"Philosopher\u0027s Stone"},{"not_picked":["Lizard Tail","Empty Cage"],"picked":"Orrery"}],"items_purged_floors":[],"is_endless":false,"potions_floor_spawned":[1,2,6,11,14,18,20,27,30,37,41,44,48],"ascension_level":18}