{"gold_per_floor":[110,90,100,114,124,124,149,149,197,197,209,209,223,241,241,340,340,350,350,135,154,154,154,253,268,295,295,313,313,137,148,148,248,248,262,64,64,78,98,98,98,115,115,115,115,131,149,162,162,162],"floor_reached":50,"playtime":3000,"items_purged":["Strike_B","Decay","Clumsy"],"score":717,"play_id":"3053a3d3-c33d-46da-b652-6988fac9c8ff","local_time":"20181112205656","is_ascension_mode":true,"campfire_choices":[{"floor":6,"key":"REST"},{"floor":10,"key":"REST"},{"floor":12,"key":"REST"},{"floor":15,"key":"REST"},{"floor":23,"key":"REST"},{"floor":27,"key":"REST"},{"floor":32,"key":"REST"},{"data":"Hologram","floor":40,"key":"SMITH"},{"floor":49,"key":"REST"}],"neow_cost":"NONE","seed_source_timestamp":27111161227438,"circlet_count":0,"master_deck":["AscendersBane","Zap","Dualcast+1","Deep Breath+1","Genetic Algorithm","Blizzard","All For One","Defragment","Gash","Conserve Battery","Coolheaded","Creative AI","Cold Snap","Leap","Good Instincts","BootSequence+1","Hologram+1","Leap","Redo+1","Reboot","Gash","FTL","Gash","Leap","Self Repair","Beam Cell","Consume","Go for the Eyes","BootSequence","Injury","Panache","Defragment","Steam","Chill+1"],"relics":["Cracked Core","Ornamental Fan","War Paint","Cursed Key","Enchiridion","Vajra","Orichalcum","Pandora\u0027s Box","Bag of Marbles"],"potions_floor_usage":[3,7,16,16,28,31,33,39,46,50,50],"damage_taken":[{"damage":4,"enemies":"Small Slimes","floor":1,"turns":3},{"damage":5,"enemies":"Cultist","floor":3,"turns":3},{"damage":2,"enemies":"Jaw Worm","floor":4,"turns":3},{"damage":16,"enemies":"Large Slime","floor":5,"turns":8},{"damage":59,"enemies":"Lagavulin","floor":7,"turns":7},{"damage":13,"enemies":"Blue Slaver","floor":11,"turns":3},{"damage":0,"enemies":"Exordium Wildlife","floor":13,"turns":3},{"damage":25,"enemies":"Gremlin Gang","floor":14,"turns":5},{"damage":35,"enemies":"Slime Boss","floor":16,"turns":11},{"damage":0,"enemies":"Chosen","floor":18,"turns":4},{"damage":18,"enemies":"3 Byrds","floor":21,"turns":6},{"damage":23,"enemies":"Sentry and Sphere","floor":25,"turns":11},{"damage":15,"enemies":"Centurion and Healer","floor":28,"turns":7},{"damage":6,"enemies":"Cultist and Chosen","floor":31,"turns":9},{"damage":39,"enemies":"Automaton","floor":33,"turns":17},{"damage":23,"enemies":"3 Darklings","floor":35,"turns":5},{"damage":0,"enemies":"Orb Walker","floor":38,"turns":4},{"damage":0,"enemies":"4 Shapes","floor":39,"turns":3},{"damage":14,"enemies":"Spire Growth","floor":42,"turns":6},{"damage":18,"enemies":"Jaw Worm Horde","floor":46,"turns":5},{"damage":0,"enemies":"4 Shapes","floor":47,"turns":15},{"damage":2,"enemies":"3 Darklings","floor":48,"turns":4},{"damage":87,"enemies":"Awakened One","floor":50,"turns":13}],"seed_played":"-1398352885785261200","potions_obtained":[{"floor":1,"key":"Weak Potion"},{"floor":2,"key":"Fruit Juice"},{"floor":4,"key":"GamblersBrew"},{"floor":11,"key":"Dexterity Potion"},{"floor":14,"key":"Weak Potion"},{"floor":16,"key":"PowerPotion"},{"floor":21,"key":"Poison Potion"},{"floor":42,"key":"SkillPotion"},{"floor":47,"key":"SneckoOil"},{"floor":48,"key":"Block Potion"}],"is_trial":false,"path_per_floor":["M","?","M","M","M","R","E","?","T","R","M","R","M","M","R","B",null,"M","?","$","M","?","R","?","M","T","R","M","T","$","M","R","B",null,"M","$","?","M","M","R","?","M","T","?","?","M","M","M","R","B"],"character_chosen":"DEFECT","items_purchased":["Leap","Good Instincts","LiquidBronze","Regen Potion"],"campfire_rested":8,"item_purchase_floors":[20,20,30,36],"current_hp_per_floor":[64,64,64,62,46,70,11,37,37,61,48,72,72,47,71,36,69,69,53,53,35,20,45,45,22,22,47,32,32,32,26,51,12,67,51,51,51,58,74,74,74,67,67,67,67,49,56,68,81,0],"gold":162,"neow_bonus":"RANDOM_COLORLESS","is_prod":false,"is_daily":false,"chose_seed":false,"campfire_upgraded":1,"win_rate":0,"timestamp":1542023816,"path_taken":["M","?","M","M","?","R","E","?","T","R","M","R","M","M","R","BOSS","M","?","$","M","?","R","?","M","T","R","?","?","$","M","R","BOSS","M","$","?","M","M","R","?","?","T","?","?","M","M","M","R","BOSS"],"build_version":"2018-11-08","purchased_purges":3,"victory":false,"max_hp_per_floor":[75,75,80,80,80,80,80,80,80,80,80,80,80,80,80,80,80,80,80,80,80,85,85,85,85,85,85,85,85,85,85,85,85,85,85,85,85,85,85,85,85,85,85,81,81,81,81,81,81,81],"card_choices":[{"not_picked":["Melter","Steam"],"picked":"Genetic Algorithm","floor":1},{"not_picked":["Stack","Compile Driver"],"picked":"Blizzard","floor":3},{"not_picked":["Rebound","Skim","Streamline"],"picked":"SKIP","floor":4},{"not_picked":["Conserve Battery","Double Energy"],"picked":"All For One","floor":5},{"not_picked":["Gash","Scrape"],"picked":"Defragment","floor":7},{"not_picked":["Double Energy","Coolheaded"],"picked":"Gash","floor":11},{"not_picked":["Barrage","Streamline"],"picked":"Conserve Battery","floor":13},{"not_picked":["Hologram","Sweeping Beam"],"picked":"Coolheaded","floor":14},{"not_picked":["Meteor Strike","Rainbow"],"picked":"Creative AI","floor":16},{"not_picked":["Coolheaded","Darkness"],"picked":"Cold Snap","floor":18},{"not_picked":["Ball Lightning","Redo"],"picked":"BootSequence+1","floor":21},{"not_picked":["Redo","Sweeping Beam"],"picked":"Hologram","floor":25},{"not_picked":["Electrodynamics","Coolheaded"],"picked":"Leap","floor":28},{"not_picked":["Steam","Cold Snap"],"picked":"Redo+1","floor":31},{"not_picked":["Hyperbeam","Rainbow"],"picked":"Reboot","floor":33},{"not_picked":["Tempest","Steam"],"picked":"Go for the Eyes","floor":35},{"not_picked":["Static Discharge","Fusion","Compile Driver"],"picked":"SKIP","floor":38},{"not_picked":["Steam+1","Barrage","Recycle"],"picked":"SKIP","floor":39},{"not_picked":["Go for the Eyes","Beam Cell+1"],"picked":"BootSequence","floor":42},{"not_picked":["Deep Breath","Swift Strike"],"picked":"Panache","floor":45},{"not_picked":["Sweeping Beam","BootSequence"],"picked":"Defragment","floor":46},{"not_picked":["Rebound","Darkness+1"],"picked":"Steam","floor":47},{"not_picked":["Doom and Gloom","Rebound"],"picked":"Chill+1","floor":48}],"player_experience":475754,"relics_obtained":[{"floor":7,"key":"Ornamental Fan"},{"floor":9,"key":"War Paint"},{"floor":19,"key":"Enchiridion"},{"floor":26,"key":"Vajra"},{"floor":29,"key":"Orichalcum"},{"floor":43,"key":"Bag of Marbles"}],"event_choices":[{"damage_healed":0,"gold_gain":0,"player_choice":"Bought 1 Potion","damage_taken":0,"max_hp_gain":0,"max_hp_loss":0,"event_name":"The Woman in Blue","floor":2,"gold_loss":0},{"damage_healed":26,"gold_gain":0,"player_choice":"Banana","damage_taken":0,"max_hp_gain":0,"max_hp_loss":0,"event_name":"Big Fish","floor":8,"gold_loss":0},{"damage_healed":0,"gold_gain":0,"player_choice":"Obtained Book","damage_taken":16,"max_hp_gain":0,"max_hp_loss":0,"event_name":"Cursed Tome","floor":19,"gold_loss":0},{"damage_healed":0,"gold_gain":0,"player_choice":"Shed Blood","damage_taken":20,"max_hp_gain":5,"max_hp_loss":0,"event_name":"Forgotten Altar","floor":22,"gold_loss":0},{"damage_healed":0,"gold_gain":99,"player_choice":"Stole From Cult","damage_taken":0,"max_hp_gain":0,"max_hp_loss":0,"event_name":"Nest","floor":24,"gold_loss":0},{"damage_healed":0,"gold_gain":0,"player_choice":"Ignored","damage_taken":0,"max_hp_gain":0,"max_hp_loss":0,"event_name":"Mysterious Sphere","floor":37,"gold_loss":0},{"damage_healed":0,"gold_gain":0,"player_choice":"Forge","damage_taken":0,"max_hp_gain":0,"max_hp_loss":0,"event_name":"Accursed Blacksmith","floor":41,"gold_loss":0,"cards_upgraded":["Deep Breath"]},{"damage_healed":0,"gold_gain":0,"player_choice":"Max HP","damage_taken":0,"max_hp_gain":0,"max_hp_loss":4,"event_name":"Winding Halls","floor":44,"gold_loss":0},{"damage_healed":0,"gold_gain":0,"player_choice":"Memory 1","damage_taken":0,"max_hp_gain":0,"max_hp_loss":0,"event_name":"SensoryStone","floor":45,"gold_loss":0}],"is_beta":false,"boss_relics":[{"not_picked":["Eternal Feather","Velvet Choker"],"picked":"Cursed Key"},{"not_picked":["Snecko Eye","Sozu"],"picked":"Pandora\u0027s Box"}],"items_purged_floors":[20,30,36],"is_endless":false,"potions_floor_spawned":[1,4,11,14,16,21,42,47,48],"killed_by":"Awakened One","ascension_level":12}