{"gold_per_floor":[113,124,199,222,242,271,271,271,271,70,88,118,138,148,148,248,248,261,101,116,131,151,70,70,86,111,139,173,173,200,216,216,317,317,330,330,330,230,248,248,282,282,282,296,296,310,324,358,358,358],"floor_reached":51,"playtime":4548,"items_purged":["Strike_B","Pain"],"score":854,"play_id":"cec461d7-87af-49c5-ab4a-4c8d552ede56","local_time":"20190220014338","is_ascension_mode":false,"campfire_choices":[{"data":"Zap","floor":7,"key":"SMITH"},{"data":"Consume","floor":15,"key":"SMITH"},{"data":"Loop","floor":24,"key":"SMITH"},{"data":"Loop","floor":29,"key":"SMITH"},{"data":"Buffer","floor":32,"key":"SMITH"},{"data":"Coolheaded","floor":40,"key":"SMITH"},{"data":"Coolheaded","floor":42,"key":"SMITH"},{"data":"Hologram","floor":45,"key":"SMITH"},{"data":"Coolheaded","floor":49,"key":"SMITH"}],"neow_cost":"NONE","seed_source_timestamp":562645059298599,"circlet_count":0,"master_deck":["Strike_B","Strike_B","Defend_B+1","Defend_B+1","Defend_B","Defend_B","Zap+1","Dualcast","Double Energy","Glacier","Consume+1","Leap","Biased Cognition","Buffer+1","Coolheaded+1","Loop+1","Seek","Hologram+1","Impatience","Coolheaded+1","Hologram+1","Loop+1","Creative AI","Core Surge","Echo Form","Madness","Madness","Coolheaded+1","Coolheaded","Double Energy+1"],"relics":["Cracked Core","Bronze Scales","WingedGreaves","Meat on the Bone","Runic Capacitor","War Paint","Snecko Eye","Ancient Tea Set","Bottled Tornado","Bottled Lightning","Blue Candle","Inserter","WarpedTongs","Boot","Pantograph","Ornamental Fan"],"potions_floor_usage":[12,13,41],"damage_taken":[{"damage":9,"enemies":"Jaw Worm","floor":1,"turns":4},{"damage":0,"enemies":"Cultist","floor":2,"turns":3},{"damage":0,"enemies":"Small Slimes","floor":5,"turns":3},{"damage":0,"enemies":"Lagavulin","floor":6,"turns":10},{"damage":0,"enemies":"Blue Slaver","floor":11,"turns":4},{"damage":15,"enemies":"Gremlin Nob","floor":12,"turns":3},{"damage":0,"enemies":"Gremlin Gang","floor":13,"turns":1},{"damage":0,"enemies":"Red Slaver","floor":14,"turns":4},{"damage":10,"enemies":"Hexaghost","floor":16,"turns":16},{"damage":2,"enemies":"3 Byrds","floor":18,"turns":3},{"damage":0,"enemies":"Shell Parasite","floor":20,"turns":8},{"damage":0,"enemies":"Snake Plant","floor":21,"turns":5},{"damage":0,"enemies":"Snecko","floor":22,"turns":8},{"damage":0,"enemies":"Sentry and Sphere","floor":25,"turns":9},{"damage":0,"enemies":"Book of Stabbing","floor":27,"turns":7},{"damage":20,"enemies":"Slavers","floor":28,"turns":9},{"damage":4,"enemies":"Book of Stabbing","floor":30,"turns":11},{"damage":0,"enemies":"Cultist and Chosen","floor":31,"turns":5},{"damage":0,"enemies":"Collector","floor":33,"turns":13},{"damage":0,"enemies":"Orb Walker","floor":35,"turns":6},{"damage":0,"enemies":"3 Shapes","floor":39,"turns":5},{"damage":27,"enemies":"Reptomancer","floor":41,"turns":12},{"damage":7,"enemies":"Spire Growth","floor":44,"turns":10},{"damage":0,"enemies":"4 Shapes","floor":46,"turns":7},{"damage":0,"enemies":"Jaw Worm Horde","floor":47,"turns":5},{"damage":3,"enemies":"Giant Head","floor":48,"turns":19},{"damage":5,"enemies":"Donu and Deca","floor":50,"turns":14}],"seed_played":"-5913998247180287703","potions_obtained":[{"floor":1,"key":"SneckoOil"},{"floor":5,"key":"SpeedPotion"},{"floor":8,"key":"AttackPotion"},{"floor":8,"key":"Dexterity Potion"},{"floor":12,"key":"PowerPotion"},{"floor":16,"key":"Swift Potion"},{"floor":25,"key":"Ancient Potion"},{"floor":41,"key":"Explosive Potion"}],"is_trial":false,"path_per_floor":["M","M","?","T","M","E","R","?","T","$","M","E","M","M","R","B",null,"M","$","M","M","M","$","R","M","T","E","E","R","E","M","R","B",null,"M","?","?","$","M","R","E","R","T","M","R","M","M","E","R","B",null],"character_chosen":"DEFECT","items_purchased":["Runic Capacitor","Impatience","Loop"],"campfire_rested":0,"item_purchase_floors":[10,19,23],"current_hp_per_floor":[66,66,55,55,55,55,55,55,55,55,55,40,40,40,40,42,75,73,73,73,73,73,73,73,73,73,73,53,53,49,49,49,49,75,75,66,66,66,66,66,39,39,39,44,44,44,44,41,41,61],"gold":358,"neow_bonus":"TRANSFORM_CARD","is_prod":false,"is_daily":false,"chose_seed":false,"campfire_upgraded":9,"win_rate":0,"timestamp":1550623418,"path_taken":["M","M","?","?","M","E","R","?","T","$","M","E","?","M","R","BOSS","M","?","M","M","M","$","R","M","T","E","E","R","E","M","R","BOSS","M","?","?","$","M","R","E","R","T","M","R","?","M","E","R","BOSS"],"build_version":"2019-01-23","purchased_purges":2,"victory":true,"max_hp_per_floor":[75,75,75,75,75,75,75,75,75,75,75,75,75,75,75,75,75,75,75,75,75,75,75,75,75,75,75,75,75,75,75,75,75,75,75,75,75,75,75,75,75,75,75,75,75,75,75,75,75,75],"card_choices":[{"not_picked":["Auto Shields","Undo"],"picked":"Glacier","floor":1},{"not_picked":["Stack","Streamline"],"picked":"Consume","floor":2},{"not_picked":["Steam Power","Hello World"],"picked":"Leap","floor":5},{"not_picked":["Self Repair","Gash"],"picked":"Biased Cognition","floor":6},{"not_picked":["Redo","Chaos","Storm"],"picked":"SKIP","floor":11},{"not_picked":["Hologram","Barrage"],"picked":"Buffer","floor":12},{"not_picked":["Beam Cell","Darkness"],"picked":"Coolheaded","floor":13},{"not_picked":["Cold Snap","Steam Power"],"picked":"Loop","floor":14},{"not_picked":["Multi-Cast","Machine Learning"],"picked":"Seek","floor":16},{"not_picked":["Sweeping Beam+1","Cold Snap"],"picked":"Hologram","floor":18},{"not_picked":["Turbo","Stack"],"picked":"Coolheaded","floor":20},{"not_picked":["Scrape","Ball Lightning","Reprogram"],"picked":"SKIP","floor":21},{"not_picked":["Melter","Cold Snap+1"],"picked":"Hologram+1","floor":22},{"not_picked":["Hologram","Conserve Battery"],"picked":"Creative AI","floor":25},{"not_picked":["Compile Driver","Reprogram","Aggregate"],"picked":"SKIP","floor":27},{"not_picked":["Streamline","Conserve Battery","Sweeping Beam"],"picked":"SKIP","floor":28},{"not_picked":["Go for the Eyes","Rebound"],"picked":"Core Surge","floor":30},{"not_picked":["Streamline","Steam+1","Turbo"],"picked":"SKIP","floor":31},{"not_picked":["Reboot","Core Surge"],"picked":"Echo Form","floor":33},{"not_picked":["Barrage+1","Beam Cell+1","Compile Driver+1"],"picked":"SKIP","floor":35},{"not_picked":["Sweeping Beam+1","Stack"],"picked":"Coolheaded","floor":39},{"not_picked":["Blizzard+1","Seek","Stack+1"],"picked":"SKIP","floor":41},{"not_picked":["Barrage+1","Steam","Rip and Tear"],"picked":"SKIP","floor":44},{"not_picked":["Redo","Steam+1"],"picked":"Coolheaded","floor":46},{"not_picked":["Undo","Rebound+1"],"picked":"Double Energy+1","floor":47},{"not_picked":["Melter+1","Compile Driver","Turbo"],"picked":"SKIP","floor":48}],"player_experience":515514,"relics_obtained":[{"floor":4,"key":"Bronze Scales"},{"floor":6,"key":"WingedGreaves"},{"floor":9,"key":"Meat on the Bone"},{"floor":12,"key":"War Paint"},{"floor":26,"key":"Ancient Tea Set"},{"floor":27,"key":"Bottled Tornado"},{"floor":28,"key":"Bottled Lightning"},{"floor":30,"key":"Blue Candle"},{"floor":41,"key":"Boot"},{"floor":43,"key":"Pantograph"},{"floor":48,"key":"Ornamental Fan"}],"event_choices":[{"damage_healed":0,"gold_gain":75,"player_choice":"Gather Gold","damage_taken":11,"max_hp_gain":0,"max_hp_loss":0,"event_name":"World of Goop","floor":3,"gold_loss":0},{"damage_healed":0,"gold_gain":0,"player_choice":"Got Potions","damage_taken":0,"max_hp_gain":0,"max_hp_loss":0,"event_name":"Lab","floor":8,"gold_loss":0},{"damage_healed":0,"gold_gain":0,"player_choice":"Embrace Madness","damage_taken":9,"max_hp_gain":0,"max_hp_loss":0,"event_name":"Winding Halls","floor":36,"gold_loss":0,"cards_obtained":["Madness","Madness"]},{"damage_healed":0,"gold_gain":0,"player_choice":"Rummage","damage_taken":0,"relics_obtained":["WarpedTongs"],"max_hp_gain":0,"max_hp_loss":0,"event_name":"Accursed Blacksmith","floor":37,"gold_loss":0,"cards_obtained":["Pain"]}],"is_beta":false,"boss_relics":[{"not_picked":["Calling Bell","Lizard Tail"],"picked":"Snecko Eye"},{"not_picked":["Black Star","Fusion Hammer"],"picked":"Inserter"}],"items_purged_floors":[19,38],"is_endless":false,"potions_floor_spawned":[1,5,11,12,16,18,21,25,27,30,33,41,46],"ascension_level":0}