{"gold_per_floor":[109,109,124,124,124,124,49,49,102,134,134,34,68,86,86,183,183,200,216,231,231,31,31,61,61,110,110,110,25,59,70,70,70],"floor_reached":33,"playtime":1779,"items_purged":["Regret","Defend_R","Decay"],"score":303,"play_id":"aff52743-e4ab-493a-8515-b37c885ceafb","local_time":"20181215142721","is_ascension_mode":true,"campfire_choices":[{"data":"Armaments","floor":6,"key":"SMITH"},{"data":"Battle Trance","floor":11,"key":"SMITH"},{"data":"Iron Wave","floor":15,"key":"SMITH"},{"data":"True Grit","floor":23,"key":"SMITH"},{"data":"RitualDagger","floor":28,"key":"SMITH"},{"data":"Rupture","floor":32,"key":"SMITH"}],"neow_cost":"PERCENT_DAMAGE","seed_source_timestamp":254387507372035,"circlet_count":0,"master_deck":["Strike_R","Strike_R","Strike_R","Strike_R","Defend_R","Armaments+1","Iron Wave","Battle Trance+1","Iron Wave+1","Decay","Clumsy","Iron Wave","Heavy Blade+1","Fire Breathing","Rupture+1","True Grit+1","Shrug It Off","Ghostly Armor","RitualDagger+1","Shrug It Off"],"relics":["Burning Blood","Oddly Smooth Stone","PreservedInsect","Anchor","Sundial","Pear","Calling Bell","Pen Nib","Ornamental Fan","StoneCalendar","Bag of Preparation","Centennial Puzzle","Letter Opener","Bottled Lightning"],"potions_floor_usage":[16,33,33,33],"damage_taken":[{"damage":1,"enemies":"Cultist","floor":1,"turns":4},{"damage":1,"enemies":"Jaw Worm","floor":3,"turns":5},{"damage":6,"enemies":"3 Sentries","floor":10,"turns":9},{"damage":1,"enemies":"Gremlin Nob","floor":13,"turns":3},{"damage":0,"enemies":"2 Louse","floor":14,"turns":2},{"damage":68,"enemies":"Hexaghost","floor":16,"turns":13},{"damage":8,"enemies":"Chosen","floor":18,"turns":6},{"damage":11,"enemies":"3 Byrds","floor":19,"turns":7},{"damage":9,"enemies":"Shelled Parasite and Fungi","floor":20,"turns":7},{"damage":32,"enemies":"Gremlin Leader","floor":24,"turns":7},{"damage":4,"enemies":"Slavers","floor":30,"turns":7},{"damage":0,"enemies":"Centurion and Healer","floor":31,"turns":9},{"damage":77,"enemies":"Automaton","floor":33,"turns":12}],"seed_played":"1470108500176336196","potions_obtained":[{"floor":1,"key":"Strength Potion"},{"floor":8,"key":"SkillPotion"},{"floor":8,"key":"Fire Potion"},{"floor":14,"key":"SpeedPotion"},{"floor":16,"key":"BloodPotion"}],"is_trial":false,"path_per_floor":["M","?","M","?","T","R","$","?","T","E","R","$","E","M","R","B",null,"M","M","M","?","$","R","E","?","T","?","R","?","E","M","R","B"],"character_chosen":"IRONCLAD","items_purchased":["True Grit","Shrug It Off"],"campfire_rested":0,"item_purchase_floors":[22,22],"current_hp_per_floor":[61,61,66,66,66,66,66,66,66,66,66,66,81,87,87,25,90,88,83,80,80,80,80,54,54,54,48,48,48,50,56,56,0],"gold":70,"neow_bonus":"REMOVE_TWO","is_prod":false,"is_daily":false,"chose_seed":false,"campfire_upgraded":6,"win_rate":1,"timestamp":1544880441,"path_taken":["M","?","?","?","?","R","$","?","T","E","R","$","E","M","R","BOSS","M","M","M","?","$","R","E","?","T","?","R","?","E","M","R","BOSS"],"build_version":"2018-12-13","purchased_purges":3,"victory":false,"max_hp_per_floor":[80,80,80,80,80,80,80,80,80,80,80,80,90,90,90,90,90,90,90,90,90,90,90,90,90,90,90,90,90,90,90,90,90],"card_choices":[{"not_picked":["Power Through","Rampage"],"picked":"Armaments","floor":1},{"not_picked":["Feel No Pain","Twin Strike"],"picked":"Iron Wave","floor":3},{"not_picked":["Clash","True Grit"],"picked":"Battle Trance","floor":10},{"not_picked":["Shockwave","Bludgeon"],"picked":"Iron Wave","floor":13},{"not_picked":["Sword Boomerang","Thunderclap","Twin Strike"],"picked":"SKIP","floor":14},{"not_picked":["Brutality","Dark Embrace"],"picked":"Berserk","floor":16},{"not_picked":["Hemokinesis+1","Burning Pact"],"picked":"Iron Wave","floor":18},{"not_picked":["Cleave","Perfected Strike+1"],"picked":"Heavy Blade+1","floor":19},{"not_picked":["Clash","Cleave","Feed"],"picked":"SKIP","floor":20},{"not_picked":["Feed","Feel No Pain"],"picked":"Ghostly Armor","floor":24},{"not_picked":["Reaper","Sword Boomerang","Shockwave+1"],"picked":"SKIP","floor":30},{"not_picked":["Pommel Strike","Twin Strike"],"picked":"Shrug It Off","floor":31}],"player_experience":2764,"relics_obtained":[{"floor":5,"key":"PreservedInsect"},{"floor":9,"key":"Anchor"},{"floor":10,"key":"Sundial"},{"floor":13,"key":"Pear"},{"floor":17,"key":"Pen Nib"},{"floor":17,"key":"Ornamental Fan"},{"floor":17,"key":"StoneCalendar"},{"floor":24,"key":"Bag of Preparation"},{"floor":26,"key":"Centennial Puzzle"},{"floor":30,"key":"Bottled Lightning"}],"event_choices":[{"cards_removed":["Defend_R"],"damage_healed":0,"gold_gain":0,"player_choice":"Purged","damage_taken":0,"max_hp_gain":0,"max_hp_loss":0,"event_name":"Purifier","floor":2,"gold_loss":0},{"damage_healed":0,"gold_gain":0,"player_choice":"Box","damage_taken":0,"relics_obtained":["Oddly Smooth Stone"],"max_hp_gain":0,"max_hp_loss":0,"event_name":"Big Fish","floor":4,"gold_loss":0,"cards_obtained":["Regret"]},{"damage_healed":0,"gold_gain":0,"player_choice":"Got Potions","damage_taken":0,"max_hp_gain":0,"max_hp_loss":0,"event_name":"Lab","floor":8,"gold_loss":0},{"damage_healed":0,"gold_gain":0,"cards_transformed":["Berserk","Defend_R"],"player_choice":"Became Test Subject","damage_taken":0,"max_hp_gain":0,"max_hp_loss":0,"event_name":"Drug Dealer","floor":21,"gold_loss":0,"cards_obtained":["Fire Breathing","Rupture"]},{"damage_healed":0,"gold_gain":0,"player_choice":"Ignored","damage_taken":0,"max_hp_gain":0,"max_hp_loss":0,"event_name":"Vampires","floor":25,"gold_loss":0},{"damage_healed":0,"gold_gain":0,"player_choice":"Joined the Cult","damage_taken":6,"max_hp_gain":0,"max_hp_loss":0,"event_name":"Nest","floor":27,"gold_loss":0,"cards_obtained":["RitualDagger"]},{"damage_healed":0,"gold_gain":0,"player_choice":"Obtained Relic","damage_taken":0,"relics_obtained":["Letter Opener"],"max_hp_gain":0,"max_hp_loss":0,"event_name":"Addict","floor":29,"gold_loss":85}],"is_beta":false,"boss_relics":[{"not_picked":["Fusion Hammer","Coffee Dripper"],"picked":"Calling Bell"}],"items_purged_floors":[7,12,22],"is_endless":false,"potions_floor_spawned":[1,14,16,18,19,30],"killed_by":"Automaton","ascension_level":1}