{"gold_per_floor":[110,60,60,60,73,73,104,114,140,158,217,217,248,548,548,649,649,659,319,319,330,240,270,270],"floor_reached":24,"playtime":1367,"items_purged":["Strike_B"],"score":283,"play_id":"4fddb836-a960-4b09-9637-78f3a1373e80","local_time":"20190218030303","is_ascension_mode":true,"campfire_choices":[{"data":"Compile Driver","floor":6,"key":"SMITH"},{"floor":15,"key":"REST"}],"neow_cost":"NONE","seed_source_timestamp":397796027375000,"circlet_count":0,"master_deck":["Defend_B","Defend_B+1","Defend_B","Defend_B+1","Zap","Dualcast","Capacitor","Compile Driver+1","Static Discharge+1","Sunder","Coolheaded","Conserve Battery","Creative AI","Glacier","Blizzard","Coolheaded","Coolheaded+1"],"relics":["Cracked Core","NeowsBlessing","PreservedInsect","Bag of Preparation","Tiny Chest","Orichalcum","Old Coin","Coffee Dripper","Art of War","Peace Pipe"],"potions_floor_usage":[16],"damage_taken":[{"damage":0,"enemies":"Jaw Worm","floor":1,"turns":1},{"damage":0,"enemies":"2 Louse","floor":5,"turns":1},{"damage":0,"enemies":"Gremlin Nob","floor":7,"turns":1},{"damage":0,"enemies":"Small Slimes","floor":8,"turns":3},{"damage":0,"enemies":"Gremlin Gang","floor":10,"turns":3},{"damage":14,"enemies":"Lagavulin","floor":11,"turns":5},{"damage":17,"enemies":"3 Sentries","floor":13,"turns":5},{"damage":31,"enemies":"Slime Boss","floor":16,"turns":11},{"damage":13,"enemies":"Spheric Guardian","floor":18,"turns":10},{"damage":4,"enemies":"3 Byrds","floor":21,"turns":5},{"damage":34,"enemies":"Slavers","floor":23,"turns":5},{"damage":16,"enemies":"Snecko","floor":24,"turns":13}],"seed_played":"-3360275802861327405","potions_obtained":[{"floor":1,"key":"LiquidBronze"},{"floor":5,"key":"Poison Potion"},{"floor":16,"key":"Strength Potion"},{"floor":18,"key":"Fire Potion"}],"is_trial":false,"path_per_floor":["M","?","?","?","M","R","E","M","T","M","E","?","E","T","R","B",null,"M","$","?","M","?","E","M"],"character_chosen":"DEFECT","items_purchased":["Art of War","Glacier","Blizzard"],"campfire_rested":1,"item_purchase_floors":[19,19,19],"current_hp_per_floor":[75,75,68,53,53,53,53,53,53,53,39,39,22,22,44,13,75,62,62,48,44,44,10,0],"gold":270,"neow_bonus":"THREE_ENEMY_KILL","is_prod":false,"is_daily":false,"chose_seed":false,"campfire_upgraded":1,"win_rate":0,"timestamp":1550455383,"path_taken":["M","?","?","?","M","R","E","?","T","M","E","?","E","?","R","BOSS","M","$","?","M","?","E","?"],"build_version":"2019-01-23","purchased_purges":1,"victory":false,"max_hp_per_floor":[75,75,75,75,75,75,75,75,75,75,75,75,75,75,75,75,75,75,75,80,80,80,80,80],"card_choices":[{"not_picked":["Go for the Eyes","Skim"],"picked":"Capacitor","floor":1},{"not_picked":["Gash","Double Energy"],"picked":"Compile Driver","floor":5},{"not_picked":["Redo","Core Surge"],"picked":"Static Discharge","floor":7},{"not_picked":["Steam","Auto Shields"],"picked":"Sunder","floor":8},{"not_picked":["Leap","Streamline"],"picked":"Coolheaded","floor":10},{"not_picked":["Capacitor","Tempest","Redo"],"picked":"SKIP","floor":11},{"not_picked":["Scrape","Double Energy"],"picked":"Conserve Battery","floor":13},{"not_picked":["Rainbow","Core Surge"],"picked":"Creative AI","floor":16},{"not_picked":["Barrage+1","Gash","Tempest+1"],"picked":"SKIP","floor":18},{"not_picked":["Sweeping Beam+1","Ball Lightning"],"picked":"Coolheaded","floor":21},{"not_picked":["Rip and Tear","Conserve Battery"],"picked":"Coolheaded+1","floor":23}],"player_experience":482111,"relics_obtained":[{"floor":7,"key":"PreservedInsect"},{"floor":9,"key":"Bag of Preparation"},{"floor":11,"key":"Tiny Chest"},{"floor":13,"key":"Orichalcum"},{"floor":14,"key":"Old Coin"},{"floor":23,"key":"Peace Pipe"}],"event_choices":[{"cards_removed":["Strike_B"],"damage_healed":0,"gold_gain":0,"player_choice":"Card Removal","damage_taken":0,"max_hp_gain":0,"max_hp_loss":0,"event_name":"The Cleric","floor":2,"gold_loss":50},{"cards_removed":["Strike_B"],"damage_healed":0,"gold_gain":0,"player_choice":"Card Removal","damage_taken":7,"max_hp_gain":0,"max_hp_loss":0,"event_name":"Golden Wing","floor":3,"gold_loss":0},{"damage_healed":0,"gold_gain":0,"player_choice":"Entered Light","damage_taken":15,"max_hp_gain":0,"max_hp_loss":0,"event_name":"Shining Light","floor":4,"gold_loss":0,"cards_upgraded":["Defend_B","Defend_B"]},{"damage_healed":0,"gold_gain":0,"player_choice":"Ignored","damage_taken":0,"max_hp_gain":0,"max_hp_loss":0,"event_name":"Liars Game","floor":12,"gold_loss":0},{"damage_healed":0,"gold_gain":0,"player_choice":"Shed Blood","damage_taken":19,"max_hp_gain":5,"max_hp_loss":0,"event_name":"Forgotten Altar","floor":20,"gold_loss":0},{"cards_removed":["Strike_B"],"damage_healed":0,"gold_gain":0,"player_choice":"Upgrade and Remove","damage_taken":0,"max_hp_gain":0,"max_hp_loss":0,"event_name":"Designer","floor":22,"gold_loss":90,"cards_upgraded":["Static Discharge"]}],"is_beta":false,"boss_relics":[{"not_picked":["Calling Bell","Ectoplasm"],"picked":"Coffee Dripper"}],"items_purged_floors":[19],"is_endless":false,"potions_floor_spawned":[1,5,16,18,21],"killed_by":"Snecko","ascension_level":2}