{"gold_per_floor":[219,72,72,89,89,89,100,120,169,244,275,275,287,303,303,406,406,424,436,28,28,28,28,46,46,46,65,76,76],"floor_reached":29,"playtime":1526,"items_purged":["Strike_B","Strike_B"],"score":252,"play_id":"9d92a603-bcfd-4981-9120-3e3e89834217","local_time":"20190218064124","is_ascension_mode":false,"campfire_choices":[{"data":"Loop","floor":6.0,"key":"SMITH"},{"data":"Loop","floor":15.0,"key":"SMITH"},{"data":"Creative AI","floor":23.0,"key":"SMITH"},{"data":"Hologram","floor":25.0,"key":"SMITH"}],"neow_cost":"NONE","seed_source_timestamp":0,"circlet_count":0,"master_deck":["Defend_B","Defend_B","Defend_B","Defend_B","Zap","Dualcast","Loop+1","Leap","Loop+1","Conserve Battery","Leap","Consume","Sunder","Creative AI+1","Hologram+1","Coolheaded","Fusion"],"special_seed":0,"relics":["Cracked Core","Orichalcum","Smiling Mask","Symbiotic Virus","Snecko Eye","Runic Capacitor","DataDisk","Pear"],"potions_floor_usage":[],"damage_taken":[{"damage":0.0,"enemies":"2 Louse","floor":1.0,"turns":2.0},{"damage":3.0,"enemies":"Small Slimes","floor":4.0,"turns":3.0},{"damage":4.0,"enemies":"Jaw Worm","floor":7.0,"turns":5.0},{"damage":5.0,"enemies":"Looter","floor":8.0,"turns":4.0},{"damage":1.0,"enemies":"Lagavulin","floor":11.0,"turns":7.0},{"damage":2.0,"enemies":"Blue Slaver","floor":13.0,"turns":4.0},{"damage":18.0,"enemies":"Gremlin Gang","floor":14.0,"turns":7.0},{"damage":5.0,"enemies":"The Guardian","floor":16.0,"turns":7.0},{"damage":19.0,"enemies":"3 Byrds","floor":18.0,"turns":4.0},{"damage":12.0,"enemies":"Shell Parasite","floor":19.0,"turns":6.0},{"damage":15.0,"enemies":"Snake Plant","floor":24.0,"turns":4.0},{"damage":12.0,"enemies":"Cultist and Chosen","floor":27.0,"turns":6.0},{"damage":5.0,"enemies":"Snecko","floor":28.0,"turns":27.0}],"seed_played":"-4732312593716619939","potions_obtained":[{"floor":1.0,"key":"SpeedPotion"},{"floor":14.0,"key":"Ancient Potion"},{"floor":18.0,"key":"Weak Potion"},{"floor":24.0,"key":"SkillPotion"}],"is_trial":false,"path_per_floor":["M","$","?","M","?","R","M","M","T","?","E","T","M","M","R","B",null,"M","M","$","?","?","R","M","R","T","M","M","R"],"character_chosen":"DEFECT","items_purchased":["Loop","Runic Capacitor","DataDisk"],"campfire_rested":0,"item_purchase_floors":[2,20,20],"current_hp_per_floor":[75,75,68,65,65,65,61,56,56,45,44,44,42,24,24,19,75,56,44,44,44,44,44,29,29,39,27,22,22],"gold":76,"neow_bonus":"HUNDRED_GOLD","is_prod":false,"is_daily":false,"chose_seed":false,"campfire_upgraded":4,"win_rate":0,"timestamp":1550468484,"path_taken":["M","$","?","M","?","R","M","M","T","?","E","?","?","M","R","BOSS","M","M","$","?","?","R","?","R","T","?","M","R"],"build_version":"2019-01-23","purchased_purges":2,"victory":false,"max_hp_per_floor":[75,75,75,75,75,75,75,75,75,75,75,75,75,75,75,75,75,75,75,75,75,75,75,75,75,85,85,85,85],"card_choices":[{"not_picked":["Streamline","Static Discharge","Go for the Eyes"],"picked":"SKIP","floor":1.0},{"not_picked":["Beam Cell","Darkness"],"picked":"Leap","floor":4.0},{"not_picked":["Reprogram","Storm"],"picked":"Loop","floor":7.0},{"not_picked":["Steam","FTL"],"picked":"Conserve Battery","floor":8.0},{"not_picked":["Streamline","Self Repair"],"picked":"Leap","floor":11.0},{"not_picked":["Go for the Eyes","Gash"],"picked":"Consume","floor":13.0},{"not_picked":["Ball Lightning","Sweeping Beam"],"picked":"Sunder","floor":14.0},{"not_picked":["Buffer","Seek"],"picked":"Creative AI","floor":16.0},{"not_picked":["Fusion","Rebound","Redo"],"picked":"SKIP","floor":18.0},{"not_picked":["Compile Driver+1","Rebound+1","Double Energy"],"picked":"SKIP","floor":19.0},{"not_picked":["Compile Driver+1","Reboot"],"picked":"Hologram","floor":24.0},{"not_picked":["Defragment","Gash+1"],"picked":"Coolheaded","floor":27.0},{"not_picked":["Stack","Doom and Gloom"],"picked":"Fusion","floor":28.0}],"player_experience":483478,"relics_obtained":[{"floor":9.0,"key":"Orichalcum"},{"floor":11.0,"key":"Smiling Mask"},{"floor":12.0,"key":"Symbiotic Virus"},{"floor":26.0,"key":"Pear"}],"event_choices":[{"cards_removed":["Strike_B"],"damage_healed":0.0,"max_hp_gain":0.0,"max_hp_loss":0.0,"gold_gain":0.0,"event_name":"Golden Wing","player_choice":"Card Removal","floor":3.0,"gold_loss":0.0,"damage_taken":7.0},{"damage_healed":0.0,"max_hp_gain":0.0,"max_hp_loss":0.0,"gold_gain":0.0,"event_name":"Liars Game","player_choice":"Ignored","floor":5.0,"gold_loss":0.0,"damage_taken":0.0},{"damage_healed":0.0,"max_hp_gain":0.0,"max_hp_loss":0.0,"gold_gain":75.0,"event_name":"World of Goop","player_choice":"Gather Gold","floor":10.0,"gold_loss":0.0,"damage_taken":11.0},{"cards_removed":["Strike_B"],"damage_healed":0.0,"max_hp_gain":0.0,"max_hp_loss":0.0,"gold_gain":0.0,"event_name":"Back to Basics","player_choice":"Elegance","floor":21.0,"gold_loss":0.0,"damage_taken":0.0},{"damage_healed":0.0,"max_hp_gain":0.0,"max_hp_loss":0.0,"gold_gain":0.0,"event_name":"NoteForYourself","player_choice":"Ignored","floor":22.0,"gold_loss":0.0,"damage_taken":0.0}],"is_beta":false,"boss_relics":[{"not_picked":["White Beast Statue","Runic Dome"],"picked":"Snecko Eye"}],"items_purged_floors":[2,20],"is_endless":false,"potions_floor_spawned":[1,14,18,24,27],"ascension_level":0}