{"gold_per_floor":[318,169,169,189,202,232,307,307,307,321,271,271,283,300,300,405,405,422,404,140,15,15,15,48,48,48,48,58,70,83,83],"floor_reached":31,"playtime":1593,"items_purged":["Defend_R","Doubt","Dark Embrace"],"score":257,"play_id":"e6e9f203-aff3-490c-bb1a-ca50b9d59543","local_time":"20190215031357","is_ascension_mode":false,"campfire_choices":[{"floor":8,"key":"REST"},{"floor":15,"key":"REST"},{"floor":23,"key":"REST"},{"floor":25,"key":"REST"}],"neow_cost":"NO_GOLD","seed_source_timestamp":63657455055776,"circlet_count":0,"master_deck":["Strike_R","Strike_R","Strike_R","Strike_R","Strike_R","Defend_R","Bash","Clash","Rampage","Dual Wield","Rampage","Twin Strike","Shrug It Off","Bash","Good Instincts","Clash","Warcry","Headbutt","Master of Strategy","Perfected Strike+1","Pommel Strike"],"relics":["Burning Blood","Old Coin","Kunai","Lantern","Bronze Scales","Paper Frog"],"potions_floor_usage":[16,16,24,28,29,31],"damage_taken":[{"damage":5,"enemies":"Jaw Worm","floor":1,"turns":5},{"damage":7,"enemies":"2 Louse","floor":4,"turns":2},{"damage":0,"enemies":"Cultist","floor":5,"turns":2},{"damage":14,"enemies":"Gremlin Nob","floor":6,"turns":3},{"damage":3,"enemies":"Lots of Slimes","floor":10,"turns":3},{"damage":18,"enemies":"Exordium Wildlife","floor":13,"turns":4},{"damage":10,"enemies":"Looter","floor":14,"turns":3},{"damage":4,"enemies":"Slime Boss","floor":16,"turns":6},{"damage":18,"enemies":"3 Byrds","floor":18,"turns":6},{"damage":35,"enemies":"2 Thieves","floor":19,"turns":4},{"damage":42,"enemies":"Slavers","floor":24,"turns":4},{"damage":46,"enemies":"Shelled Parasite and Fungi","floor":28,"turns":5},{"damage":0,"enemies":"Snake Plant","floor":29,"turns":2},{"damage":20,"enemies":"Sentry and Sphere","floor":30,"turns":4},{"damage":19,"enemies":"Gremlin Leader","floor":31,"turns":4}],"seed_played":"827937965849328120","potions_obtained":[{"floor":4,"key":"Weak Potion"},{"floor":14,"key":"Fire Potion"},{"floor":16,"key":"Regen Potion"},{"floor":18,"key":"Explosive Potion"},{"floor":19,"key":"Strength Potion"},{"floor":24,"key":"Explosive Potion"}],"is_trial":false,"path_per_floor":["M","$","?","M","M","E","?","R","T","M","?","?","M","M","R","B",null,"M","M","$","$","?","R","E","R","T","?","M","M","M","E"],"character_chosen":"IRONCLAD","items_purchased":["Rampage","Master of Strategy"],"campfire_rested":4,"item_purchase_floors":[2,20],"current_hp_per_floor":[80,80,80,79,80,72,61,80,80,80,80,80,68,64,80,80,80,68,39,39,39,39,63,27,51,51,51,20,26,12,0],"gold":83,"neow_bonus":"ONE_RARE_RELIC","is_prod":false,"is_daily":false,"chose_seed":false,"campfire_upgraded":0,"win_rate":0.0,"timestamp":1550168037,"path_taken":["M","$","?","M","M","E","?","R","T","M","?","?","M","M","R","BOSS","M","?","?","$","?","R","E","R","T","?","M","M","?","E"],"build_version":"2019-01-23","purchased_purges":3,"victory":false,"max_hp_per_floor":[80,80,80,80,80,80,80,80,80,80,80,80,80,80,80,80,80,80,80,80,80,80,80,80,80,80,80,80,80,80,80],"card_choices":[{"not_picked":["Wild Strike","Sever Soul"],"picked":"Clash","floor":1},{"not_picked":["Rage","Sever Soul"],"picked":"Dual Wield","floor":4},{"not_picked":["Fire Breathing","True Grit"],"picked":"Rampage","floor":5},{"not_picked":["Clash","Anger"],"picked":"Twin Strike","floor":6},{"not_picked":["Uppercut","Armaments"],"picked":"Shrug It Off","floor":10},{"not_picked":["Corruption","Hemokinesis"],"picked":"Clash","floor":13},{"not_picked":["Corruption","Flex","Infernal Blade"],"picked":"SKIP","floor":14},{"not_picked":["Wild Strike","Flex"],"picked":"Warcry","floor":18},{"not_picked":["Fire Breathing+1","Evolve"],"picked":"Headbutt","floor":19},{"not_picked":["Armaments","Demon Form","Thunderclap"],"picked":"SKIP","floor":24},{"not_picked":["Corruption","Body Slam","Flex+1"],"picked":"SKIP","floor":28},{"not_picked":["Iron Wave","Wild Strike+1"],"picked":"Pommel Strike","floor":29},{"not_picked":["Clothesline","Spot Weakness+1","True Grit"],"picked":"SKIP","floor":30}],"player_experience":18995,"relics_obtained":[{"floor":6,"key":"Kunai"},{"floor":9,"key":"Lantern"},{"floor":24,"key":"Bronze Scales"},{"floor":26,"key":"Paper Frog"}],"event_choices":[{"cards_removed":["Defend_R"],"damage_healed":0,"gold_gain":0,"player_choice":"Forget","damage_taken":0,"max_hp_gain":0,"max_hp_loss":0,"event_name":"Living Wall","floor":3,"gold_loss":0},{"damage_healed":0,"gold_gain":75,"player_choice":"Gather Gold","damage_taken":11,"max_hp_gain":0,"max_hp_loss":0,"event_name":"World of Goop","floor":7,"gold_loss":0},{"cards_removed":["Defend_R"],"damage_healed":0,"gold_gain":0,"player_choice":"Card Removal","damage_taken":0,"max_hp_gain":0,"max_hp_loss":0,"event_name":"The Cleric","floor":11,"gold_loss":50},{"damage_healed":0,"gold_gain":0,"player_choice":"4 cards matched","damage_taken":0,"max_hp_gain":0,"max_hp_loss":0,"event_name":"Match and Keep!","floor":12,"gold_loss":0,"cards_obtained":["Bash","Good Instincts","Dark Embrace","Doubt"]},{"damage_healed":0,"gold_gain":0,"player_choice":"Read","damage_taken":0,"max_hp_gain":0,"max_hp_loss":0,"event_name":"The Library","floor":22,"gold_loss":0,"cards_obtained":["Perfected Strike"]},{"damage_healed":0,"gold_gain":0,"player_choice":"Upgraded","damage_taken":0,"max_hp_gain":0,"max_hp_loss":0,"event_name":"Upgrade Shrine","floor":27,"gold_loss":0,"cards_upgraded":["Perfected Strike"]}],"is_beta":false,"boss_relics":[{"not_picked":["Ectoplasm","Calling Bell","Runic Dome"]}],"items_purged_floors":[2,20,21],"is_endless":false,"potions_floor_spawned":[4,14,16,18,19,24],"killed_by":"Gremlin Leader","ascension_level":0}