{"gold_per_floor":[115,135,135,147,147,177,141,159,159,159,182,201,201,211,211,311,311,329,66,66,66,79,112,138,138],"floor_reached":25,"playtime":2208,"items_purged":[],"score":232,"play_id":"f1e83891-4ffb-4f27-a3bd-d3f02994d16d","local_time":"20180809190835","is_ascension_mode":true,"campfire_choices":[{"floor":10,"key":"REST"},{"data":"Terror","floor":13,"key":"SMITH"},{"data":"Neutralize","floor":15,"key":"SMITH"}],"neow_cost":"NONE","seed_source_timestamp":25973781624543,"circlet_count":0,"master_deck":["Defend_G","Defend_G","Defend_G+1","Defend_G","Defend_G","Strike_G","Strike_G","Strike_G","Strike_G","Strike_G","Survivor","Neutralize+1","Underhanded Strike+1","Dagger Throw","All Out Attack","Terror+1","Underhanded Strike","Slice","Backstab","Quick Slash","Bullet Time","Blade Dance","Poisoned Stab","Quick Slash","Slice","Flying Knee+1"],"relics":["Ring of the Snake","Ice Cream","Bottled Flame","Snake Skull","WristBlade","Frozen Egg 2","Question Card","Red Mask"],"potions_floor_usage":[8,24,24,25],"damage_taken":[{"damage":2,"enemies":"Jaw Worm","floor":1,"turns":4},{"damage":4,"enemies":"Cultist","floor":2,"turns":3},{"damage":0,"enemies":"2 Louse","floor":4,"turns":2},{"damage":21,"enemies":"Lagavulin","floor":6,"turns":7},{"damage":2,"enemies":"Lots of Slimes","floor":8,"turns":2},{"damage":1,"enemies":"Blue Slaver","floor":12,"turns":2},{"damage":0,"enemies":"Looter","floor":14,"turns":2},{"damage":22,"enemies":"Hexaghost","floor":16,"turns":9},{"damage":0,"enemies":"Spheric Guardian","floor":18,"turns":1},{"damage":7,"enemies":"3 Byrds","floor":22,"turns":4},{"damage":30,"enemies":"Slavers","floor":23,"turns":6},{"damage":0,"floor":24,"turns":2},{"damage":33,"enemies":"Book of Stabbing","floor":25,"turns":3}],"seed_played":"-7463222495069121474","potions_obtained":[{"floor":2,"key":"Strength Potion"},{"floor":12,"key":"Strength Potion"},{"floor":18,"key":"Strength Potion"},{"floor":24,"key":"EntropicBrew"}],"is_trial":false,"path_per_floor":["M","M","?","M","$","E","?","M","T","R","T","M","R","M","R","B",null,"M","$","?","?","M","E","?"],"character_chosen":"THE_SILENT","items_purchased":["Frozen Egg 2","Poisoned Stab"],"campfire_rested":1,"item_purchase_floors":[19,19],"current_hp_per_floor":[68,64,50,50,50,29,29,27,27,48,48,47,47,47,47,25,70,70,70,70,70,63,33,33,0],"gold":138,"neow_bonus":"THREE_CARDS","is_prod":false,"is_daily":false,"chose_seed":false,"campfire_upgraded":2,"win_rate":0,"timestamp":1533866915,"path_taken":["M","M","?","?","$","E","?","M","T","R","?","M","R","M","R","BOSS","M","$","?","?","M","E","?","E"],"build_version":"2018-08-02","purchased_purges":0,"victory":false,"max_hp_per_floor":[70,70,70,70,70,70,70,70,70,70,70,70,70,70,70,70,70,70,70,70,70,70,70,70,70],"card_choices":[{"not_picked":["Backflip","All Out Attack"],"picked":"Underhanded Strike","floor":0},{"not_picked":["Bane","Cloak And Dagger"],"picked":"Dagger Throw","floor":1},{"not_picked":["Infinite Blades","Setup"],"picked":"All Out Attack","floor":2},{"not_picked":["PiercingWail","Acrobatics"],"picked":"Terror","floor":4},{"not_picked":["Dagger Throw","Dagger Spray"],"picked":"Underhanded Strike","floor":6},{"not_picked":["Dodge and Roll","PiercingWail"],"picked":"Slice","floor":8},{"not_picked":["Slice","Grand Finale"],"picked":"Backstab","floor":12},{"not_picked":["Blade Dance","Sucker Punch"],"picked":"Quick Slash","floor":14},{"not_picked":["Venomology","Glass Knife"],"picked":"Bullet Time","floor":16},{"not_picked":["Predator","Eviscerate"],"picked":"Blade Dance","floor":18},{"not_picked":["Deflect","PiercingWail"],"picked":"Quick Slash","floor":22},{"not_picked":["Leg Sweep","Predator"],"picked":"Slice","floor":23},{"not_picked":["Calculated Gamble","Escape Plan+1","Tools of the Trade+1"],"picked":"Flying Knee+1","floor":24}],"player_experience":321923,"relics_obtained":[{"floor":6,"key":"Ice Cream"},{"floor":9,"key":"Bottled Flame"},{"floor":11,"key":"Snake Skull"},{"floor":23,"key":"Question Card"},{"floor":24,"key":"Red Mask"}],"event_choices":[{"event_name":"Shining Light","player_choice":"Entered Light","floor":3,"damage_taken":0},{"event_name":"World of Goop","player_choice":"Left","floor":7,"damage_taken":0},{"event_name":"Accursed Blacksmith","player_choice":"Ignore","floor":20,"damage_taken":0},{"event_name":"Ghosts","player_choice":"Ignored","floor":21,"damage_taken":0},{"event_name":"Masked Bandits","player_choice":"Fought over 112 gold","floor":24,"damage_taken":0}],"is_beta":false,"boss_relics":[{"not_picked":["Cursed Key","Runic Dome"],"picked":"WristBlade"}],"items_purged_floors":[],"is_endless":false,"potions_floor_spawned":[2,12,18,24],"killed_by":"Book of Stabbing","ascension_level":1}