{"path_per_floor":["M","$","M","?","?","R","M","R","T","M","M","?","M","M","R"],"character_chosen":"IRONCLAD","items_purchased":["Dropkick"],"gold_per_floor":[110,34,44,44,44,44,59,59,59,79,92,342,359,369,369,369],"floor_reached":16,"campfire_rested":1,"playtime":579,"item_purchase_floors":[2],"current_hp_per_floor":[37,37,45,45,29,29,29,29,29,25,13,13,12,17,43,0],"items_purged":[],"gold":369,"score":141,"play_id":"e1c44e3c-be39-4ce4-98f3-f9e37d477394","local_time":"20180525181949","is_prod":false,"is_daily":false,"chose_seed":false,"is_ascension_mode":true,"campfire_upgraded":2,"win_rate":0,"timestamp":1527265189,"campfire_choices":[{"data":"True Grit","floor":6,"key":"SMITH"},{"data":"Bash","floor":8,"key":"SMITH"},{"floor":15,"key":"REST"}],"path_taken":["M","$","M","?","?","R","M","R","T","M","M","?","?","M","R","BOSS"],"build_version":"2018-05-24","seed_source_timestamp":507646325032663,"purchased_purges":0,"victory":false,"master_deck":["Strike_R","Strike_R","Strike_R","Strike_R+1","Strike_R+1","Defend_R","Defend_R","Defend_R","Defend_R","Bash+1","AscendersBane","Dropkick","Dropkick","True Grit+1","Decay","Rage","Regret","Feed"],"max_hp_per_floor":[80,80,80,80,80,80,80,80,80,82,82,82,82,87,87,87],"relics":["Burning Blood","Magic Flower","Singing Bowl"],"card_choices":[{"not_picked":["Wild Strike","Shrug It Off"],"picked":"Dropkick","floor":1},{"not_picked":["Clothesline","Heavy Blade"],"picked":"True Grit","floor":3},{"not_picked":["Sever Soul","Clothesline","Heavy Blade"],"picked":"SKIP","floor":7},{"not_picked":["Body Slam","Second Wind","Clash"],"picked":"Singing Bowl","floor":10},{"not_picked":["Sword Boomerang","Cleave"],"picked":"Rage","floor":11},{"not_picked":["Disarm","Cleave"],"picked":"Feed","floor":13},{"not_picked":["Sever Soul","Cleave","Battle Trance"],"picked":"Singing Bowl","floor":14}],"player_experience":195787,"potions_floor_usage":[10,13],"damage_taken":[{"damage":8,"enemies":"2 Louse","floor":1,"turns":3},{"damage":1,"enemies":"Cultist","floor":3,"turns":3},{"damage":9,"enemies":"Jaw Worm","floor":7,"turns":2},{"damage":27,"enemies":"Lots of Slimes","floor":10,"turns":7},{"damage":21,"enemies":"Large Slime","floor":11,"turns":7},{"damage":10,"enemies":"Exordium Thugs","floor":13,"turns":4},{"damage":11,"enemies":"3 Louse","floor":14,"turns":4},{"damage":72,"enemies":"Slime Boss","floor":16,"turns":8}],"relics_obtained":[{"floor":9,"key":"Singing Bowl"}],"event_choices":[{"event_name":"Wheel of Change","player_choice":"Curse","floor":4,"damage_taken":0},{"event_name":"Shining Light","player_choice":"Entered Light","floor":5,"damage_taken":0},{"event_name":"Golden Shrine","player_choice":"Desecrate","floor":12,"damage_taken":0}],"boss_relics":[],"items_purged_floors":[],"potions_floor_spawned":[7,10,14],"seed_played":"-1258950874653759491","killed_by":"Slime Boss","ascension_level":10,"potions_obtained":[{"floor":7,"key":"BloodPotion"},{"floor":10,"key":"SkillPotion"},{"floor":14,"key":"FairyPotion"}],"is_trial":false}